1926 3051
72 128 126 158 525

596 129 778 156 EXPOSlTlO
798 128 829 156 ΙΝ
851 128 1017 155 PSALMUM
1037 127 1166 155 CXXXV.

1641 127 1692 155 520

71 195 148 222 ριον.
168 186 227 214 Ἔτι
241 185 289 212 καὶ
304 182 381 217 οὗτος
397 185 451 216 τοῖς
465 185 650 220 εἰσαγομένοις
665 185 773 219 λέγεται
790 184 858 219 ψαλ

916 192 982 210 num.
1005 183 1054 211 llic
1068 191 1176 218 quoque
1197 183 1317 218 psalmus
1341 182 1451 210 initiatis
1468 182 1576 214 dicitur,
1594 181 1693 216 jubcns

74 232 137 265 μὺς,
162 231 428 267 παρακελευόμενος,
446 231 549 256 Αἰνεῖτε
577 230 623 256 τὸν
644 229 720 256 Θεὸν.
743 229 780 255 Τὸ
794 228 858 264 γὰρ,

73 276 223 311 (tunica,
245 276 436 312 ἑρμηνεύεται,
450 275 569 307 αὶνεῖτε,
584 275 614 302 τὸ
629 275 667 307 δὲ,
681 275 721 307 la,
737 275 784 300 τὸν
804 275 860 301 Κύ-

75 331 145 358 ριον.

110 369 223 396 Αἰνεῖτε
236 368 289 395 τὸν
307 368 429 402 Κύριον,
452 367 496 394 ὅτι
519 367 628 402 ἀγαθὸς
653 366 779 400 Κύριος·
802 365 859 400 ψά-

73 416 148 441 λατε
166 414 205 447 τῷ
220 415 342 448 ὀνόματι
366 413 469 445 αὐτοῦ,
487 413 531 439 ὅτι
551 414 655 440 καλόν.
678 413 795 439 Ψάλλειν
810 413 860 438 αὑ-

73 460 139 492 τοὺς
166 459 359 495 προτρέπεται,
380 459 425 494 ἀφ’
454 455 491 486 ὧν
514 459 563 494 ἤδη
586 459 633 484 καὶ
655 458 747 494 ἕτερον
767 459 795 484 ἐν
812 458 859 484 Λί-

74 506 172 540 γύπτῳ
187 506 473 542 εἰδωλολατρήσαντες.
489 502 567 532 Οὗτοι
585 505 614 531 δὲ
629 503 698 540 ἦσαν
714 505 739 531 οἰ
756 504 785 538 ἐξ
807 505 859 530 Ία-

75 551 146 579 κώὸ.
164 552 332 587 Ἐκλήθησαν
344 552 371 578 δὲ
387 554 427 584 εἰς
439 552 468 578 τὸ
477 552 570 587 ὑμνεῖν
581 551 626 577 τὸν
639 551 714 577 Θεὸν.
736 550 860 584 Ἰσραὴλ

75 599 122 630 εἰς
137 598 373 632 περιουσιασμὸν
387 597 491 630 ἑαυτῷ.
520 597 592 623 ’Λντὶ
605 596 662 629 τοῦ,
678 596 829 632 ἐξαίρετον·
846 597 860 622 ὁ

74 644 132 678 γὰρ
148 643 300 679 διορατικὸς
318 643 379 675 νοῦς
395 645 467 670 ἐστιν
489 643 606 678 Ἰσραήλ.

108 690 172 716 ’Ότι
185 690 242 724 ἐγὼ
256 691 362 725 ἔγνων,
379 690 423 717 ὅτι
441 690 534 725 μέγας
556 689 674 724 Κύριος,
692 689 740 715 καὶ
761 691 778 716 ὁ
800 688 859 715 Κύ-

67 744 137 769 ριος
150 735 234 770 ἡμῶν
249 736 329 770 παρὰ
342 736 456 769 πάντας
470 736 540 768 τοὺς
559 736 656 768 θεοὺς.
673 735 739 761 Ἀπὸ
753 735 801 769 τῆς
817 735 861 770 δη-

73 783 241 818 μιουργικῆς
255 782 396 818 δυνάμεως
406 783 525 816 ἔγνωκεν
542 783 622 808 αὑτὸν
639 781 752 818 Κύριον.

113 831 164 856 Ἐν
180 829 243 862 ταῖς
262 829 431 862 θαλάσσαις
447 829 496 856 καὶ
516 829 550 856 ἐν
569 828 681 862 πάσαις
702 828 858 861 ἀϐύσσοις.

911 228 1021 255 laudare
1033 228 1128 256 Deum.
1142 227 1209 255 Nam
1226 229 1302 261 illud,
1316 228 1407 260 allelu,
1420 229 1622 263 interpretatur,
1635 229 1694 257 lau-

911 274 983 306 date,
1000 274 1066 302 illud
1077 279 1179 308 autem,
1195 275 1232 307 ia,
1248 273 1403 301 Dominum.

946 365 972 391 5.
987 364 1107 391 Laudato
1124 364 1272 397 Dominum,
1289 366 1352 400 quia
1365 366 1445 392 bonus
1462 365 1606 393 Dominus:
1619 366 1694 401 psal-

910 409 956 436 lite
979 411 1078 436 nomini
1104 410 1158 445 ejus
1182 411 1306 445 quoniam
1332 419 1419 438 suave.
1440 411 1569 440 Hortatur
1588 420 1635 440 eos
1661 412 1694 439 ad

909 456 1091 490 psallendum,
1108 457 1155 491 qui
1173 456 1237 483 olim
1256 456 1282 483 in
1298 456 1414 492 {Egypto
1437 457 1595 485 idololatriae
1611 458 1694 485 dediti

911 501 1027 528 fuerant.
1041 501 1073 528 Hi
1084 507 1173 529 autem
1190 507 1268 529 erant
1280 502 1373 530 Jacobi
1391 504 1501 537 posteri.
1516 503 1610 531 Vocati
1630 509 1694 531 sunt

910 552 999 574 autem
1013 547 1047 574 ad
1059 547 1142 574 Deum
1155 547 1263 582 hymnis
1278 548 1481 576 celebrandum.
1496 547 1582 574 Israel
1594 549 1621 574 in
1632 556 1693 583 pos-

911 594 1050 620 sessionem
1070 594 1130 621 sibi.
1160 593 1244 627 Quasi
1271 594 1361 624 dicat.
1390 594 1525 628 electum;
1551 595 1694 630 perspicax

910 639 982 666 enim
1001 648 1077 667 mens
1090 639 1171 667 Israel
1187 645 1237 667 est.

946 685 972 712 5.
987 685 1057 717 Quiu
1071 694 1117 720 ego
1134 686 1239 720 cognovi
1254 687 1322 720 quod
1337 694 1444 721 magnus
1463 691 1501 713 est
1520 687 1657 721 Dominus,
1668 692 1694 715 ct

913 730 1040 758 Dominus
1059 736 1147 758 noster
1165 739 1219 766 pra:
1232 732 1350 759 omnibus
1363 732 1426 759 diis.
1438 732 1459 759 A
1471 733 1599 760 creatrice
1611 732 1694 760 iacui.

911 781 964 804 tate
979 777 1051 804 novit
1064 777 1152 812 ipsum
1167 785 1227 805 esse
1241 777 1395 804 Dominum.
1568 775 1576 781 ’

946 823 973 856 6,
987 822 1012 850 7.
1027 821 1061 849 1η
1073 823 1141 850 mari
1152 828 1177 850 et
1197 824 1224 850 in
1239 824 1358 850 erunibus
1374 825 1484 859 abyssis.
1505 824 1623 852 Educens
1643 834 1692 852 nu-

77 875 207 910 Ἀνάτων
221 875 351 910 νεφέλας
363 876 398 907 ἐξ
413 875 551 910 ἐσχάτων
562 874 616 909 τῆς
632 875 699 910 γῆς.
713 874 798 901 Τοῦτό
812 883 858 909 φη-

916 867 953 894 bes
976 867 1007 894 ab
1028 869 1149 895 extremis
1169 873 1254 896 teri-te.
1274 867 1332 896 Hoc
1353 869 1400 901 ait,
1418 870 1482 905 quia
1503 875 1601 898 terram
1618 875 1694 898 exte-

71 929 126 951 σιν,
141 921 234 957 ἐπειδὴ
251 921 350 954 ἔξωθεν
375 921 424 957 τὴν
447 922 498 957 γῆν
523 921 696 957 περιέχουσιν
713 922 740 947 αὶ
758 920 858 947 θάλασ-

71 976 128 1000 σαι,
146 967 192 1002 ἀφ’
206 964 243 994 ὧν
256 967 307 999 τὰς
320 967 434 1002 νεφέλας
449 968 556 1002 ἀνάγει.
582 968 745 1002 Ἄστραπὰς
758 969 798 1000 εις
813 969 860 994 ὐε-

69 1014 126 1040 td’r
137 1015 272 1048 ἐποίησε.
294 1015 350 1041 Καὶ
364 1014 442 1041 τοῦτο
456 1013 590 1049 σύμϐολον
601 1013 644 1049 εἴη
671 1014 720 1049 τῆς
745 1013 859 1048 θεοπρε-

71 1058 141 1090 ποῦς
157 1059 305 1093 δυνάμεως,
320 1059 350 1086 τὺ
364 1060 393 1085 ἐν
409 1059 447 1095 τῷ
476 1059 557 1086 αὐτοῦ
585 1059 718 1094 συμμίξαι
736 1059 766 1085 τὸ
789 1067 858 1094 πυρ-

69 1105 138 1137 ῶδες
149 1105 203 1131 τῶν
215 1105 362 1141 ἀστραπῶν
372 1107 419 1133 καὶ
429 1106 459 1132 τὺ
472 1105 554 1142 ὕδωρ.
563 1106 590 1132 '0
601 1105 715 1140 ἑξάγων-
729 1105 859 1140 ἀνέμους

68 1151 105 1178 ἑκ
126 1150 287 1185 θησαυρῶν
302 1151 410 1178 αὐτῶν.
439 1151 476 1177 To
492 1151 682 1186 ἀκατάληπτον
705 1151 859 1186 ἀνθρώποις

69 1195 120 1230 τῆς
135 1195 190 1222 τῶν
204 1195 312 1231 ἀνέμων
336 1195 453 1231 ἐδήλωσε
470 1195 577 1230 φύσεως
604 1195 647 1222 διὰ
674 1196 728 1222 τῶν
754 1195 858 1230 θησαυ-

71 1241 137 1278 ρῶν.
164 1242 276 1277 Ὅμοιον
295 1242 324 1268 δὲ
350 1241 380 1268 τὸ
407 1241 550 1277 εἰρημένον
573 1241 649 1276 παρὰ
673 1240 793 1276 Κυρίου·
824 1240 857 1267 Τὸ

69 1289 194 1324 Πνεῦμα
218 1290 294 1316 ὅπου
311 1289 391 1316 θέλει
411 1288 489 1320 πνεῖ.
507 1289 555 1316 καὶ
576 1288 633 1322 τὴν
646 1288 752 1322 φωνὴν
763 1288 858 1315 αὑτοῦ

68 1338 191 1369 ἀκούεις
204 1345 209 1351 ’
226 1336 295 1364 ἀλλ’
310 1337 366 1363 οὐκ
377 1334 460 1369 οἶδας
475 1336 568 1362 πόθεν
582 1334 709 1370 ἔρχεται,
727 1334 775 1361 καὶ
799 1333 857 1359 ποῦ

67 1383 190 1417 ὑπάγει.

107 1431 158 1462 Ὃς
170 1429 301 1461 ἐπάταξε
316 1429 353 1456 τὰ
368 1429 538 1463 πρωτότοκα
558 1428 709 1462 Αἰγύπτου
733 1427 793 1455 ἀπὸ
809 1427 859 1454 ἀν-

67 1474 189 1509 θρώπου
205 1474 260 1508 ἕως
270 1474 408 1507 κτήνους.
422 1474 475 1509 Τὴν
488 1474 644 1501 τελευταίαν
656 1473 763 1509 πληγὴν
777 1473 857 1509 ἔθηκε

911 914 967 942 rius
980 915 1104 942 ambiunt
1119 916 1215 948 maria,
1231 923 1265 942 ex
1280 916 1378 950 quibus
1401 916 1486 944 nubes
1508 917 1609 944 educit.
1628 917 1695 944 Ful-

909 969 975 995 gura
999 961 1026 987 in
1047 960 1162 994 pluviam
1184 961 1256 996 fecit.
1278 961 1335 989 Hoc
1360 962 1422 989 item
1437 963 1589 998 symbolum
1613 963 1693 991 fuerit

909 1006 1007 1033 divinae
1019 1007 1137 1040 virtutis,
1148 1008 1220 1042 quod
1235 1008 1262 1035 in
1272 1009 1365 1036 eodem
1383 1009 1442 1036 loco
1453 1009 1590 1045 fulgurum
1605 1010 1692 1045 ignem

909 1059 971 1079 cum
986 1061 1055 1087 aqua
1070 1053 1190 1080 misceat.
1208 1053 1259 1086 Qui
1275 1055 1396 1088 producit
1413 1061 1500 1082 ventos
1518 1055 1549 1083 de
1564 1056 1692 1083 thesauris

909 1099 975 1126 suis.
1000 1098 1050 1125 Per
1080 1100 1224 1126 thesauros
1244 1100 1365 1127 declarat
1392 1101 1692 1136 iucomprehcusibilem

911 1145 1067 1172 hominibus
1088 1153 1149 1173 esse
1169 1150 1312 1173 ventorum
1333 1151 1468 1175 naturam.
1489 1147 1583 1175 Simile
1602 1153 1692 1175 autem

910 1190 974 1218 huic
987 1195 1028 1218 est
1043 1191 1109 1218 illud
1123 1191 1231 1218 Domini
1247 1192 1348 1219 dictum
1362 1202 1367 1218 :
1381 1191 1496 1226 Spiritus
1510 1193 1554 1220 ubi
1570 1193 1624 1220 vult
1639 1195 1694 1228 spi-

909 1240 963 1268 ral,
976 1240 1000 1262 et
1013 1244 1099 1263 vacem
1118 1236 1174 1271 ejus
1189 1237 1266 1264 audis
1280 1245 1289 1264 :
1304 1237 1348 1263 sed
1364 1237 1447 1264 nescis
1465 1238 1533 1264 unde
1546 1239 1631 1265 veniat
1646 1243 1692 1265 aut

909 1289 959 1316 quo
972 1281 1050 1307 vadat
1066 1282 1097 1308 Μ.

943 1421 970 1448 8.
989 1421 1040 1454 Qui
1063 1422 1189 1456 percussit
1211 1422 1386 1457 primogenita
1401 1422 1511 1458 Αἴθρη)ιί
1535 1422 1567 1449 ab
1589 1423 1692 1450 homine

909 1475 990 1503 usque
1004 1467 1037 1494 ad
1053 1475 1140 1502 pecus.
1156 1467 1324 1495 Postremam
1345 1468 1450 1503 plagam
1466 1468 1581 1503 primam
1597 1468 1693 1496 ordine

67 1519 194 1556 πρώτην,
209 1521 270 1546 ἐπεὶ
290 1520 348 1555 μετ’
363 1519 447 1555 αὐτὴν
466 1520 590 1553 ἐδέξαντο
617 1519 666 1555 τὴν
689 1519 854 1556 ἐλευθερίαν.

916 1515 995 1547 sonit,
1010 1514 1074 1549 quia
1084 1517 1146 1548 post
1160 1512 1248 1548 ipsam
1259 1513 1382 1541 libertate
1394 1513 1486 1541 donati
1501 1518 1575 1541 sunt.
1589 1514 1693 1543 Pecora

66 1566 152 1600 Λέγει
162 1566 191 1592 δὲ
202 1567 248 1592 καὶ
262 1565 378 1600 κτηνῶν,
392 1565 486 1600 ἐπειδὴ
499 1564 544 1592 διὰ
557 1565 603 1592 τὸν
616 1565 758 1601 ἄνθρωπον
772 1564 859 1591 ταῦτα

66 1612 226 1647 γεγένηται,
243 1612 291 1638 καὶ
304 1611 338 1638 δι’
355 1612 435 1639 αὐτὸν
456 1613 502 1639 καὶ
519 1612 672 1644 κολάζεται.
694 1612 775 1638 Ὥστε
791 1612 858 1647 πρὸς

66 1656 184 1692 αὒξησιν
200 1657 282 1691 φὸσου
296 1656 433 1692 δειχθῆναι
449 1657 578 1692 Θεήλατον
592 1657 641 1692 τὴν
655 1656 772 1692 πληγήν.

108 1747 147 1773 Τὰ
167 1746 277 1774 εἴδωλα
296 1747 354 1774 τῶν
374 1747 469 1774 ἐθνῶν
486 1748 628 1782 ἀργύριον
649 1747 698 1773 καὶ
721 1747 857 1781 χρυσίον,

66 1791 141 1826 ἔργα
153 1791 262 1826 χειρῶν
279 1792 451 1826 ἀνθρώπων.
475 1793 554 1819 Μετὰ
567 1793 597 1818 τὸ
617 1792 702 1824 δεῖξαι
718 1791 766 1826 τὴν
784 1791 858 1818 θείαν

68 1838 200 1873 πρόνοιαν
225 1838 272 1864 καὶ
285 1838 468 1873 δοξολογῆσαι,
489 1838 527 1869 ὡς
544 1838 583 1864 ἔτι
600 1838 703 1869 δούλοις
726 1839 781 1868 τοῖς
806 1838 859 1864 ἀπὸ

67 1883 123 1909 τῶν
141 1882 228 1909 ἐθνῶν
244 1883 343 1918 ἀρτίως
357 1883 534 1919 προσελθοῦσι
553 1883 751 1918 διαλεγόμενος,
770 1891 854 1917 παρα-

67 1930 164 1956 ϐάλλει
178 1929 233 1956 τῶν
257 1929 325 1956 θεῶν
339 1926 376 1956 ὧν
391 1929 504 1964 ὴγοῦντο
517 1929 600 1956 πάλαι
614 1929 659 1956 τὺν
672 1929 781 1964 ἔλεγχον
795 1929 859 1956 ἀκο-

66 1975 173 2007 λούθως
183 1983 190 1989 ·
206 1975 245 2007 ὡς
260 1973 350 2002 εἶπεν·
364 1976 428 2002 ’Ὁτι
453 1976 510 2011 ἐγὼ
522 1976 647 2010 ἔγνωκα,
669 1975 714 2002 ὅτι
732 1975 826 2010 μέγας
842 1977 859 2002 ὁ

68 2018 192 2054 Κύριος,
210 2020 259 2046 καὶ
277 2021 293 2046 ὀ
316 2019 426 2055 Κύριος
444 2020 529 2055 ἡμῶν
549 2021 628 2054 παρὰ
651 2020 767 2054 πάντας
788 2021 858 2053 τοὺς

70 2067 169 2098 θεούς.
195 2065 225 2091 '0
243 2065 292 2100 μὲν
310 2066 364 2102 γὰρ
377 2066 495 2093 τοσαῦτα
508 2067 555 2093 καὶ
564 2065 676 2094 τοιαῦτα
693 2067 840 2101 πεποίηκεν
851 2075 857 2081 ·

68 2113 94 2139 οι
110 2112 140 2139 δὲ
161 2113 294 2148 πρότερον
318 2113 394 2148 ὑμῶν
415 2113 471 2140 Θεοὶ
489 2113 568 2148 μόνον
592 2113 689 2140 εἴδωλα
711 2113 796 2149 νεκρὰ.
812 2113 859 2140 καὶ

68 2159 162 2194 κωφὰ,
180 2156 222 2190 οἷς
238 2160 325 2194 ὅμοιοι
355 2159 474 2193 γένοιντο
492 2160 516 2185 οἱ
537 2159 676 2191 ποιοῦντες
692 2160 769 2186 αὐτά.
798 2159 859 2190 Πῶς

910 1565 1000 1587 autem
1014 1565 1156 1591 memorat,
1173 1559 1236 1594 quia
1253 1564 1361 1594 propter
1375 1558 1512 1587 hominem
1530 1560 1600 1588 facta
1614 1566 1691 1594 sunt,

909 1608 936 1632 et
951 1609 1060 1640 propter
1079 1612 1140 1632 eum
1156 1606 1332 1640 castigantur,
1349 1603 1386 1632 ita
1406 1610 1436 1631 ut.
1450 1613 1496 1640 per
1511 1611 1686 1641 augmentum

908 1651 1022 1678 terroris
1040 1650 1170 1678 divinitus
1192 1650 1342 1678 immissum
1363 1649 1448 1678 fuisse
1464 1651 1569 1686 plagam
1586 1653 1692 1686 perspi-

909 1704 990 1724 cuum
1006 1697 1050 1724 sit.
1074 1706 1078 1709 ·

946 1744 990 1770 15.
1004 1743 1155 1770 Simulacra
1172 1746 1288 1778 gentium
1299 1749 1434 1778 argentum
1450 1747 1475 1770 et
1490 1751 1596 1775 aurum,
1613 1751 1692 1778 opera

911 1796 1037 1814 manuum
1061 1789 1206 1815 hominum.
1232 1788 1380 1823 Postquam
1403 1788 1522 1815 divinam
1544 1789 1692 1823 providen-

911 1834 978 1861 tiam
999 1834 1119 1861 ostendit
1132 1838 1159 1861 et
1175 1833 1301 1860 laudibus
1318 1834 1476 1865 celebravit,
1494 1834 1618 1868 gentibus
1632 1841 1693 1868 quae

911 1888 996 1915 nuper
1006 1880 1040 1907 ad
1052 1879 1131 1906 ﬁdem
1148 1883 1332 1910 accesserunt,
1350 1879 1427 1914 quasi
1443 1880 1592 1907 etiamnum
1607 1881 1693 1907 servis

910 1926 1033 1961 loquens,
1052 1925 1129 1952 atl'ert
1150 1925 1262 1952 deorum
1275 1932 1344 1960 quos
1356 1925 1420 1952 olim
1433 1925 1558 1952 colebant
1567 1925 1692 1953 continia-

909 1973 1021 1999 tionem.
1037 1970 1187 2005 Postquam
1198 1970 1283 1997 dixit:
1294 1970 1363 2002 Quia
1377 1979 1422 2005 ego
1433 1971 1539 2006 cognovi
1553 1971 1622 2005 quod
1637 1980 1693 1998 ma-

909 2025 974 2052 gnas
986 2022 1023 2043 est
1039 2016 1178 2049 Dominus,
1193 2020 1217 2042 et
1234 2016 1304 2043 Deus
1322 2021 1409 2043 noster
1426 2025 1481 2051 pne
1494 2017 1612 2043 omnibus
1628 2017 1691 2044 diis.

909 2061 968 2096 ipse
982 2062 1055 2089 enim
1070 2066 1144 2089 tanta
1159 2061 1277 2096 taliaque
1288 2069 1369 2096 opera
1381 2061 1481 2095 edidit;
1496 2061 1534 2088 illi
1550 2066 1638 2089 autem
1654 2063 1692 2089 dii

909 2107 974 2134 olim
985 2107 1079 2140 vestri,
1096 2107 1185 2134 solum
1199 2107 1344 2134 simulacra
1358 2111 1437 2134 erant
1449 2112 1567 2139 mortua,
1581 2112 1607 2134 et
1621 2116 1692 2135 caaca

910 2154 1009 2188 quibus
1023 2153 1127 2181 similes
1143 2153 1208 2181 ﬁant
1223 2153 1270 2188 qui
1285 2153 1389 2181 iaciunt
1403 2161 1444 2181 ea.
1459 2153 1601 2186 Quomodo
1619 2154 1691 2181 enim

68 2207 125 2241 γὰρ
137 2207 162 2232 oi
176 2206 233 2237 τοῖς
254 2205 367 2240 ἀψύχοις
389 2205 605 2241 προσκυνοῦντες
621 2206 671 2232 οὐκ
687 2204 855 2240 ἀπελιθώθη-

916 2200 957 2234 ιυὶ
973 2200 1120 2226 iuanimata
1130 2199 1246 2226 adorant
1254 2207 1308 2226 non
1316 2199 1419 2234 lapides
1429 2200 1521 2227 animo
1530 2204 1592 2227 sunt
1602 2199 1693 2233 ?Quos

70 2259 122 2278 σαν
135 2250 186 2282 τὰς
197 2250 300 2285 ψυχάς
319 2250 365 2277 καὶ
387 2249 434 2281 οὓς
463 2250 515 2286 ἔφη
543 2250 614 2278 κατὰ
636 2251 685 2285 τὴν
714 2250 857 2284 συνήθειαν

69 2296 175 2323 ἄνωθεν
190 2295 278 2328 θεοὺς,
293 2295 340 2322 νῦν
356 2295 514 2330 ἑπαισχύνει
528 2296 575 2323 καὶ
590 2295 723 2330 κέκληκεν
749 2295 856 2328 εἴδωλα,

69 2341 223 2368 διαϐάλλων
236 2343 269 2377 τῇ
286 2350 315 2367 τε
331 2340 381 2377 ὖλῃ
397 2342 442 2368 καὶ
455 2342 488 2376 τῇ
506 2341 631 2376 ἐργασίᾳ.

330 2386 513 2420 summa.
528 2387 614 2413 mea

114 2433 358 2467 Ἑξομολογεῖσθε
379 2431 418 2464 τῷ
429 2433 526 2466 Kvpltp
544 2432 588 2458 ὅτι
606 2432 726 2466 ἀγαθὸς,
749 2431 793 2457 ὅτι
814 2432 858 2464 εἰς

71 2478 127 2505 τὸν
140 2477 232 2504 alam
249 2478 282 2504 τὸ
291 2478 376 2510 ἕλεος
391 2476 493 2504 αὑτοῦ.

112 2523 153 2556 Τῷ
167 2523 372 2550 καταδιελόντι
386 2522 444 2556 τὴν
468 2523 607 2557 Ἐρυθρὰν
630 2522 791 2550 θάλασσαν
813 2524 857 2556 εἰς

72 2569 240 2603 διαιρέσεις.
258 2569 343 2602 Λόγος
362 2568 473 2604 ἀρχαῖός
493 2577 574 2604 φησιν
605 2570 644 2600 εἰς
662 2568 766 2596 δώδεκα
787 2569 859 2604 τμή-

75 2623 148 2649 ματα
163 2614 341 2649 διαιρεθεϊσαν
353 2614 403 2650 τὴν
416 2614 563 2648 θάλασσαν,
580 2615 683 2650 ἑκάστῃ
704 2615 773 2650 φυλῇ
793 2614 857 2650 μίαν

72 2660 218 2687 ἀποδοῦναι
229 2660 297 2687 ὁδόν.

113 2706 155 2738 τῷ
170 2706 340 2740 διαγαγόντι
354 2706 406 2733 τὸν
429 2706 507 2733 ,λαὸν
521 2707 615 2733 αὑτοῦ
635 2707 670 2733 ἐν
694 2706 732 2742 τῇ
748 2707 858 2741 ἐρήμῳ.

72 2751 130 2778 οὒκ
154 2751 264 2777 ἔλαττον
284 2751 334 2786 τῆς
356 2751 492 2787 θαλάσσης
515 2752 565 2787 τῆς
580 2753 681 2788 ἐρήμου
697 2753 726 2779 τὸ
754 2753 856 2788 θαῦμα.

105 2828 129 2846 ⁹¹
140 2827 219 2856 Joan.
242 2836 282 2861 ιιι,
298 2828 315 2855 8

907 2249 998 2272 autem
1013 2245 1139 2279 superius
1153 2252 1187 2271 ex
1202 2245 1400 2272 consuetudine
1414 2245 1478 2272 deos
1492 2245 1606 2278 vocavit,
1620 2253 1692 2273 nunc

908 2289 1050 2317 confundit.
1068 2294 1095 2317 et
1117 2295 1194 2318 vocat
1214 2289 1295 2323 idola,
1314 2297 1342 2318 et
1364 2291 1483 2318 materia:
1502 2296 1529 2318 et
1540 2298 1629 2325 operai
1645 2298 1693 2318 ex-

907 2335 1049 2370 probrans.

1155 2381 1280 2408 Alleluia.
1297 2381 1399 2408 CXXX
1406 2381 1436 2409 V.

944 2426 968 2452 1.
987 2425 1155 2461 Conﬁtemini
1177 2427 1290 2454 Domino
1311 2429 1436 2462 quoniam
1459 2428 1692 2467 'bonus,quomam

908 2472 937 2498 in
949 2473 1075 2499 sizeulum
1091 2474 1270 2500 misericordia
1284 2474 1351 2508 ejus.

946 2519 987 2545 15.
1003 2518 1055 2550 Qui
1080 2519 1168 2545 divisit
1183 2527 1255 2546 mare
1267 2519 1384 2546 Rubrum
1404 2520 1430 2546 in
1448 2520 1599 2547 divisiones.
1615 2520 1694 2547 Anti-

909 2571 965 2597 quo
979 2571 1105 2591 sermone
1120 2564 1205 2592 fertur
1219 2568 1246 2592 in
1262 2565 1404 2593 duodecim
1427 2566 1561 2593 sectiones
1575 2566 1692 2593 divisum

910 2609 996 2636 fuisse
1020 2617 1105 2642 mare,
1123 2614 1151 2637 ut
1176 2610 1290 2645 singulis
1315 2611 1439 2639 tribubus
1455 2612 1568 2647 singula:
1582 2612 1631 2638 viae
1644 2611 1693 2637 da-

910 2659 1013 2682 rentur.

944 2700 987 2727 16.
1002 2700 1054 2732 Qui
1065 2701 1184 2728 traduxit
1196 2702 1319 2737 populum
1332 2710 1407 2729 suum
1420 2711 1465 2737 per
1476 2703 1615 2729 desertum.
1631 2699 1689 2727 Non

910 2745 1002 2774 minus
1020 2747 1181 2774 miraculum
1199 2748 1225 2775 in
1240 2748 1346 2776 deserto
1361 2756 1441 2784 quam
1459 2748 1486 2775 in
1502 2747 1568 2774 mari
1585 2744 1690 2772 editum
