1926 3051
237 151 288 181 59.7

659 149 687 177 S.
707 148 892 176 ATHANASII
908 149 983 177 OPP.
1005 148 1095 176 PARS
1112 149 1156 176 111.
1175 165 1209 170 -
1229 148 1433 177 EXEGETICA.

1803 150 1852 178 528

236 213 288 236 est.
304 207 387 235 Multa
408 207 507 242 quippe
528 210 605 234 erant
620 214 680 241 quae
698 212 814 234 mortem
832 207 1016 241 minabantur,

1079 208 1158 234 Ῑολλὰ
1172 207 1226 243 γὰρ
1241 209 1275 234 τὰ
1292 207 1405 234 θάνατον
1421 206 1582 234 ἀπειλοῦντα
1593 228 1600 240 ,
1623 207 1710 242 λιμδς,
1738 207 1851 243 αὐχμὸς,

237 253 333 286 fames,
341 258 433 285 :estus,
445 253 514 284 sitis,
525 252 640 279 ferarum
652 252 806 285 multitudo,
816 253 1021 280 commodorum

237 299 360 326 omnium
398 299 556 332 indigentia.
580 297 618 324 Illi
643 306 708 326 vero
730 299 838 325 nemine
861 298 1022 333 perterrefa-

237 345 325 373 ciente
351 345 402 372 iter
426 344 550 379 agebant.
573 343 612 371 Ex
635 344 742 372 duobus
761 349 850 371 autem
864 344 1021 372 fortissimis

238 391 363 427 regibus,
377 390 424 425 qui
441 391 474 417 de
497 390 593 417 robore
617 395 643 417 et
659 391 846 426 magnitudine
864 391 1019 425 gloriaban—

238 441 293 470 tur,
303 436 424 463 liberavit
438 443 494 463 eos.
508 435 547 462 Ex
558 435 657 470 quibus
668 435 707 470 Og
721 443 816 463 novem
832 435 1019 471 longitudinis,

238 483 358 517 quinque
371 481 521 508 latitudinis
536 482 642 510 cubitos
662 482 790 514 habebat.
805 487 832 510 et
849 483 919 510 lecto
932 482 1021 510 ferreo

239 528 374 555 utebatur.

272 573 315 600 l9.
327 573 409 600 Schon
419 581 503 608 regem
511 573 732 606 Amorrlta'orum,
741 576 793 600 etc.
803 572 861 600 Non
870 573 929 601 sine
939 581 1022 613 causa

237 619 298 646 aliis
312 619 422 646 omissis
446 619 496 646 hos
520 619 680 646 memoravit
699 626 786 653 reges.
803 619 850 646 sed
875 623 905 646 ut
922 620 1020 654 populo

237 666 264 692 in
276 670 393 692 mentem
402 669 539 692 revocaret
549 664 680 692 divinitus
688 672 847 692 concessam
864 665 1019 692 victoriam.

237 711 304 738 Nam
316 712 348 738 de
360 712 458 739 robore
473 711 559 747 ipsiet
573 711 695 746 potentia
708 715 735 738 et
748 711 874 746 corporis
885 711 957 738 mole
967 711 1021 746 glo-

238 758 386 784 riabantur.
839 760 843 770 '

270 803 315 830 25.
332 802 402 836 Quia
422 803 450 829 in
469 802 616 829 humilitate
633 807 724 829 nostra
747 810 846 829 memor
869 802 919 836 fuit
938 802 1021 828 nostri

237 848 375 875 Dominus.
389 847 451 876 Haec
465 849 546 876 verba
559 858 566 876 :
581 848 648 880 Quia
663 849 690 874 in
701 849 851 875 humilitate
863 853 955 874 nostra
967 856 1021 874 me-

237 902 294 921 mor
305 894 356 928 fuit
375 894 457 920 nostri
479 894 617 930 Dominus,
631 894 719 928 aptius
740 894 906 920 conveniunt
928 893 960 919 iis
974 893 1020 927 qui
1036 883 1058 910 Β

236 947 252 966 a
267 939 399 974 spirituali
423 939 481 967 sive
500 939 621 967 sensibili
643 939 798 974 captivitate
817 938 924 966 liberati
946 944 1019 966 sunt.

271 1031 364 1066 25,26.
376 1032 428 1065 Qui
440 1031 486 1059 dat
508 1041 594 1059 escam
605 1032 676 1059 omni
689 1032 774 1060 carni.
788 1031 848 1059 Non
863 1032 937 1071 enim
961 1032 1022 1067 pias

237 1084 342 1107 tantum
364 1079 497 1114 benignus
520 1078 592 1106 Deus
609 1083 697 1111 curat,
718 1078 765 1106 sed
781 1078 863 1105 etiam
884 1086 972 1113 usque
988 1078 1022 1106 ad

238 1126 317 1153 bruta
326 1125 473 1153 animantia
484 1125 537 1152 :ita
553 1129 582 1152 ut
593 1129 786 1160 congruentem
800 1125 915 1160 singulis
930 1125 1022 1151 cibum

237 1170 384 1205 dispenset,
400 1174 425 1197 et
442 1170 639 1204 providentiam
655 1178 733 1196 suam
758 1170 887 1196 extendat
909 1177 924 1196 a
939 1170 1023 1195 mira-

238 1216 338 1243 bilibus
355 1215 416 1243 coeli
439 1222 527 1250 usque
551 1215 584 1242 ad
608 1215 740 1242 vilissima
765 1219 858 1254 terrm;
880 1219 907 1242 et
923 1215 1023 1242 exhinc

239 1269 348 1288 rursum
371 1260 405 1288 ad
421 1268 509 1295 usque
533 1260 630 1288 cmlum
654 1261 834 1295 progreditur.
852 1259 943 1293 Quare
962 1264 1023 1294 post

239 1307 319 1338 illud,
341 1307 411 1333 omni
435 1306 525 1338 carni,
550 1306 642 1341 adjicit
661 1315 666 1331 :
689 1306 858 1340 Conﬁtentini
877 1305 929 1332 Deo
953 1305 1022 1332 caeli.

238 1352 304 1380 Nam
323 1352 384 1379 licet
397 1352 520 1379 omnium
543 1351 578 1378 sit
594 1351 694 1386 opifex,
714 1359 762 1386 per
780 1352 969 1379 excellentiam
983 1355 1023 1378 ta-

239 1406 300 1426 men
315 1397 386 1425 Deus
403 1398 464 1425 cteli
477 1397 587 1430 dicitur,
602 1405 696 1424 eorum
711 1397 758 1432 qui
775 1397 856 1424 isthic
871 1396 972 1431 degunt
984 1395 1024 1423 la-

239 1444 342 1471 mulatu
358 1443 458 1471 cultus.
475 1441 616 1478 Siquidem
633 1442 710 1470 locus
724 1442 769 1469 ille
782 1450 797 1469 a
811 1447 924 1477 peccato
937 1449 1024 1477 purus

239 1494 266 1517 ει
279 1497 380 1517 vacuus
395 1493 447 1517 est.

300 1535 395 1563 ι)αυίάὶ
407 1543 453 1570 per
465 1533 617 1562 Jeremiam.
631 1532 801 1561 PSALMUS
813 1532 968 1561 CXXXVI.

227 1579 232 1587 '
274 1581 301 1609 Ι.
322 1579 406 1615 Super
419 1580 531 1615 ﬂumina
549 1579 694 1614 Babylonis
711 1579 766 1606 illic
779 1579 892 1606 sedimus
910 1585 933 1605 et
950 1579 1024 1613 ﬂevi-

240 1635 308 1654 mus.
335 1625 451 1653 Docetur
475 1625 520 1653 hic
547 1624 669 1652 futurum
697 1629 726 1652 ut
751 1624 771 1650 ii
795 1623 841 1659 qui
859 1624 951 1651 multis
965 1628 1025 1658 post

241 1674 320 1700 annis
342 1673 369 1699 in
392 1671 528 1707 Babylone
551 1675 660 1706 propter
681 1670 852 1705 iniquitatem
877 1670 1024 1697 habitaturi

239 1723 327 1753 erant,
345 1718 441 1746 ﬂerent
454 1722 479 1745 et
495 1718 569 1745 anxii
589 1721 691 1750 essent,
708 1709 935 1752 cupientes-bona
948 1723 1025 1750 repe-

240 1770 296 1792 tere
309 1772 368 1792 sua.

273 1811 301 1838 5.
319 1809 349 1837 Si
364 1809 460 1836 oblitus
480 1808 553 1844 fuero
567 1809 616 1842 tui,
633 1807 794 1841 Jerusalem,
811 1807 936 1835 oblivioni
948 1807 1024 1834 detur

239 1857 347 1884 dextera
364 1863 431 1882 mea.
448 1855 567 1888 Scilicet,
590 1862 624 1881 ne
647 1862 796 1890 supernum
813 1854 945 1881 auxiliqu
959 1862 1024 1881 con-

240 1910 348 1938 sequar.

274 1949 300 1976 6.
325 1948 464 1976 Adha'reat
489 1947 580 1982 lingua
600 1954 659 1973 mea
681 1945 803 1980 faucibus
819 1945 901 1977 meis,
923 1945 946 1971 si
972 1952 1024 1971 non

239 1994 380 2022 meminero
402 1993 451 2020 tui.
476 1993 542 2025 Qua:
565 1992 637 2019 enim
662 1991 764 2018 utilitas
787 1989 962 2017 instrumenti
989 1989 1023 2016 ad

239 2046 392 2067 sermonem
411 2037 536 2065 destinati
560 2036 583 2064 si
606 2035 640 2063 ad
662 2036 780 2063 ofﬁcium
795 2043 848 2062 non
863 2033 1024 2062 moveatur?

239 2084 420 2118 Quamobrem
437 2083 509 2110 beati
529 2083 580 2109 viri
596 2090 642 2117 per
666 2086 749 2108 totam
772 2081 852 2107 vitam
868 2081 901 2107 de
916 2080 1023 2115 hymnis

239 2129 404 2157 celebrandis
417 2135 510 2156 curam
534 2127 653 2154 habuere
673 2126 792 2153 dicentes
808 2133 815 2151 :
833 2124 953 2153 Cantabo
969 2125 1024 2151 Do-

240 2176 308 2202 mino
320 2176 347 2202 in
362 2175 416 2201 vita
429 2182 487 2200 mea
497 2173 530 2200 ".
544 2173 609 2199 Erat
624 2177 712 2199 autem
729 2172 780 2198 illis
792 2171 942 2198 veneranda
956 2171 1023 2198 civi-

1070 253 1144 288 5Qa,
1162 253 1262 288 πλῆθος
1287 253 1405 289 θηρίων,
1424 254 1550 280 ἁπάντων
1568 253 1728 288 ἐπιτηδείων
1753 254 1769 289 ἡ
1792 255 1851 289 ἐρη-

1073 300 1131 334 μία.
1146 299 1177 326 Οἱ
1190 299 1217 326 δὲ
1232 299 1346 334 μηδενὸς
1364 298 1508 334 φοῦοῦντος
1533 298 1665 331 ἐϐάδιζον.
1689 299 1737 326 Ἐκ
1759 299 1789 326 δὲ
1808 300 1851 326 δύο

1070 345 1188 372 δυνατῶν
1201 346 1248 372 καὶ
1265 345 1404 380 βασιλέων,
1412 345 1436 371 οἳ
1447 345 1490 371 ἐπὶ
1507 344 1586 381 ῥώμῃ
1594 345 1640 371 καὶ
1650 345 1794 380 δυναστείᾳ
1809 345 1852 371 καὶ

1073 392 1180 427 μεγέθει
1192 392 1315 427 σώματος
1326 391 1513 426 ἐσεμνύνοντο,
1528 391 1661 427 ἐρρύσατο
1681 391 1789 422 αὐτούς,
1806 391 1853 425 Ὠγ

1071 437 1167 473 πηχῶν
1182 437 1249 472 ἔχων
1265 436 1342 463 ὲννέα
1358 436 1389 462 τὸ
1406 436 1502 471 μῆκος,
1518 436 1564 462 καὶ
1582 436 1661 463 πέντε
1679 435 1710 462 τὸ
1731 435 1831 467 πλάτος
1844 456 1853 469 ,

1071 484 1119 510 καὶ
1138 483 1249 519 σιδηρᾶν
1264 481 1320 518 εἶχε
1337 483 1385 518 τὴν
1400 482 1506 518 κλίνην.

1109 575 1164 602 τὸν
1173 574 1259 608 Σηὼν
1273 573 1406 607 βασιλέα
1416 572 1476 600 τῶν
1487 573 1678 608 Ἀμορῤαίων.
1692 573 1749 608 Οΰχ
1761 572 1854 604 ἁπλῶς

1070 621 1098 648 δὲ
1110 621 1172 653 τοὺς
1187 620 1282 652 ἄλλους
1295 619 1471 656 παραλείπων
1487 619 1614 654 βασιλέας
1636 618 1737 645 τούτων
1760 619 1854 653 διαφε-

1073 666 1171 701 ρόντως
1187 665 1319 701 ἐμνήσθη,
1341 665 1409 692 ἀλλὰ
1427 665 1472 691 τὸν
1489 664 1552 691 λαὸν
1572 664 1621 699 τῆς
1640 664 1761 691 θεοδότου
1778 665 1856 699 νίκης

1071 713 1296 748 ἀναμιμνήσκων.
1320 711 1381 738 Ἐπὶ
1397 710 1476 747 ῥώμῃ
1491 710 1546 746 γὰρ
1558 708 1630 737 οὗτοι
1644 711 1691 737 καὶ
1712 710 1856 745 δυναστεὶᾳ

1071 760 1118 786 καὶ¹
1134 758 1242 794 μεγέθει
1256 757 1381 794 σώματος
1397 756 1586 792 ἐσεμνύνοντο.

1106 805 1170 832 Ὅτι
1183 805 1218 831 ἐν
1229 803 1266 838 τῇ
1278 802 1453 830 ταπεινώσει
1469 801 1552 836 Mulir
1572 801 1707 836 ἐμνήσθη
1731 801 1817 835 ἡμῶν
1841 802 1857 827 ὁ

1071 851 1186 885 Κύριος.
1200 850 1284 876 Πλέον
1299 849 1414 885 ἁρμόσει
1427 850 1441 875 ό
1455 848 1533 883 λόγος
1550 849 1564 874 ό
1584 848 1680 882 λέγων,
1696 848 1761 874 Ὀτι
1773 848 1808 873 ἐν
1820 846 1857 880 τῇ

1072 895 1247 923 ταπεινώσει
1258 895 1342 930 ἡμῶν
1358 894 1495 929 ἐμνήσθη
1521 893 1606 928 ἡμῶν
1617 895 1633 920 o'
1656 892 1776 928 Κύριος,
1802 894 1858 923 τοῖς

1071 943 1120 978 τῆς
1131 942 1228 978 νοητῆς
1243 940 1362 972 δουλείας
1377 939 1584 974 ἀπαλλαγεῖσιν,
1607 939 1676 974 ἦτοι,
1697 939 1747 974 τῆς
1762 938 1858 973 αἰσθη-

1071 996 1121 1023 της
1126 1008 1132 1014 .

1112 1034 1140 1060 ’0
1156 1032 1258 1066 διδοὺς
1270 1032 1385 1067 τρυφὴν
1402 1031 1486 1066 πάσῃ
1511 1031 1614 1066 σαρκί.
1641 1030 1678 1057 Οὐ
1704 1031 1760 1066 γὰρ
1777 1031 1858 1066 μέχρι

1071 1079 1126 1106 τῶν
1141 1078 1323 1106 εὐσεϐούντων
1339 1079 1355 1114 ἡ
1368 1078 1414 1105 τοῦ
1432 1077 1621 1114 φιλανθρώπου
1649 1077 1718 1104 Θεοῦ
1741 1077 1859 1112 κηδεμο-

1073 1126 1126 1158 νία,
1143 1125 1212 1153 ἀλλὰ
1228 1125 1274 1152 καὶ
1291 1125 1371 1160 μέχρι
1383 1124 1437 1151 τῶν
1451 1124 1566 1158 ἀλόγων,
1587 1124 1625 1156 ὡς
1639 1124 1745 1158 ἑκάστῳ
1759 1124 1859 1151 κατάλ-

1073 1172 1153 1208 ληλον
1166 1171 1265 1198 διδόναι
1289 1171 1402 1206 τροφὴν,
1425 1170 1592 1197 ὲκτείνεσθαί
1615 1179 1644 1196 τε
1665 1171 1715 1205 τὴν
1730 1171 1860 1206 πρόνοιαν

1073 1216 1126 1244 ἀπὺ
1136 1216 1189 1243 τῶν
1203 1217 1262 1242 κατ’
1276 1215 1388 1251 οὐρανὸν
1412 1215 1559 1250 θαυμάτων
1577 1215 1656 1250 μέχρι
1671 1214 1725 1240 τῶν
1747 1215 1794 1240 ἐπὶ
1809 1215 1860 1249 γῆς

1074 1262 1261 1298 σμικροτάτων
1270 1269 1276 1275 ·
1293 1259 1418 1286 ἐντεῦθεν
1430 1259 1459 1286 δὲ
1472 1260 1552 1286 πάλιν
1575 1260 1667 1294 διῆκεν
1680 1261 1720 1291 εἰς
1732 1260 1858 1296 οὐρανόν.

1073 1308 1118 1334 Διὸ
1141 1307 1211 1342 μετὰ
1224 1307 1263 1339 τὸ,
1283 1305 1366 1340 πάσῃ
1387 1305 1487 1340 σαρκὶ,
1511 1306 1687 1341 ἐπενήνοχεν
1704 1305 1861 1340 Ἐξομολο-

1072 1353 1173 1388 τεῖσθε
1188 1351 1228 1385 τῷ
1243 1351 1304 1384 Θεῷ
1320 1351 1372 1378 τοῦ
1386 1351 1526 1385 οὐρανοῦ.
1543 1352 1598 1377 Καὶ
1611 1351 1718 1378 πάντων
1727 1350 1766 1377 ὢν
1782 1360 1861 1387 ποιη-

1072 1399 1122 1435 τὴς
1137 1419 1145 1432 ,
1163 1397 1278 1434 οὐρανοῦ
1291 1397 1351 1424 κατ’
1368 1397 1505 1432 ἐξαίρετον
1526 1397 1688 1432 χρηματίζει
1701 1397 1770 1429 Θεὸς
1784 1417 1791 1429 ,
1809 1397 1862 1423 ὑπὸ

1072 1446 1126 1472 τῶν
1141 1446 1199 1472 ἐκεῖ
1220 1443 1405 1479 διαιτωμένων
1420 1443 1647 1479 θεραπευόμενος.
1665 1443 1794 1478 Kal):pr
1806 1443 1861 1478 γὰρ

1074 1492 1211 1528 ἁμαρτίας
1223 1491 1281 1518 ἐστὶ
1298 1489 1406 1526 χωρίον.

1147 1537 1188 1571 Τῷ
1196 1537 1286 1564 Δαυτδ
1302 1537 1350 1564 διὰ
1358 1537 1508 1572 Ἰερεμίου.
1525 1536 1679 1563 ΨΑΛΜΟΣ
1691 1536 1790 1569 ΡΛς’.

1110 1583 1174 1609 Ἐπὶ
1183 1583 1243 1609 τῶν
1253 1582 1393 1618 ποταμῶν
1403 1581 1582 1614 Βαϐυλῶνος
1597 1580 1660 1607 ἐκεῖ
1675 1581 1863 1615 ἐκαθίσαμεν

1073 1630 1122 1657 καὶ
1145 1630 1346 1664 ὲκλαύσαμεν.
1376 1629 1501 1655 Διδάσκει
1524 1629 1538 1654 ὁ
1565 1627 1642 1661 λόγος
1667 1627 1730 1658 τοὺς
1755 1628 1862 1659 πολλοῖς

1075 1676 1185 1713 ὕστερον
1197 1676 1302 1712 χρόνοις
1317 1675 1462 1711 ἐσομένους
1474 1676 1502 1701 ὲν
1518 1673 1656 1701 Βαϐυλῶνι
1673 1673 1717 1700 διὰ
1735 1674 1787 1709 τὴν
1800 1675 1863 1701 ἀνο-

1075 1720 1138 1755 μίαν
1152 1720 1264 1752 κλαίειν,
1291 1719 1445 1756 ἀδημονεῖν,
1469 1718 1664 1754 ἐπιζητοῦντας
1678 1718 1732 1745 τῶν
1752 1719 1863 1746 οῑκείων

1073 1765 1184 1800 ἀγαθῶν
1200 1766 1249 1802 τὴν
1262 1765 1408 1801 ἀπόληψιν.

1109 1811 1177 1838 Ἐὰν
1188 1811 1370 1846 ἐπιλάθωμαι
1386 1819 1455 1843 σου,
1468 1811 1670 1846 Ἰερουσαλὴμ,
1682 1811 1861 1844 summa!"

1073 1858 1092 1891 ἡ
1109 1857 1360 1892 δεξιάμου.Ἤτοι,
1374 1857 1411 1893 μὴ
1419 1857 1527 1893 τύχοιμι
1543 1857 1591 1893 τῆς
1608 1857 1709 1884 ἄνωθεν
1723 1856 1862 1892 βοηθείας.

1107 1946 1275 1980 Κολληθείη
1289 1946 1308 1979 ἠ
1322 1945 1446 1980 γλῶσσά
1457 1954 1517 1980 μου
1532 1943 1572 1978 τῷ
1583 1944 1711 1980 λάρυγγί
1724 1953 1795 1978 μου.
1809 1945 1863 1972 ἐὰν

1071 1991 1113 2026 μή
1140 1998 1199 2018 σου
1223 1989 1359 2026 μνησθῶ.
1377 1990 1410 2016 Τί
1434 1990 1488 2026 γὰρ
1511 1989 1606 2024 ὄφελος
1627 1989 1765 2026 ἐρρῶσθαι
1781 1990 1862 2024 λόγου

1073 2037 1204 2073 ὄργανον,
1221 2037 1288 2072 πρὸς
1309 2037 1339 2063 τὺ
1360 2037 1418 2063 δέον
1441 2037 1477 2072 μὴ
1491 2036 1670 2072 κρουόμενον;
1685 2035 1729 2062 Διδ
1749 2037 1796 2063 καὶ
1811 2036 1864 2072 τὴν

1074 2082 1145 2118 ζωὴν
1162 2082 1267 2109 ἃπασαν
1278 2083 1302 2108 οἱ
1316 2083 1443 2118 μακάριοι
1457 2082 1551 2117 ἄνδρες
1565 2083 1600 2117 τῇ
1611 2083 1674 2117 περὶ
1684 2082 1747 2113 τοὺς
1761 2082 1863 2117 ὕμνους

1073 2129 1107 2156 ἂν
1127 2127 1196 2164 ἦσαν
1218 2129 1337 2164 φροντίδι
1358 2128 1492 2163 λέγοντες·
1511 2129 1591 2163 ’ᾼσω
1607 2127 1647 2160 τῷ
1663 2127 1761 2161 Κυρίῳ
1773 2127 1809 2154 ἐν
1823 2127 1863 2162 τῇ

1073 2174 1129 2207 ζωῇ
1143 2183 1212 2208 μου.
1225 2172 1279 2201 Ἦν
1293 2174 1321 2200 δὲ
1338 2174 1354 2209 ἡ
1370 2174 1445 2205 πόλις
1461 2174 1552 2205 αὐτοῖς
1566 2173 1644 2209 τιμία
1658 2172 1702 2199 διὰ
1716 2173 1766 2208 τὴν
1782 2172 1862 2200 θείαν

237 2225 280 2248 tas
293 2221 327 2247 ob
339 2221 458 2248 divinum
473 2219 587 2252 cultum,
603 2224 631 2246 ut
644 2223 705 2245 ante
718 2218 819 2245 dictum
832 2222 873 2245 est
887 2227 893 2245 :
910 2218 1022 2253 Propter

1079 2219 1216 2255 λατρείαν,
1237 2220 1275 2251 ὡς
1299 2220 1459 2255 προείρηται
1482 2219 1521 2250 τὸ,
1547 2220 1653 2246 Ἕνεκα
1673 2219 1784 2253 Κυρίου
1806 2219 1864 2246 τοῦ

237 2266 343 2293 domum
360 2266 466 2293 Domini
483 2266 532 2292 Dei
545 2265 628 2291 nostri
643 2265 749 2299 quwsivi
764 2264 830 2290 bona
843 2264 900 2290 tibi.

273 2311 303 2339 Si
318 2321 368 2339 non
383 2306 543 2347 proposuero
562 2311 710 2338 Jerusalem
734 2311 760 2336 in
776 2310 906 2344 principio
921 2309 1022 2336 lwtitia

238 2366 312 2385 mete.
330 2358 427 2390 Tuam,
444 2358 540 2393 inquit,
564 2357 724 2385 memoriam
748 2356 822 2383 omni
840 2356 937 2382 laetitia:
954 2364 1021 2390 prae’

237 2411 348 2438 ponam.
361 2404 399 2430 Ita
414 2403 484 2429 euitn
498 2403 630 2438 contingit
645 2407 674 2430 ut
690 2403 800 2436 reliqua:
815 2409 910 2428 omnes
924 2402 1021 2428 laetitia:

238 2449 315 2476 bonae
331 2449 394 2476 sint.
415 2448 545 2477 Dominus
569 2450 631 2476 item
654 2456 747 2476 sacros
760 2447 834 2475 cibos
851 2451 912 2473 ante
926 2455 1022 2482 corpo-

237 2496 307 2524 rales
323 2495 436 2523 inducit.

271 2587 297 2613 7.
314 2586 416 2614 Memor
430 2592 495 2619 esto,
511 2586 630 2618 Domine,
642 2586 758 2621 ﬁliorum
780 2586 876 2618 Edam,
889 2590 940 2613 etc.
958 2585 1020 2613 Filii

235 2632 320 2661 Edam
334 2633 367 2660 ab
379 2632 449 2661 Esau
463 2633 584 2664 ldumati,
598 2633 643 2668 qui
658 2638 735 2668 capta
749 2632 910 2665 Jerusalem,
923 2633 1020 2660 acerbe

236 2679 412 2711 iusultabant,
438 2679 523 2707 donec
537 2687 596 2706 eam
610 2687 626 2706 a
646 2679 830 2706 fundamentis
843 2678 962 2706 dirutam
978 2678 1018 2708 vi-

235 2725 334 2753 derint.

271 2770 297 2798 8.
311 2769 384 2797 Filia
395 2770 536 2806 Babylonis
549 2771 656 2799 ntisera.
671 2770 850 2808 Propheticus
862 2776 904 2800 est
917 2779 1018 2805 sermo,

268 2847 292 2864 ⁹²
304 2846 376 2874 Psal.
391 2855 451 2881 cui,
466 2848 511 2876 25.

1074 2265 1147 2292 Θεοῦ
1159 2265 1243 2300 ἡμῶν
1256 2264 1419 2299 ὲξεζήτησα
1434 2264 1529 2300 ἀγαθά
1544 2273 1605 2291 σοι.

1113 2311 1180 2337 Ἐὰν
1198 2311 1242 2345 μὴ
1263 2310 1510 2345 προανίιτὰξωμαι
1528 2310 1586 2343 τὴν
1608 2309 1804 2344 Ἰερουσαλὴμ
1820 2310 1863 2344 ὡς

1071 2357 1106 2383 ὲν
1116 2356 1194 2391 ἀρχῇ
1210 2356 1265 2390 τῆς
1275 2357 1466 2391 εὐφροσύνης
1475 2365 1544 2391 μου.
1556 2356 1611 2391 Τὴν
1626 2355 1684 2391 σὴν,
1699 2356 1777 2391 φησὶ,
1793 2357 1863 2392 μνή-

1073 2412 1127 2438 μην
1141 2404 1231 2438 πάσης
1248 2403 1415 2438 εὒφροσύνης
1431 2402 1566 2438 προτάξω.
1589 2402 1706 2436 ’Ᾱγαθὰς
1722 2402 1776 2438 γὰρ
1789 2403 1863 2430 οὓτω

1071 2450 1118 2476 καὶ
1133 2449 1182 2480 τὰς
1193 2449 1288 2480 λοιπὰς
1303 2450 1367 2484 ἡμῖν
1382 2448 1549 2483 εὐφροσύνας
1563 2447 1688 2482 γενέσθαι
1703 2448 1860 2483 συμϐαίνει.

1071 2495 1126 2521 Καὶ
1141 2495 1156 2521 ό
1170 2494 1270 2530 Κύριος
1286 2494 1315 2520 δὲ
1330 2493 1379 2526 τὰς
1394 2494 1469 2530 ἱερὰς
1485 2493 1587 2530 τροφὰς
1600 2494 1652 2529 πρὸ
1667 2494 1723 2520 τῶν
1736 2502 1861 2530 οωματι-

1071 2540 1126 2567 κῶν
1139 2541 1295 2576 εἰσηγεῖται.

1106 2585 1278 2620 Μνήσθητι,
1302 2587 1410 2619 Κυριε,
1436 2585 1496 2612 τῶν
1518 2584 1590 2612 υἱῶν
1619 2585 1720 2620 Ἐδώμ.
1749 2587 1781 2614 Οἱ
1808 2588 1861 2614 υἱοὶ

1077 2631 1165 2667 Ἐδὼμ
1181 2632 1205 2657 οἱ
1221 2632 1274 2658 ἀπὸ
1293 2631 1378 2658 Ἡσαῦ
1397 2631 1549 2666 Ἰδουμαῖοι.
1574 2631 1599 2657 οἳ
1615 2632 1662 2658 καὶ
1678 2631 1796 2667 ἀλούσης
1811 2633 1860 2667 τῆς

1077 2677 1252 2713 Ἰερουσαλὴμ
1271 2677 1436 2712 ὲπέμὸαινον
1459 2677 1583 2713 πικρῶς,
1606 2677 1658 2708 ἕως
1674 2678 1706 2704 ὲκ
1725 2677 1860 2713 θεμελίων

1070 2723 1155 2759 αὐτὴν
1171 2723 1392 2750 ἀνασπασθεῖσαν
1408 2723 1538 2758 ἔγνωσαν.

1106 2767 1241 2804 Θυγάτηρ
1253 2768 1432 2802 Βαϐυλῶνος
1446 2769 1465 2802 ὴ
1476 2768 1672 2803 ταλαίπωρος.
1686 2769 1859 2804 Προφητικδς
