1926 3051
68 139 124 167 5‘29

583 138 765 166 EXPOSITIO
783 139 817 165 IN
835 139 998 169 PSALMUM
1018 140 1184 170 CXXXVIII.

1644 144 1697 173 530

68 196 84 223 ὁ
100 196 181 231 λόγος
193 195 318 227 κάκεῖνος
339 196 387 231 τῆς
404 195 562 230 Βαϐυλῶνος
580 197 707 232 σημαίνει
727 198 775 233 τὴν
791 198 858 233 πόρ-

918 200 956 234 ιυὶ
977 199 1122 236 Babylonis
1144 200 1279 229 excidium
1297 201 1469 235 praenuntiat.
1486 201 1585 228 Beatus
1598 203 1642 235 qui
1656 210 1697 229 rc-

70 241 163 277 θησιν.
178 241 330 276 Μακάριος
348 241 382 274 ὃς
397 241 601 269 ἀνταποδώσω
619 243 653 269 τὸ
672 243 863 278 ἀνταπόδομά

70 296 141 316 σου.
151 289 279 318 Ἐκεῖνος,
292 287 369 322 φησὶ,
380 289 513 324 μακάριος
525 288 539 314 ὁ
550 288 809 324 ἀνταιχμαλωτεύων
821 298 860 316 σε.

142 333 184 367 Τῷ
196 333 287 361 Δαυῒδ
300 333 349 360 διὰ
367 335 526 368 Ζαχαρίου.
548 335 703 361 ΨΑΛΜΟΣ
718 336 807 362 PAZ'.

390 380 554 413 Ύπόθεσις.

77 425 108 452 '0
124 425 220 462 παρὼν
231 425 340 461 ψαλμὺς
350 425 517 461 προφητείαν
533 426 654 462 περιέχει
669 426 719 462 τῆς
735 427 862 454 ἁπάντων

108 471 194 498 ἐθνῶν
210 471 343 508 κλήσεως·
359 472 401 505 ἐφ’
444 472 491 498 καὶ
503 472 667 507 εὐχαριστεῖ,
682 473 722 499 ὅτι
735 473 765 499 οὐ
783 473 862 508 μόνος

107 516 199 548 αὐτὸς,
217 516 344 551 βασιλεὺς
356 516 404 548 ὢν,
419 516 531 552 ἠξίωται
546 516 595 552 τῆς
605 517 681 549 θείας
694 517 860 552 θεοφανείας·

106 562 175 589 ἀλλὰ
189 563 235 590 καὶ
248 563 362 595 πολλοὺς
375 562 428 590 τῶν
443 562 528 591 ἐθνῶν
545 563 663 598 βασιλεῖς
676 572 741 599 φησι
755 564 805 599 τῆς
817 565 863 592 αὑ-

105 608 155 643 τῆς
170 607 369 644 ἀξιωθήσεσθαι
390 608 511 644 χάριτος,
532 609 600 644 ὅπερ
622 609 701 645 μόνον
723 609 792 645 μετὰ
812 610 861 645 τὴν

105 654 253 690 ἐπιδημίαν
267 654 422 689 γεγένηται.

112 699 384 734 Ἑξομολοτήσομαί
406 706 470 732 σοι,
494 700 597 734 Κύριε,
618 699 652 726 ὲν
675 699 732 735 ὅλῃ
756 700 861 735 καρδίᾳ

67 753 138 778 μου.
157 744 265 780 Ταύτην
282 744 320 780 τῷ
341 744 460 780 πλουσίῳ
482 745 596 772 δέδωκεν
614 745 628 771 ό
644 746 738 782 Σωτὴρ
754 746 803 782 τὴν
818 747 861 772 ὲν-

69 789 160 825 τολὴν,
174 790 268 817 εἰπών·
287 791 464 825 Ἀγαπήσεις
480 791 588 825 Κύριον
598 791 651 818 τὸν
665 792 738 818 Θεόν
752 800 810 819 σου
825 792 859 824 ἐξ

914 246 1008 273 tribuet
1025 246 1072 273 tibi
1091 247 1286 273 retributionem
1312 252 1396 276 tuam.
1412 247 1469 281 Ille,
1484 247 1582 283 inquit,
1600 248 1696 276 beatus

912 292 958 328 qui
976 299 1001 320 te
1018 293 1044 319 in
1061 292 1242 327 captivitatem
1260 293 1377 322 duxerit.

947 337 1044 366 Davidi
1055 347 1101 374 per
1117 338 1287 367 Zachariam.
1303 339 1472 368 PSALMUS
1485 339 1657 369 CXXXVII.

1205 385 1403 420 Argumentum.

911 430 1035 459 Praesens
1061 433 1182 467 psalmus
1206 433 1374 468 prophetiam
1403 437 1524 460 continet
1545 432 1696 461 vocationis

945 477 1067 504 omnium
1082 478 1213 513 gentium,
1235 477 1268 504 de
1283 485 1336 512 qua
1357 478 1459 513 gratias
1477 478 1541 513 agit,
1554 479 1626 513 quod
1642 486 1695 506 non

947 522 1034 550 solum
1049 523 1106 558 ipse
1120 523 1166 558 qui
1180 531 1226 551 rex
1240 527 1307 556 crat,
1322 523 1368 551 Dei
1382 524 1497 551 adventu
1509 528 1535 551 et
1548 529 1696 558 conspectu

947 567 1073 602 dignatus
1095 569 1144 600 sit,
1167 568 1213 595 sed
1236 569 1317 596 etiam
1340 569 1439 596 multos
1461 569 1580 603 gentium
1604 575 1694 603 reges,

947 613 1040 640 eadem
1062 614 1146 648 gratia
1166 614 1307 642 donandos
1327 613 1374 646 ait,
1389 614 1461 649 quod
1475 618 1536 649 post
1550 613 1695 641 adventum

947 659 1054 685 Domini
1070 659 1201 686 duntaxat
1214 658 1313 686 factum
1327 663 1378 686 est.

946 704 972 731 1.
988 703 1139 738 Conﬁtebor
1155 704 1212 736 tibi,
1227 703 1347 737 Domine,
1362 705 1389 731 in
1402 709 1455 731 toto
1469 705 1546 731 corde
1560 712 1626 731 meo.
1639 703 1696 731 Hoc

910 753 1074 783 praeceptum
1096 749 1168 776 dedit
1197 749 1321 777 Salvator
1343 750 1437 783 diviti,
1460 749 1575 777 dicens:
1598 749 1695 785 Diliges

910 793 1052 820 Dominum
1069 793 1150 820 Deum
1172 799 1244 821 tuum
1266 803 1298 822 ea:
1314 800 1368 822 toto
1388 795 1465 822 corde
1481 799 1534 829 tuo,
1550 801 1574 822 et
1590 803 1622 822 ex
1634 795 1695 823 totis

69 835 147 869 ὅλης
162 835 219 870 τῆς
232 835 356 870 καρδίας
378 844 436 864 σου
457 837 505 864 καὶ
523 836 557 870 ἐξ
579 837 654 871 ὅλης
675 837 732 872 τῆς
753 838 858 872 ἰσχύος

918 838 1008 866 ιὶνίίιιιδ
1025 839 1076 866 tuis
1091 840 1123 865 ³³.

69 889 140 908 σου.
707 871 710 872 ⁷
786 871 802 872 ⁷⁷
873 871 894 899 Β

104 926 162 953 Καὶ
177 926 316 954 ἐναντίον
332 927 468 962 ἀγγέλων
482 927 570 962 ψαλῶ
582 935 641 961 σοι,
656 928 860 962 προσκυνήσω

68 972 146 1005 πρὸς
161 972 236 999 ναὸν
251 972 336 1007 ἅγιόν
354 981 422 1000 σου.
442 973 487 1005 Ὠς
506 973 647 1008 παρόντων
659 974 713 999 τῶν
726 973 858 1008 ἀγγέλων,

69 1018 117 1043 καὶ
132 1017 182 1051 τὴν
202 1017 274 1044 κατὰ
289 1018 355 1045 Θεδν
372 1018 453 1045 αὑτοῦ
470 1019 549 1054 νίκην
567 1019 610 1046 ἀεὶ
625 1018 858 1055 ὲπιθεωροὺντων.

68 1062 125 1089 Kal
148 1062 405 1099 ἐξομολογήσομαι
428 1063 468 1097 τῷ
493 1065 614 1099 ὀνόματί
649 1073 707 1092 σου
739 1065 789 1091 ἐπὶ
820 1065 860 1098 τῷ

68 1108 147 1136 ἐλέει
161 1117 218 1135 σου
233 1109 282 1136 καὶ
302 1109 339 1144 τῇ
358 1109 483 1144 ἀληθείᾳ
497 1117 565 1137 σου.
581 1110 788 1146 Εὐχαριστήσω,
805 1119 858 1145 φη-

69 1154 123 1185 σὶν,
140 1155 183 1188 ἐφ’
195 1151 236 1187 οἷς
252 1155 302 1192 τῆς
323 1155 372 1190 μὲν
388 1156 466 1188 σκιᾶς
484 1155 666 1191 λελύτρωμαι,
682 1156 732 1191 τῆς
748 1156 777 1182 δὲ
792 1156 858 1191 ἀλη-

68 1200 145 1232 θείας
161 1200 290 1236 ὴξίωμαι.
315 1200 368 1227 Ὀτι
380 1201 567 1236 ὲμεγάλυνας
575 1200 626 1228 ἐπὶ
640 1201 701 1228 πᾶν
717 1200 749 1228 τὸ
767 1201 859 1235 ὄνομα

68 1246 100 1272 τὸ
115 1245 202 1280 ἅγιόν
221 1254 290 1273 σου.
314 1246 374 1274 Ἐπὶ
389 1248 422 1282 τῇ
441 1247 495 1274 τῶν
508 1246 592 1274 ἐθνῶν
605 1247 699 1282 κλήσει
718 1246 767 1282 τὴν
780 1247 860 1282 εὐχα-

68 1292 176 1328 ριστίαν
192 1293 336 1328 ἀναφέρειν
352 1293 436 1328 λέγει.
458 1294 514 1320 Οὐκ
529 1293 571 1328 ἐφ’
592 1291 633 1325 οἷς
649 1291 678 1320 εὖ
693 1293 792 1320 ἔπαθον
810 1293 859 1329 μό-

67 1346 115 1364 νον
137 1337 300 1373 εὐχαριστῶ·
315 1337 382 1365 ἀλλὰ
399 1338 446 1365 καὶ
467 1338 500 1364 δι’
515 1338 574 1364 ὅλου
589 1338 639 1373 τὴν
652 1337 730 1371 δόξαν
743 1337 792 1373 τὴν
809 1337 858 1373 σὴν

67 1384 181 1420 Θεωρῶν
191 1405 198 1416 ,
221 1384 482 1420 δημιουργήσαντος,
497 1382 713 1419 εὐεργετοῦντος,
730 1382 857 1415 κολάζον-

66 1438 124 1462 τος.
149 1429 231 1457 οὐδὲν
251 1429 306 1466 γὰρ
322 1430 371 1465 τῆς
391 1429 505 1462 κτίσεως
522 1429 536 1456 ὕ
560 1429 598 1466 μὴ
614 1428 663 1465 τὴν
675 1429 724 1464 σὴν
740 1429 857 1464 μεγαλο-

68 1475 154 1510 σύνην
167 1476 300 1512 κηρύττῃ.

944 928 972 955 ‘2.
990 927 1024 955 In
1045 934 1184 964 conspectu
1206 929 1358 964 angelorum
1371 930 1486 964 psallam
1500 930 1559 964 tibi,
1578 929 1696 958 adorabo

909 974 943 1000 ad
962 974 1085 1009 templum
1102 980 1223 1002 sanctum
1246 981 1329 1002 tuum.
1348 975 1430 1009 Quasi
1453 976 1555 1004 scilicet
1577 984 1696 1011 praesen-

910 1020 983 1048 tibus
1007 1021 1120 1054 angelis,
1143 1026 1170 1048 et
1189 1022 1249 1056 ejus
1269 1022 1410 1050 victoriam
1432 1030 1480 1057 per
1495 1022 1542 1050 Dei
1563 1023 1693 1050 auxilium

910 1070 1016 1101 partam
1039 1074 1145 1100 semper
1165 1067 1349 1095 cernentibus.
1376 1067 1410 1094 Et
1434 1067 1574 1102 conﬁtebor
1595 1069 1695 1095 nomini

912 1116 955 1138 tuo
980 1119 1058 1146 super
1077 1111 1259 1138 misericordia
1278 1117 1323 1138 tua
1344 1117 1368 1139 et
1385 1113 1494 1140 veritate
1515 1118 1572 1140 tua.
1587 1112 1694 1140 Gratias

910 1165 998 1192 agam,
1012 1156 1107 1192 inquit,
1125 1157 1196 1192 quod
1210 1157 1243 1184 ab
1256 1157 1350 1185 umbra
1365 1157 1504 1190 liberatus,
1515 1163 1542 1185 et
1554 1159 1693 1186 veritatem

909 1208 1073 1231 consecutus
1095 1203 1157 1234 sim.
1176 1202 1307 1235 Quoniam
1331 1203 1508 1238 magni/icatti
1527 1211 1604 1238 super
1619 1211 1694 1230 omne

909 1257 1002 1276 nomen
1017 1253 1136 1275 sanctum
1151 1253 1234 1275 tuum.
1253 1247 1291 1275 De
1307 1249 1426 1284 gentium
1439 1249 1581 1275 vocatione
1593 1248 1695 1283 gratias

909 1302 938 1322 se
955 1293 1056 1322 referre
1070 1293 1144 1321 dicit.
1159 1293 1252 1329 Neque
1270 1298 1374 1321 tantum
1393 1293 1426 1321 de
1443 1293 1548 1320 collatis
1565 1293 1632 1320 mihi
1648 1294 1694 1321 be-

909 1339 1013 1367 neﬁciis
1028 1339 1130 1375 gratias
1145 1347 1195 1374 ago
1206 1360 1214 1372 ,
1228 1339 1275 1367 sed
1290 1339 1362 1373 quod
1381 1338 1419 1366 tui
1436 1338 1547 1374 gloriam
1564 1338 1590 1365 in
1606 1339 1694 1366 omni-

909 1385 960 1412 bus
984 1384 1165 1420 contempler,
1192 1384 1323 1412 creatoris
1353 1384 1472 1415 scilicet,
1501 1382 1692 1414 hcnei‘actoris,

908 1429 1015 1457 ultoris.
1032 1429 1106 1456 Nihil
1120 1430 1220 1464 quippe
1233 1433 1274 1457 est
1288 1428 1315 1455 in
1331 1436 1420 1456 rerum
1437 1432 1533 1456 natura
1547 1428 1620 1464 quod
1637 1436 1694 1456 ma-

908 1474 1075 1509 gnitudinem
1091 1478 1164 1501 tuam
1180 1481 1233 1501 non
1251 1474 1386 1509 pradicet.

103 1521 314 1556 Πολυωρήσεις
331 1529 370 1556 με
390 1520 425 1548 ὲν
447 1520 532 1556 ψυχῇ
557 1529 618 1555 μου
640 1520 763 1555 δυνάμει
787 1528 855 1547 σου.

944 1523 972 1550 5.
986 1522 1146 1550 Diuturnam
1165 1530 1257 1549 curam
1278 1520 1383 1548 habebis
1405 1521 1502 1548 anime
1521 1529 1584 1548 mem
1599 1521 1694 1549 virtute

66 1567 244 1601 Πολυωρίαν
264 1567 312 1602 τὴν
329 1565 558 1602 πολυχρονιότητά
574 1573 666 1601 φησιν.
690 1565 719 1592 '0
735 1565 762 1592 δὲ
783 1564 854 1596 νοῦς·

66 1613 187 1648 Δυνάμει
215 1613 249 1648 τῇ
282 1613 315 1648 σῇ
346 1613 537 1648 μεταποιήσεις
564 1620 597 1647 με
626 1612 658 1637 ἐκ
687 1610 790 1646 φθορᾶς
817 1611 857 1641 είς

66 1657 236 1693 ἀιξθαρσίαν.
473 1694 476 1697 Ι

102 1705 160 1732 Καὶ
177 1703 342 1738 ᾁσάτωσαν
361 1704 396 1731 ἐν
414 1704 479 1737 ταῖς
497 1703 586 1737 ᾠδαῖς
599 1703 725 1738 Κυρίου,
744 1703 789 1730 ὅτι
804 1711 857 1738 με·

68 1750 146 1785 ς’άλη
161 1751 180 1785 ἠ
196 1750 271 1783 δόξα
292 1751 415 1784 Κυρίου.
435 1750 514 1786 ᾮόὰς
533 1749 636 1786 Κυρίου
656 1748 855 1785 ἀναγέγραφεν,

67 1797 100 1829 ἃς
113 1796 187 1833 ᾅδειν
201 1797 264 1828 τοὺς
275 1796 305 1829 ἐξ
316 1796 400 1823 ἐθνῶν
413 1796 516 1828 πάντας
533 1795 738 1830 ἐπαγγέλλεται.

103 1889 167 1915 Ὅτι
178 1888 297 1923 ὑψηλὸς
319 1889 427 1922 Κύριος
444 1888 492 1915 καὶ
505 1889 541 1915 τὰ
553 1887 679 1915 ταπεινὰ
691 1886 794 1921 ἐφορᾷ.
811 1887 856 1923 Μὴ

67 1934 224 1969 Θαυμάσῃς,
239 1935 330 1969 φησὶν,
347 1935 371 1960 εὶ
386 1933 472 1960 ταῦτα
490 1934 633 1969 γενήσεται
650 1934 679 1959 ὲν
693 1931 856 1968 ἀνθρώποις·
870 1929 874 1933 ’

65 1982 98 2009 οὐ
113 1982 169 2017 γὰρ
181 1981 399 2017 ἀπηλλοτρίωται
412 1981 463 2016 τῆς
477 1981 524 2007 τοῦ
542 1980 608 2007 Θεοῦ
623 1980 749 2016 προνοίας
765 1980 799 2006 τὰ
810 1979 857 2006 ἀν-

66 2025 203 2061 θρώπινα.
223 2026 277 2053 Kal
295 2026 331 2052 τὰ
347 2025 452 2060 ὑψηλὰ
468 2025 526 2052 ἀπὸ
538 2025 688 2059 μακρόθεν
710 2022 856 2058 γινώσκει.

67 2071 211 2108 Προώρισε
225 2071 279 2107 γὰρ
292 2071 346 2098 ἀπὸ
359 2070 510 2105 καταϐολῆς
528 2070 629 2105 κόσμου
644 2068 714 2096 κατὰ
728 2068 773 2095 τὸν
789 2067 859 2094 θεῖον

73 2116 238 2143 Ἀπόστολον
258 2116 308 2151 τὴν
325 2115 420 2151 κλῆσιν
435 2115 488 2142 τῶν
511 2114 606 2146 ἐθνῶν,
624 2115 671 2141 καὶ
694 2113 743 2149 τὴν
768 2113 806 2144 είς
824 2112 860 2139 τὰ

69 2162 161 2197 ὑψηλὰ
174 2162 330 2197 ἀναγωγήν.

909 1571 964 1594 tua.
979 1567 1134 1604 Πολυωρίαν
1153 1567 1218 1594 dicit
1233 1566 1450 1594 diuturnitatem.
1469 1565 1532 1594 Ηωο
1547 1570 1588 1594 est
1603 1571 1693 1594 autem

907 1614 1042 1641 sententia
1059 1621 1066 1639 :
1082 1613 1187 1640 Virtute
1212 1618 1257 1640 tua
1280 1612 1476 1640 transmutabis
1499 1620 1543 1639 me
1564 1619 1579 1639 a
1598 1620 1695 1640 corru-

907 1658 998 1693 ptione
1014 1658 1041 1684 in
1059 1657 1302 1692 incorruptionem.

943 1703 969 1730 5.
984 1702 1019 1730 Et
1034 1707 1139 1730 cantent
1159 1704 1187 1730 in
1201 1703 1312 1730 canticis
1327 1702 1443 1734 Domini,
1460 1703 1586 1737 quoniam
1598 1710 1694 1737 magna

908 1753 947 1775 est
971 1748 1056 1784 gloria
1079 1749 1195 1776 Domini.
1210 1749 1319 1776 Cantica
1343 1748 1448 1776 Domini
1464 1748 1617 1783 descripsit,
1633 1756 1694 1783 qua:

908 1795 942 1822 ab
956 1795 1083 1823 omnibus
1095 1795 1259 1831 exigentium
1274 1794 1373 1830 populo
1386 1794 1557 1822 credentibus
1573 1795 1693 1822 canenda

907 1841 1040 1876 praedicit.

945 1885 972 1913 6.
988 1885 1118 1918 Quoniam
1132 1885 1249 1912 excelsus
1266 1885 1395 1913 Dominus
1407 1890 1431 1913 et
1448 1884 1559 1912 humilia
1576 1884 1693 1918 respicit.

908 1930 948 1958 Ne
970 1931 1078 1963 mirere,
1104 1931 1206 1966 inquit,
1232 1931 1255 1958 si
1284 1931 1341 1958 haec
1365 1931 1436 1966 apud
1460 1930 1583 1958 homines
1603 1928 1693 1957 futura

909 1977 973 2008 sint.
991 1977 1109 2004 humana
1128 1977 1228 2012 quippe
1248 1984 1302 2003 non
1324 1984 1338 2003 a
1359 1975 1405 2003 Dei
1422 1975 1590 2011 providentia
1605 1975 1695 2002 aliena

910 2026 983 2049 unt.
1000 2021 1034 2049 Et
1058 2021 1114 2048 alta
1132 2031 1148 2048 a
1164 2022 1237 2057 longe
1258 2021 1400 2057 cognoscit.
1425 2020 1605 2047 Prmdelinivit
1620 2020 1693 2047 enim

910 2076 926 2096 a
949 2069 1142 2097 constitutione
1168 2068 1262 2096 mundi
1283 2068 1451 2096 vocationem
1471 2067 1601 2104 gentium,
1615 2067 1695 2102 juxta

909 2116 1030 2144 divinum
1045 2116 1217 2152 Apostolum,
1231 2115 1499 2151 assumptionemque
1513 2114 1547 2142 ad
1557 2114 1674 2142 excelsa.

110 2208 179 2235 Ἐὰν
202 2206 336 2242 πορευθῶ
356 2207 391 2233 ἐν
410 2205 494 2241 μέσῳ
518 2206 664 2240 θλίψεως,
689 2204 788 2237 ζήσεις
808 2212 856 2238 με.

947 2206 972 2233 7.
992 2206 1020 2234 Si
1035 2205 1203 2233 ambulavero
1217 2206 1245 2232 in
1256 2206 1341 2233 medio
1357 2205 1534 2232 tribulationis
1549 2205 1695 2240 uiuiﬁcabie

68 2255 183 2290 Ὅμοιον
203 2253 251 2280 τό¹
277 2254 386 2287 exat-tr
410 2252 493 2284 ἕξετε
514 2252 549 2278 ὲν
574 2250 614 2283 τῷ
637 2251 753 2285 κόσμῳ*
777 2249 858 2277 ἀλλὰ

67 2299 216 2335 θαρσεῖτε,
231 2299 288 2334 ἐγὼ
303 2299 449 2332 νενίκηκα
467 2297 520 2324 τὸν
539 2297 663 2332 κόσμον.
682 2296 743 2323 Ἐπ’
765 2295 858 2330 ὀργὴν

66 2346 184 2381 ἐχθρῶν
200 2355 260 2380 μου
279 2344 429 2377 ἐξέτεινας
443 2344 497 2377 τὰς
509 2343 610 2378 χεῖράς
627 2351 696 2369 σου.
716 2341 858 2376 Ἐπενήνε-

69 2399 132 2417 κται
148 2390 205 2426 γὰρ
220 2390 279 2416 κατ’
295 2389 383 2416 αὐτῶν
399 2390 415 2425 ἡ
428 2389 501 2421 δεξιὰ
516 2388 562 2415 τοῦ
581 2387 697 2422 Πατρὸς,
719 2386 857 2414 τουτέστιν

67 2437 82 2462 6
98 2435 173 2467 Υἱὸς,
189 2436 250 2470 ἥτις
267 2435 315 2462 καὶ
325 2434 425 2462 ἔσωσεν
440 2436 522 2470 ἡμᾶς.

106 2482 214 2515 Κύριος
241 2480 444 2509 ἀνταποδώσω
468 2480 544 2515 ὑπὲρ
571 2480 655 2515 ἐμοῦ.
677 2480 779 2516 Κρίνας
803 2479 858 2515 γὰρ

69 2527 118 2563 τὴν
142 2526 205 2554 καθ’
224 2527 304 2563 ἡμῶν
324 2527 449 2559 ἀδικίαν,
471 2526 581 2559 ὲξέὗαλε
603 2526 649 2553 τὸν
674 2526 791 2561 ἄρχοντα
810 2525 857 2552 τοῦ

70 2572 184 2606 κόσμου.

70 2619 123 2650 Εἰς
136 2617 224 2650 τέλος
247 2616 288 2649 τῷ
308 2617 399 2644 Δαυῒΰ
416 2618 569 2644 ΨΑΛΜΟΣ
589 2617 638 2644 διὰ
658 2617 806 2652 Ζαχαρίου
823 2616 858 2643 ἐν

305 2662 343 2698 τῇ
359 2662 515 2697 διασπορᾷ.
531 2665 625 2690 ΡΑΗ’.

388 2710 550 2744 Ὺπόθεο-ις.

77 2754 255 2791 Ἀναφέρεται
281 2755 331 2790 μὲν
358 2756 372 2782 ὸ
397 2755 502 2791 ψαλμὸς
525 2757 565 2788 είς
590 2755 620 2782 τὸ
643 2754 690 2781 τοῦ
722 2753 857 2789 Ζαχαρίου

109 2801 264 2835 πρόσωπον,
284 2800 324 2826 ἐτι
345 2800 428 2827 ὄντων
443 2801 472 2827 ἐν
483 2801 517 2836 τῇ
534 2800 706 2836 αἰχμαλωσίᾳ
720 2799 773 2825 τῶν
792 2798 857 2825 υἱῶν

93 2858 115 2873 ’³
127 2857 221 2886 Iatth.
237 2866 305 2893 xxn,
319 2857 352 2885 57
402 2858 424 2874 ’⁸
436 2857 514 2886 Joan.
530 2866 586 2892 xvr,
601 2857 644 2886 55.

910 2259 960 2279 me.
971 2251 1066 2279 Simile
1075 2256 1117 2278 est
1131 2251 1196 2278 illud
1207 2260 1214 2278 :
1225 2250 1432 2278 Tributationem
1444 2250 1569 2277 [rubebitis
1581 2250 1608 2277 in
1619 2258 1694 2276 mun-

910 2298 960 2329 do;
975 2297 1020 2324 sed
1042 2297 1176 2332 conﬁdite,
1190 2305 1237 2332 ego
1260 2297 1310 2324 uici
1327 2297 1455 2324 mundum
1477 2296 1511 2324 ".
1528 2296 1612 2331 Super
1626 2296 1696 2322 iram

911 2345 1078 2372 inimicorum
1092 2352 1208 2371 meorum
1221 2344 1361 2370 extendisti
1378 2352 1469 2370 manus
1484 2349 1555 2370 tuas.
1572 2343 1696 2370 Immissa

911 2391 1010 2426 quippe
1025 2395 1066 2418 est
1079 2390 1210 2418 adversus
1229 2391 1290 2417 illos
1303 2390 1413 2418 dextera
1430 2389 1529 2423 Patris,
1550 2390 1575 2416 id
1592 2394 1634 2416 est
1651 2388 1696 2416 Fi-

911 2437 974 2469 lius,
990 2444 1051 2471 quae
1067 2444 1116 2463 nos
1133 2436 1223 2463 salvos
1239 2435 1311 2462 fecit.

945 2482 971 2509 8.
991 2482 1119 2509 Dominus
1134 2482 1259 2508 retribuet
1274 2489 1321 2516 pro
1338 2489 1388 2508 me.
1404 2479 1552 2515 Postquam
1564 2479 1695 2514 judicavit

910 2527 982 2554 enim
997 2527 1030 2554 de
1042 2526 1174 2561 injustitia
1185 2533 1239 2561 qua
1250 2525 1306 2553 laesi
1321 2533 1426 2557 sumus,
1438 2524 1588 2560 principem
1601 2524 1695 2551 mundi

910 2572 1000 2608 ejccit.

946 2619 980 2646 In
1000 2619 1078 2654 linem
1093 2617 1264 2646 PSALMUS
1279 2617 1375 2644 Davidi
1394 2625 1439 2652 per
1457 2615 1615 2643 Zachariam
1632 2616 1660 2642 in

1116 2663 1284 2698 dispersione.
1300 2661 1399 2689 CXXX
1407 2659 1489 2688 VIII.

1202 2707 1401 2742 Argumentum.

910 2755 1037 2783 Rel‘ertur
1053 2754 1175 2790 psalmus
1191 2753 1224 2780 ad
1240 2760 1382 2788 personam
1403 2750 1550 2783 Zachariae,
1566 2749 1629 2776 dum
1646 2746 1694 2774 ﬁlii

946 2800 1029 2829 Israel
1052 2800 1142 2828 adhuc
1167 2804 1258 2828 essent
1283 2799 1310 2826 in
1337 2797 1491 2833 captivitate
1511 2801 1538 2824 et
1560 2793 1695 2830 Propheta
