1926 3051
235 140 284 169 531

273 246 342 272 vina:
361 254 425 281 erga
447 255 496 274 nos
513 248 703 282 providentiae,
724 254 750 276 et
767 250 838 284 quod
862 257 915 276 non
933 250 1019 276 solum

271 292 303 318 ad
319 292 443 320 universa
463 294 633 327 extendatur,
650 295 696 321 sed
712 294 792 322 rebus
807 294 888 321 etiam
907 295 1020 329 singulis

273 338 435 372 prospiciat;
456 339 491 366 ita
514 344 542 366 ut
560 347 647 374 neque
663 345 754 367 motus
775 341 860 367 nostri
874 348 960 375 neque
975 349 1021 368 co-

271 383 415 416 gitationes
428 384 462 410 ab
474 384 532 418 ejus
546 385 712 418 providentia
732 385 910 420 negligantur.
927 386 1020 413 Admi-

271 431 348 454 ratur
363 429 521 456 teconomiaa
536 430 757 464 profunditatem,
772 431 941 459 vocationem
956 440 1019 466 gen-

271 474 338 501 tium
352 479 442 509 aperte
455 475 600 510 signiﬁcat,
617 481 644 503 et
656 477 863 511 repugnantiam
880 476 1019 504 lsraelitici

270 520 359 554 populi
376 520 506 548 adversus
537 521 688 550 Christum.
711 522 824 557 Propter
848 522 906 550 haec
928 523 1019 550 omnia

271 566 297 592 in
312 565 391 593 tinem
408 565 501 595 Davidi
519 567 667 603 inscriptus
680 573 731 596 est.
749 568 911 604 Plerumque
927 573 1017 596 autem

271 610 400 641 diximus,
418 612 539 646 psalmos
563 613 599 639 ita
630 613 774 649 inscriptos
794 615 827 642 ad
849 619 954 648 tempus
971 613 1018 641 ad-

269 661 366 684 ventus
379 656 485 685 Domini
499 662 630 693 spectare.

271 796 296 823 1.
314 796 433 829 Domine,
454 796 572 831 probasti
588 805 628 824 me
650 801 674 824 et
691 798 836 832 cognovisti
851 806 899 824 me.
919 797 1014 832 Utpolt

233 841 281 876 qui
297 841 424 875 conﬁdat,
442 849 471 869 se
491 843 596 869 ﬁrmam
616 842 642 869 in
656 843 793 870 Christum
811 843 889 870 ﬁdem
908 843 1015 874 habere,

234 887 356 922 nihilque
369 888 421 915 sibi
435 896 579 916 commune
591 896 652 916 esse
667 896 728 915 cum
743 889 886 925 iniquitate
902 888 1016 923 improbi

234 933 337 968 populi,
352 941 415 961 eum
443 934 531 969 ipsum
553 934 600 969 qui
621 934 703 962 corda
729 934 855 962 fermavit
874 939 968 962 evocat
989 935 1016 962 in

234 983 340 1005 testem.

267 1024 294 1051 5.
309 1023 468 1051 Intellexisti
481 1026 651 1060 cogitationes
665 1033 735 1052 meas
750 1025 782 1052 de
796 1025 881 1060 longe,
896 1027 1017 1052 semitarii

233 1078 318 1097 meum
332 1076 356 1097 et
369 1071 517 1106 funiculum
529 1080 614 1099 meum
628 1073 800 1107 investigastt'.
816 1072 929 1100 Etiamsi
948 1072 1017 1100 Deus

233 1117 427 1152 cogitationum
446 1122 549 1145 motum
564 1119 666 1151 videat,
682 1118 768 1146 multo
784 1118 870 1153 magis
882 1119 943 1145 vitae
957 1126 1018 1145 cur-

232 1169 293 1189 sum
309 1164 458 1196 cognoscit.
475 1162 602 1190 Semitam
622 1172 706 1190 meum
728 1168 752 1191 et
769 1163 917 1198 funiculum
932 1172 1017 1190 meum

232 1207 408 1242 investigasti.
424 1209 582 1244 Σχοινισμός
602 1214 643 1237 est
668 1207 795 1237 mensura
817 1210 938 1244 quaadam
956 1210 1014 1237 vim.

232 1251 303 1280 Dicit
318 1258 407 1280 autem
423 1262 484 1280 eum
500 1262 607 1281 omnem
623 1255 795 1290 cogitationis
812 1260 916 1283 motum
932 1255 1014 1289 scire;

232 1306 279 1332 per
293 1299 351 1326 vias
361 1299 433 1326 enim
451 1306 542 1328 motus
561 1301 704 1335 signiﬁcat.

266 1427 293 1456 4.
309 1426 443 1461 Quoniam
460 1436 512 1456 non
527 1433 566 1456 est
578 1429 655 1457 dolus
670 1430 698 1457 in
717 1431 808 1466 lingua
830 1439 898 1459 mea.
916 1431 949 1460 Et
965 1432 1016 1460 hoc

232 1478 275 1501 cst
294 1481 376 1509 quam
400 1475 549 1503 maximum
565 1476 672 1504 Davidis
689 1477 826 1509 meritum,
840 1478 912 1512 quod
930 1479 1016 1505 nemi-

657 144 686 172 S.
706 144 893 173 ATHANASII
910 145 985 173 OPP.
1007 145 1098 172 PARS
1119 145 1163 172 Ill.
1183 161 1218 165 —
1236 145 1440 174 EXEGETICA.

273 207 381 234 quoque
403 208 464 228 eum
494 201 556 228 illis.
574 201 705 230 Describit
725 207 816 230 autem
834 204 967 230 rationem
980 204 1020 230 di-
1034 206 1057 234 Α

1034 875 1053 902 Β

1808 145 1858 173 552

1115 203 1239 239 Ἰσραὴλ,
1263 203 1309 230 καὶ
1332 203 1384 239 μὴν
1401 204 1447 230 καὶ
1470 203 1550 230 αὺτοῦ
1573 203 1620 230 τοῦ
1644 203 1787 239 Προφήτου
1812 203 1858 230 σὺν

1107 249 1208 279 αὐτοῖς.
1224 248 1324 284 Γράφει
1339 248 1367 275 δὲ
1378 250 1427 284 τῆς
1439 249 1502 284 περὶ
1517 248 1583 275 Θεοῦ
1601 249 1640 280 είς
1654 249 1727 284 ἡμᾶς
1744 248 1857 283 κηδεμο-

1107 297 1165 328 νίας
1181 295 1227 322 τὸν
1251 295 1360 332 τρόπον·
1384 296 1431 322 καὶ
1454 296 1491 327 ὡς
1513 295 1542 321 οὒ
1570 295 1648 330 μόνον
1670 293 1724 319 τῶν
1745 292 1856 319 καθὸλου

1107 343 1222 368 ποιεῖται
1238 341 1375 376 πρόνοιαν,
1399 340 1467 368 ἀλλὰ
1480 341 1534 376 γὰρ
1547 341 1593 367 καὶ
1609 339 1662 366 τῶν
1677 338 1750 366 κατὰ
1767 338 1854 374 μέρος·

1106 387 1144 419 ὡς
1161 388 1228 423 μηδὲ
1243 388 1291 420 τὰς
1311 388 1440 423 κινήσεις,
1456 387 1522 422 μηδὲ
1538 386 1587 418 τὰς
1603 385 1765 420 ἐνθυμήσεις
1782 384 1856 419 ἡμῶν

1106 433 1154 468 τῆς
1177 434 1257 460 αὑτοῦ
1281 433 1421 460 λείπεσθαι
1440 433 1575 469 προνοίας.
1601 429 1803 466 Ἀποθαυμάζει
1827 439 1855 463 γε

1105 478 1157 513 μὴν
1168 478 1215 504 καὶ
1227 478 1276 514 τῆς
1289 478 1440 514 οἰκονομίας
1455 478 1484 504 τὸ
1499 477 1590 513 βάθος,
1605 478 1655 512 τήν
1665 485 1695 502 τε
1707 476 1761 502 τῶν
1775 475 1855 501 ἐθνῶν

1106 523 1200 558 κλῆσιν
1217 524 1415 559 κατασημαίνει
1431 523 1533 558 σαφῶς,
1548 524 1596 550 καὶ
1608 522 1656 558 τὴν
1671 521 1857 556 γεγενημένην

1104 570 1257 604 ἀντιλογίαν
1272 570 1310 605 τῷ
1324 570 1430 605 Σωτῆρι
1442 569 1551 605 Χριστῷ
1562 567 1636 604 παρὰ
1647 567 1693 593 τοῦ
1707 567 1738 598 ἐξ
1752 566 1856 602 Ἰσραὴλ

1103 615 1178 644 λαοῦ.
1201 616 1250 643 Διὰ
1274 616 1306 652 δὴ
1323 616 1409 643 ταῦτα
1431 615 1519 642 πάντα
1542 615 1589 641 καὶ
1604 615 1643 645 εἰς
1656 613 1686 639 τὸ
1704 612 1782 644 τέλος
1799 613 1855 638 ἐπι-

1103 664 1258 698 γέγραπται
1277 661 1315 697 τῴ
1332 661 1421 688 Δαυῖδ.
1441 661 1560 696 Εἴπομεν
1576 659 1604 686 δέ
1621 658 1761 690 πολλάκις,
1780 658 1818 690 ὡς
1833 658 1855 683 οἱ

1105 707 1175 734 οὕτω
1188 707 1241 734 τῶν
1256 706 1370 742 ψαλμῶν
1391 706 1604 741 ἐπιγραφόμενοι
1618 705 1658 736 είς
1669 704 1714 731 τὸν
1732 704 1783 739 τῆς
1799 704 1856 730 ἐπι-

1103 754 1134 789 δη
1139 754 1202 789 μίας
1215 753 1422 789 ἀναπέμπονται
1439 752 1543 787 καιρόν.

1102 800 1199 833 Κύριε,
1216 798 1398 833 ἐδοκίμασάς
1407 806 1444 832 με
1459 798 1507 824 καί
1520 798 1612 832 ἔγνως
1623 804 1670 830 με.
1687 795 1733 826 Ὦς
1748 793 1855 830 θαρρῶν

1069 843 1178 878 βεὸαίαν
1200 842 1272 877 ἔχειν
1292 843 1341 878 τὴν
1361 842 1451 868 πίστιν
1473 842 1522 877 τὴν
1545 842 1585 873 είς
1604 840 1736 876 Χριστὸν,
1755 839 1802 865 καὶ
1820 839 1857 869 ὡς

1067 888 1177 924 οὐδεμία
1202 888 1275 924 αὐτῷ
1294 888 1420 915 κοινωνία
1438 888 1532 922 γέγονε
1556 888 1588 922 τῇ
1608 886 1654 913 τοῦ
1671 886 1774 921 φαύλου
1792 885 1855 912 λαοῦ

1068 935 1235 970 παρανομίᾳ,
1253 934 1342 961 αὐτῶν
1355 934 1408 960 τῶν
1426 933 1542 969 καρδιῶν
1558 933 1603 959 τὸν
1617 932 1739 966 πλάπην
1758 932 1855 958 Exim»

1067 981 1151 1007 λεῖται
1170 981 1305 1016 μάρτυρα.

1102 1026 1144 1052 Σὺ
1158 1024 1294 1059 συνῆκας
1318 1025 1388 1058 τοὺς
1411 1024 1624 1059 διαλογισμούς
1643 1032 1703 1058 μου
1720 1023 1782 1050 ἀπὸ
1798 1031 1855 1057 μα-

1068 1073 1185 1105 κρόθεν,
1207 1072 1264 1106 τὴν
1278 1072 1379 1105 τρίϐον
1397 1080 1455 1105 μου
1471 1070 1519 1096 καί
1536 1071 1588 1097 τὸν
1604 1069 1729 1104 σχοῖνόν
1738 1078 1799 1104 μου
1816 1069 1855 1095 σὺ

1067 1117 1252 1152 ἐξιχνίασας.
1270 1118 1300 1143 El
1320 1118 1366 1143 καὶ
1381 1116 1433 1143 τῶν
1446 1115 1633 1151 διανοημάτων
1647 1113 1699 1142 οἶδε
1712 1114 1762 1150 τὴν
1779 1115 1854 1150 κίνη-

1069 1171 1109 1188 σιν
1129 1163 1142 1188 ο
1159 1162 1233 1194 Θεὸς,
1254 1161 1342 1197 πολλῷ
1363 1162 1442 1188 πλέον
1464 1161 1513 1196 τῆς
1529 1161 1599 1188 κατᾶ
1611 1161 1656 1187 τὸν
1670 1160 1726 1196 βίον
1743 1160 1855 1195 πορείας

1067 1206 1122 1241 ἔχει
1136 1205 1185 1241 τὴν
1198 1206 1307 1240 γνῶσιν.
1329 1205 1387 1239 Τὴν
1403 1206 1503 1240 τρίϐον
1519 1214 1578 1239 μου
1596 1205 1645 1231 καὶ
1656 1204 1714 1237 τὴν
1729 1203 1856 1238 σχοῖνόν

1063 1260 1123 1285 μου
1144 1251 1185 1277 σὺ
1199 1250 1386 1284 ἐξιχνΙασας.
1403 1249 1583 1285 Σχοινισμὸς
1606 1250 1653 1285 μὲν
1667 1249 1766 1284 μέτρον
1783 1249 1854 1275 ἐστὶν

1067 1296 1217 1332 ὡρισμένον
1236 1296 1306 1324 ὁδοῦ.
1328 1297 1408 1330 Λέγει
1431 1296 1473 1328 δὲ,
1496 1296 1533 1327 ὼς
1555 1296 1643 1322 πᾶσαν
1658 1295 1766 1330 κίνησιν
1785 1294 1851 1328 λογι-

1067 1342 1136 1378 σμοῦ
1151 1343 1295 1369 ἐπίστασαι
1305 1350 1312 1358 ·
1329 1342 1377 1374 τὰς
1392 1342 1446 1378 γὰρ
1462 1343 1582 1377 κινήσεις
1598 1341 1642 1368 διὰ
1655 1341 1708 1367 τῶν
1722 1341 1791 1367 ὁδῶν
1809 1348 1855 1375 ση-

1068 1387 1166 1422 μαίνει.

1104 1433 1165 1460 Ὅτι
1181 1434 1236 1459 οὐκ
1251 1433 1317 1460 ἐστι
1331 1432 1421 1465 δόλος
1432 1432 1468 1458 ἐν
1481 1432 1605 1467 γλώσσῃ
1616 1441 1687 1466 μου.
1703 1432 1758 1458 Καὶ
1775 1431 1853 1458 τοῦτο

1068 1479 1195 1514 μέγιστον
1208 1479 1261 1506 τῶν
1274 1478 1493 1514 κατορθωμάτων
1509 1478 1548 1514 τῷ
1563 1478 1658 1510 Δανιῒδ,
1676 1479 1713 1513 μὴ
1728 1478 1856 1513 ἀδικῆσαι

232 1528 294 1548 nem
311 1521 410 1548 laeserit
423 1521 525 1556 lingua,
548 1522 589 1549 vel
605 1523 756 1556 mendacio,
770 1524 810 1550 vel
825 1524 954 1559 perjurio,
972 1525 1014 1552 vel

1082 1526 1114 1561 ὴν
1130 1525 1254 1559 γλῶσσαν
1268 1526 1335 1560 μήτε
1348 1525 1376 1551 ὲν
1391 1524 1494 1560 ψεύδει,
1511 1525 1578 1560 μήτε
1595 1521 1774 1559 ἐνέπιορκίᾳ,
1788 1524 1853 1559 μήτε

232 1565 330 1593 fraude
343 1566 449 1600 dolove,
465 1567 573 1602 aliaque
589 1568 670 1595 simili
684 1569 802 1597 ratione.

267 1612 294 1639 5.
315 1611 392 1645 Ecce,
419 1612 539 1645 Domine,
564 1619 593 1640 tu
609 1614 751 1648 cognovisti
771 1615 860 1641 omnia
875 1616 1016 1643 novissima

231 1662 257 1684 et
271 1658 392 1692 antiqua.
409 1658 494 1686 Media
515 1663 594 1691 tacet,
608 1659 671 1694 quia
689 1659 716 1686 in
731 1660 821 1688 medio
843 1662 894 1688 sita
913 1662 1015 1690 malitia

232 1706 288 1730 est.
299 1702 357 1730 Non
370 1704 404 1731 ab
419 1704 496 1731 initio
506 1705 577 1732 enim
593 1705 653 1738 fuit,
667 1713 716 1733 nec
729 1705 755 1732 in
768 1706 820 1734 ﬁne
835 1708 894 1735 erit.
912 1707 950 1734 Tu
965 1708 1017 1743 [or-

232 1749 312 1775 maui
333 1757 374 1776 me
388 1755 412 1776 et
424 1751 537 1784 posuisti
549 1759 626 1786 super
638 1759 677 1778 me
692 1760 799 1779 manum
815 1757 898 1780 tuam.
913 1753 1016 1782 Etiam-

233 1795 267 1827 si,
293 1795 389 1830 inquit,
411 1803 455 1823 me
478 1796 654 1828 formaveris,
673 1797 818 1825 formatum
834 1807 878 1826 me
899 1806 973 1828 tenes
989 1806 1017 1829 et

232 1850 342 1875 servas;
361 1850 423 1870 nam
442 1843 580 1878 impositio
601 1852 697 1872 manus
725 1844 772 1872 Dei
792 1846 919 1873 collatum
938 1849 1016 1876 nobis

234 1885 351 1921 Spiritus
366 1888 466 1915 donum
489 1889 632 1923 signiﬁcat.
648 1889 881 1922 Quemadmodum
901 1893 1014 1926 apostoli

234 1938 281 1964 per
294 1939 422 1958 manuum
439 1932 639 1967 impositionem
660 1933 792 1969 Spiritum
809 1941 932 1963 sanctum
946 1944 1016 1971 pra:-

232 1977 342 2005 hebant.

268 2022 295 2049 6.
312 2023 446 2050 Mirabilis
461 2025 532 2058 facta
546 2031 584 2052 est
607 2026 718 2053 scientia
736 2031 781 2053 tua
799 2034 832 2053 ex
847 2035 897 2059 me,
910 2027 1016 2061 confor-

232 2073 290 2096 rata
313 2074 352 2096 est
372 2076 397 2096 et
416 2079 467 2097 non
484 2076 573 2105 potero
593 2072 628 2099 ad
643 2080 711 2099 eam.
729 2072 870 2106 Ejusmodi
884 2078 926 2100 est
943 2074 1016 2108 quod

232 2114 298 2141 dicit
314 2115 418 2142 :multa
441 2116 493 2143 alia
516 2123 576 2144 esse
595 2124 610 2143 a
624 2116 678 2144 Deo
691 2117 718 2144 in
735 2125 764 2144 se
782 2117 850 2145 facta
862 2137 870 2148 ,
885 2126 945 2152 qua:
959 2119 1016 2154 ipse

232 2166 395 2194 cognoscere
417 2168 470 2187 non
496 2161 591 2196 possit.
612 2160 680 2188 Nam
704 2167 884 2197 exsuperant,
909 2164 1014 2199 inquit,

1066 1571 1095 1597 ὲν
1109 1570 1200 1606 ἀπάτῃ
1213 1570 1258 1597 καὶ
1275 1570 1351 1604 δόλῳ,
1365 1570 1411 1597 καὶ
1425 1570 1498 1606 πάσῃ
1514 1569 1624 1606 τοιαύτῃ
1638 1569 1704 1605 ἄλλῃ

1107 1614 1179 1641 Ἰδοὺ
1190 1635 1196 1646 ,
1210 1615 1314 1648 Κύριε,
1329 1614 1369 1641 σὺ
1391 1615 1484 1648 ἔγνως
1505 1613 1602 1640 πάντα
1621 1614 1655 1641 τὰ
1675 1615 1791 1647 ἔσχατα
1807 1614 1857 1642 καὶ

1064 1659 1101 1686 τὰ
1120 1660 1238 1694 ἀρχαῖα.
1261 1660 1300 1686 Τὰ
1319 1660 1389 1695 μέσα
1413 1659 1670 1695 παρασεσιώπηται,
1697 1660 1740 1687 διὰ
1763 1661 1794 1686 τὸ
1807 1661 1855 1696 τὴν

1066 1705 1163 1732 κακίαν
1179 1704 1249 1732 εἶναι
1265 1706 1295 1732 ἐν
1308 1705 1346 1741 τῷ
1365 1705 1477 1740 μεταξύ.
1491 1706 1528 1732 Οὺ
1541 1706 1595 1741 γὰρ
1608 1704 1641 1741 ἦν
1657 1706 1685 1732 ἐν
1696 1707 1780 1742 ἀρχῇ,
1795 1706 1855 1733 οὐδὲ

1065 1751 1140 1778 ἔσται
1164 1751 1244 1778 πάλιν
1265 1751 1294 1777 ὲν
1307 1750 1388 1777 τέλει.
1405 1751 1446 1777 Σὺ
1461 1750 1598 1783 Emtae-dc
1611 1759 1664 1785 με,
1681 1751 1731 1777 καὶ
1744 1752 1855 1785 ἔθηκας

1065 1797 1112 1823 ἐπ’
1127 1797 1180 1831 ἐμὲ
1193 1796 1250 1831 τὴν
1269 1795 1353 1830 χεῖρά
1369 1805 1436 1823 σου.
1456 1797 1487 1822 Εἰ
1508 1797 1555 1823 καὶ
1570 1797 1689 1828 ἔπλασας
1714 1805 1747 1832 με
1758 1818 1765 1829 ,
1778 1798 1852 1832 φησὶ.

1066 1843 1115 1869 καὶ
1137 1843 1266 1876 γεγονότα
1279 1843 1443 1878 διακρατεῖς·
1462 1843 1479 1878 ἡ
1494 1843 1548 1878 γὰρ
1567 1843 1687 1874 ἐπίθεσις
1702 1844 1752 1878 τῆς
1766 1843 1854 1878 χειρὸς

1065 1888 1112 1914 τοῦ
1128 1888 1195 1914 Θεοῦ
1207 1889 1256 1924 τὴν
1270 1888 1467 1924 χορηγηθεῖσαν
1484 1890 1550 1924 ἡμῖν
1566 1888 1612 1915 τοῦ
1630 1888 1699 1916 Πνεύ
1705 1898 1790 1924 ματος
1803 1890 1853 1916 δω-

1068 1934 1132 1968 ρεὰν
1147 1934 1284 1969 σημαίνει·
1299 1934 1337 1965 ὡς
1361 1935 1385 1960 οἱ
1402 1935 1545 1961 ἀπόστολοι
1566 1935 1610 1961 διὰ
1631 1935 1680 1970 τῆς
1705 1935 1855 1967 ἐπιθέσεως

1064 1979 1119 2005 τῶν
1132 1979 1229 2014 χειρῶν
1243 1981 1371 2014 παρεῖχον
1387 1979 1498 2015 Πνεῦμα
1511 1981 1595 2014 ἇγιον.

1107 2024 1335 2059 Ἐθαυμαστώθη
1354 2026 1373 2059 ἡ
1389 2025 1501 2060 γνῶσίς
1523 2033 1581 2052 σου
1598 2025 1633 2057 ἑξ
1653 2025 1744 2060 ἐμοῦ,
1769 2026 1854 2060 ἐκρα-

1066 2069 1182 2104 ταιώθη,
1195 2071 1231 2097 οὐ
1237 2070 1279 2104 μὴ
1293 2070 1422 2105 δύνωμαι
1435 2071 1508 2105 πρὸς
1517 2071 1621 2104 αὐτήν.
1640 2072 1672 2098 Ὃ
1684 2071 1758 2105 λέγει
1775 2073 1857 2098 τοιοῦ-

1066 2115 1111 2141 τόν
1127 2115 1212 2142 ἐστιν·
1231 2116 1291 2142 ’Ὁτι
1308 2115 1389 2151 ἕτερα
1406 2116 1518 2142 πλεῖστά
1535 2117 1591 2142 ἐστι
1609 2116 1642 2142 τὰ
1657 2116 1712 2142 ἀπὸ
1728 2116 1776 2143 τοῦ
1789 2116 1853 2143 Θεοῦ

1067 2162 1106 2192 εἰς
1123 2161 1203 2188 αὑτὸν
1221 2162 1402 2197 γεγενημένα,
1419 2161 1466 2188 καὶ
1479 2162 1527 2197 οὺχ
1542 2160 1596 2193 οἷός
1609 2162 1639 2188 τέ
1653 2162 1711 2188 ἐστι
1728 2161 1854 2196 διαγινώ-

232 2203 388 2232 facultatem
413 2213 513 2238 meam,
534 2212 561 2234 et
583 2215 678 2234 eorum
697 2209 815 2243 cognitio
841 2215 931 2238 mente
956 2219 1016 2238 mea

1082 2215 1154 2233 οιειν.
1174 2207 1352 2242 ’Υπερὸἀλλει
1378 2207 1432 2243 γὰρ
1457 2208 1507 2243 τὴν
1531 2208 1600 2243 ἐμὴν
1622 2208 1753 2242 δύναμιν,
1779 2207 1853 2243 φησὶ,

232 2250 312 2284 longe
335 2251 458 2285 superior
482 2257 538 2285 est,
554 2253 591 2280 ita
607 2257 637 2280 ut
653 2261 697 2285 ea,
718 2262 768 2281 nec
792 2255 953 2290 investigare
968 2263 1018 2283 nec

233 2296 308 2331 loqui
325 2297 437 2331 possim.
453 2297 626 2333 Quarcunque
639 2300 712 2326 enim
727 2300 782 2327 dixi
804 2309 885 2335 parva
906 2301 1017 2336 exigua-

232 2349 287 2376 que
299 2347 372 2377 sunt,
392 2342 495 2370 Divinre
509 2343 644 2378 siquidem
659 2345 769 2373 virtutis
787 2346 884 2373 notitia
898 2347 1017 2381 parvita-

232 2392 286 2415 tem
303 2395 391 2415 meam
406 2388 482 2423 fugit.

269 2474 295 2501 8.
311 2474 344 2502 Si
354 2474 493 2502 ostendero
507 2477 534 2503 in
547 2477 649 2510 caelum,
662 2484 690 2504 tu
704 2478 760 2504 illic
773 2486 809 2506 es.
824 2477 917 2506 Simile
929 2479 994 2506 illud
1008 2488 1014 2505 :

233 2518 334 2548 Caelum
353 2522 416 2548 mihi
437 2521 544 2549 thronus
564 2527 602 2549 est
619 2523 652 2550 ".
672 2523 702 2550 Si
719 2523 873 2551 descendere
891 2525 918 2551 in
933 2525 1015 2559 infer-

234 2572 308 2597 num,
322 2565 394 2593 ades.
415 2566 540 2595 Pratdicit
550 2567 672 2595 futurum
688 2568 795 2596 Domini
811 2569 971 2597 descensum
989 2571 1016 2597 in

233 2609 382 2638 infernum.

268 2657 294 2685 9.
308 2656 339 2684 Si
351 2666 485 2692 sumpsero
496 2667 594 2690 pennas
605 2667 675 2686 meas
690 2660 816 2693 diluculo,
830 2666 853 2689 et
867 2662 1017 2689 habitavere

232 2702 260 2728 in
284 2703 407 2733 extremis
429 2705 521 2730 maris.
542 2703 570 2732 ld
589 2709 641 2739 est,
662 2706 684 2733 si
708 2706 839 2741 accipiam
855 2707 945 2734 avium
961 2707 1018 2734 alas

233 2749 353 2777 nondum
366 2749 501 2784 defessas;
522 2751 548 2778 id
561 2752 632 2779 enim
649 2752 783 2788 signiﬁcat
800 2753 876 2787 illud,
889 2753 1017 2787 diluculo,

267 2836 292 2854 9'
304 2837 398 2865 Matth.
414 2847 438 2869 v,
453 2839 497 2867 5i.

1067 2254 1114 2280 καὶ
1137 2253 1265 2279 ὲπέκεινά
1287 2253 1344 2279 ἐστι
1365 2254 1415 2288 τῆς
1437 2254 1507 2289 ἐμῆς
1528 2253 1705 2289 καταλήψεως
1719 2255 1736 2289 ἡ
1753 2254 1854 2280 τούτων

1066 2299 1176 2333 γνῶσις,
1190 2299 1228 2330 ὠς
1245 2299 1282 2334 μὴ
1293 2299 1422 2326 δύνασθαί
1439 2308 1473 2334 με
1485 2299 1604 2335 ἐξευρεῖν
1616 2301 1632 2336 ἦ
1646 2300 1765 2332 ἐξειπεῖν
1775 2300 1851 2327 αὐτὰ.

1068 2345 1138 2371 Ὅσα
1162 2344 1216 2380 γὰρ
1236 2342 1300 2370 εἶπα
1316 2344 1420 2381 σμικρὰ
1437 2346 1482 2372 καὶ
1503 2345 1630 2381 ἐλάχιστα
1643 2347 1782 2381 τυγχάνει.
1799 2346 1853 2379 Τῆς

1067 2390 1120 2427 γὰρ
1135 2390 1228 2426 θεῖκῆς
1242 2390 1381 2426 δυνάμεως
1394 2391 1411 2426 ἠ
1429 2391 1579 2426 κατάληψις
1594 2391 1642 2426 τὴν
1658 2391 1728 2427 ὲμὴν
1745 2392 1855 2427 σμικρό-

1066 2445 1136 2472 τητα
1150 2436 1299 2471 διαφεύγει.

1108 2482 1179 2509 Ἐὰν
1191 2482 1290 2509 ἀναόὦ
1304 2483 1347 2514 είς
1359 2482 1412 2508 τὸν
1425 2481 1563 2516 οιῖιρανὸν,
1577 2482 1617 2508 σὺ
1631 2482 1695 2508 ἐκεῖ
1701 2481 1852 2518 εἷ.”ομοιον

1067 2527 1106 2558 τδ,
1125 2527 1151 2552 '0
1165 2527 1292 2559 οὐρανός
1301 2535 1352 2561 μοι
1364 2527 1479 2560 θρόνος.
1499 2527 1569 2553 Ἐὰν
1582 2526 1698 2553 καταϐῶ
1708 2528 1754 2560 εις
1767 2527 1850 2560 ᾅδην.

1067 2572 1162 2605 πάρει.
1185 2571 1353 2607 Προφητεύει
1373 2570 1422 2606 τὴν
1444 2571 1591 2607 γενομένην
1607 2572 1647 2603 εἰς
1660 2571 1724 2607 ᾅδου
1742 2572 1854 2598 κάθοδον

1067 2617 1113 2644 τοῦ
1130 2617 1242 2653 Κυρίου.

1110 2663 1180 2689 Ἐὰν
1201 2662 1377 2698 ἀντιλάϐοιμι
1399 2662 1450 2696 τὰς
1472 2662 1619 2697 πτέρυγάς
1636 2672 1696 2697 μου
1717 2663 1781 2689 κατ’
1804 2662 1851 2696 ὄρ-

1068 2709 1149 2741 θρον,
1169 2708 1216 2734 καὶ
1241 2708 1464 2743 κατασκηνώσω
1484 2710 1527 2742 εὶς
1545 2709 1581 2735 τὰ
1602 2708 1718 2742 ἔσχατα
1738 2708 1791 2742 τῆς
1804 2710 1851 2735 θα-

1068 2753 1199 2787 λάσσηρ.
1220 2753 1379 2787 Τουτέστιν,
1402 2755 1426 2781 εί
1449 2754 1558 2789 λάϐοιμι
1582 2754 1722 2789 πτέρυγας
1746 2753 1853 2789 πτηνῶν
