  <div class='ocr_page' id='page_1' title='image "/cluster/home/n/w/nwhite01/storage/ocr_20150623/27/njp.32101010944609/290.png"; bbox 0 0 1926 3051; ppageno 0'>
   <div class='ocr_carea' id='block_1_1' title="bbox 67 135 121 164">
    <p class='ocr_par' dir='ltr' id='par_1_1' title="bbox 67 135 121 164">
     <span class='ocr_line' id='line_1_1' title="bbox 67 135 121 164; baseline 0.019 -1"><span class='ocrx_word' id='word_1_1' title='bbox 67 135 121 164; x_wconf 74' lang='lat'><strong>533</strong></span> 
     </span>
    </p>
   </div>
   <div class='ocr_carea' id='block_1_2' title="bbox 576 133 1177 166">
    <p class='ocr_par' dir='ltr' id='par_1_2' title="bbox 576 133 1177 166">
     <span class='ocr_line' id='line_1_2' title="bbox 576 133 1177 166; baseline 0.007 -4"><span class='ocrx_word' id='word_1_2' title='bbox 576 135 758 164; x_wconf 78' lang='lat' dir='ltr'><strong>EXPOSITIO</strong></span> <span class='ocrx_word' id='word_1_3' title='bbox 778 135 811 163; x_wconf 88' lang='lat' dir='ltr'><strong>IN</strong></span> <span class='ocrx_word' id='word_1_4' title='bbox 831 133 996 164; x_wconf 83' lang='lat' dir='ltr'><strong>PSALMUM</strong></span> <span class='ocrx_word' id='word_1_5' title='bbox 1014 137 1177 166; x_wconf 72' lang='lat' dir='ltr'><strong>CXXXVI“.</strong></span> 
     </span>
    </p>
   </div>
   <div class='ocr_carea' id='block_1_3' title="bbox 1642 130 1694 168">
    <p class='ocr_par' dir='ltr' id='par_1_3' title="bbox 1642 130 1694 168">
     <span class='ocr_line' id='line_1_3' title="bbox 1642 130 1694 168; baseline 0 0"><span class='ocrx_word' id='word_1_6' title='bbox 1642 130 1694 168; x_wconf 69' lang='grc'><strong>634</strong></span> 
     </span>
    </p>
   </div>
   <div class='ocr_carea' id='block_1_4' title="bbox 72 192 863 231">
    <p class='ocr_par' dir='ltr' id='par_1_4' title="bbox 72 192 857 229">
     <span class='ocr_line' id='line_1_4' title="bbox 72 192 857 229; baseline 0 -9"><span class='ocrx_word' id='word_1_7' title='bbox 72 195 159 229; x_wconf 84' lang='grc' dir='ltr'><strong>μήπω</strong></span> <span class='ocrx_word' id='word_1_8' title='bbox 172 193 357 229; x_wconf 67' lang='grc' dir='ltr'>κεκμηκότας·</span> <span class='ocrx_word' id='word_1_9' title='bbox 373 192 451 220; x_wconf 75' lang='grc' dir='ltr'>τοῦτο</span> <span class='ocrx_word' id='word_1_10' title='bbox 463 194 516 228; x_wconf 83' lang='grc' dir='ltr'><strong>γὰρ</strong></span> <span class='ocrx_word' id='word_1_11' title='bbox 529 194 654 229; x_wconf 74' lang='grc' dir='ltr'><strong>σημαίνει</strong></span> <span class='ocrx_word' id='word_1_12' title='bbox 669 203 709 228; x_wconf 87' lang='grc' dir='ltr'><strong>το,</strong></span> <span class='ocrx_word' id='word_1_13' title='bbox 733 195 795 222; x_wconf 81' lang='grc' dir='ltr'>κατ’</span> <span class='ocrx_word' id='word_1_14' title='bbox 811 195 857 228; x_wconf 83' lang='grc' dir='ltr'><strong>ὄρ-</strong></span> 
     </span>
    </p>
   </div>
   <div class='ocr_carea' id='block_1_5' title="bbox 918 192 1694 231">
    <p class='ocr_par' dir='ltr' id='par_1_5' title="bbox 919 195 1694 231">
     <span class='ocr_line' id='line_1_5' title="bbox 919 195 1694 231; baseline 0 -9"><span class='ocrx_word' id='word_1_15' title='bbox 919 196 1020 231; x_wconf 80' lang='lat' dir='ltr'><strong>ntegris</strong></span> <span class='ocrx_word' id='word_1_16' title='bbox 1044 196 1147 224; x_wconf 81' lang='lat' dir='ltr'><strong>scilicet</strong></span> <span class='ocrx_word' id='word_1_17' title='bbox 1169 196 1271 224; x_wconf 87' lang='lat' dir='ltr'><strong>viribus</strong></span> <span class='ocrx_word' id='word_1_18' title='bbox 1294 195 1327 223; x_wconf 88' lang='lat' dir='ltr'><strong>ad</strong></span> <span class='ocrx_word' id='word_1_19' title='bbox 1353 195 1514 229; x_wconf 73' lang='lat' dir='ltr'><strong>&quot;olandum,</strong></span> <span class='ocrx_word' id='word_1_20' title='bbox 1541 199 1568 223; x_wconf 83' lang='lat' dir='ltr'><strong>et</strong></span> <span class='ocrx_word' id='word_1_21' title='bbox 1594 196 1694 223; x_wconf 81' lang='lat' dir='ltr'><strong>robore</strong></span> 
     </span>
    </p>
   </div>
   <div class='ocr_carea' id='block_1_6' title="bbox 71 239 861 276">
    <p class='ocr_par' dir='ltr' id='par_1_6' title="bbox 71 239 861 276">
     <span class='ocr_line' id='line_1_6' title="bbox 71 239 861 276; baseline -0.001 -9"><span class='ocrx_word' id='word_1_22' title='bbox 71 242 156 274; x_wconf 80' lang='grc' dir='ltr'>θρον,</span> <span class='ocrx_word' id='word_1_23' title='bbox 173 239 274 275; x_wconf 80' lang='grc' dir='ltr'>νεαρὰς</span> <span class='ocrx_word' id='word_1_24' title='bbox 294 239 323 266; x_wconf 74' lang='grc' dir='ltr'>ὲν</span> <span class='ocrx_word' id='word_1_25' title='bbox 340 239 379 274; x_wconf 81' lang='grc' dir='ltr'>τῷ</span> <span class='ocrx_word' id='word_1_26' title='bbox 395 239 527 266; x_wconf 82' lang='grc' dir='ltr'>πέτασθαι</span> <span class='ocrx_word' id='word_1_27' title='bbox 543 241 590 266; x_wconf 75' lang='grc' dir='ltr'>καὶ</span> <span class='ocrx_word' id='word_1_28' title='bbox 604 240 742 276; x_wconf 80' lang='grc' dir='ltr'>δυνάμεως</span> <span class='ocrx_word' id='word_1_29' title='bbox 758 240 861 275; x_wconf 82' lang='grc' dir='ltr'>πεπλη-</span> 
     </span>
    </p>
   </div>
   <div class='ocr_carea' id='block_1_7' title="bbox 72 282 860 322">
    <p class='ocr_par' dir='ltr' id='par_1_7' title="bbox 72 282 860 322">
     <span class='ocr_line' id='line_1_7' title="bbox 72 282 860 322; baseline 0 -10"><span class='ocrx_word' id='word_1_30' title='bbox 72 286 209 321; x_wconf 80' lang='grc' dir='ltr'>ρωμένας.</span> <span class='ocrx_word' id='word_1_31' title='bbox 230 286 258 312; x_wconf 89' lang='grc'><strong>’0</strong></span> <span class='ocrx_word' id='word_1_32' title='bbox 275 285 303 312; x_wconf 74' lang='grc' dir='ltr'><strong>δέ</strong></span> <span class='ocrx_word' id='word_1_33' title='bbox 322 294 380 317; x_wconf 87' lang='grc' dir='ltr'><strong>πως</strong></span> <span class='ocrx_word' id='word_1_34' title='bbox 393 285 455 317; x_wconf 82' lang='grc' dir='ltr'><strong>νοῦς</strong></span> <span class='ocrx_word' id='word_1_35' title='bbox 467 282 553 317; x_wconf 77' lang='grc' dir='ltr'>οὗτος·</span> <span class='ocrx_word' id='word_1_36' title='bbox 572 286 675 318; x_wconf 87' lang='grc' dir='ltr'>Πάντα,</span> <span class='ocrx_word' id='word_1_37' title='bbox 689 286 765 321; x_wconf 79' lang='grc' dir='ltr'>φησὶ,</span> <span class='ocrx_word' id='word_1_38' title='bbox 784 295 860 322; x_wconf 82' lang='grc' dir='ltr'>περι-</span> 
     </span>
    </p>
   </div>
   <div class='ocr_carea' id='block_1_8' title="bbox 72 329 861 366">
    <p class='ocr_par' dir='ltr' id='par_1_8' title="bbox 72 329 861 366">
     <span class='ocr_line' id='line_1_8' title="bbox 72 329 861 366; baseline 0.001 -10"><span class='ocrx_word' id='word_1_39' title='bbox 72 329 192 364; x_wconf 79' lang='grc' dir='ltr'>ειληφὼς</span> <span class='ocrx_word' id='word_1_40' title='bbox 213 329 330 364; x_wconf 81' lang='grc' dir='ltr'>Κύριος,</span> <span class='ocrx_word' id='word_1_41' title='bbox 353 330 399 356; x_wconf 81' lang='grc' dir='ltr'><strong>καὶ</strong></span> <span class='ocrx_word' id='word_1_42' title='bbox 424 330 511 356; x_wconf 83' lang='grc' dir='ltr'>πάντα</span> <span class='ocrx_word' id='word_1_43' title='bbox 537 330 675 366; x_wconf 88' lang='grc' dir='ltr'>προλαϐὼν</span> <span class='ocrx_word' id='word_1_44' title='bbox 697 329 786 364; x_wconf 82' lang='grc' dir='ltr'>οἶδας,</span> <span class='ocrx_word' id='word_1_45' title='bbox 814 331 861 357; x_wconf 80' lang='grc' dir='ltr'>καὶ</span> 
     </span>
    </p>
   </div>
   <div class='ocr_carea' id='block_1_9' title="bbox 72 374 859 412">
    <p class='ocr_par' dir='ltr' id='par_1_9' title="bbox 72 374 859 412">
     <span class='ocr_line' id='line_1_9' title="bbox 72 374 859 412; baseline 0.001 -11"><span class='ocrx_word' id='word_1_46' title='bbox 72 374 211 410; x_wconf 76' lang='grc' dir='ltr'>πανταχοῦ</span> <span class='ocrx_word' id='word_1_47' title='bbox 227 375 320 410; x_wconf 80' lang='grc' dir='ltr'>πάρει,</span> <span class='ocrx_word' id='word_1_48' title='bbox 337 376 384 401; x_wconf 79' lang='grc' dir='ltr'>καὶ</span> <span class='ocrx_word' id='word_1_49' title='bbox 401 375 489 402; x_wconf 83' lang='grc' dir='ltr'>πάντα</span> <span class='ocrx_word' id='word_1_50' title='bbox 514 376 626 412; x_wconf 84' lang='grc' dir='ltr'>πληροῖς</span> <span class='ocrx_word' id='word_1_51' title='bbox 642 376 678 408; x_wconf 82' lang='grc' dir='ltr'>ὡς</span> <span class='ocrx_word' id='word_1_52' title='bbox 696 376 770 407; x_wconf 77' lang='grc' dir='ltr'>Θεὸς.</span> <span class='ocrx_word' id='word_1_53' title='bbox 783 374 859 402; x_wconf 79' lang='grc' dir='ltr'>Εἶτα·</span> 
     </span>
    </p>
   </div>
   <div class='ocr_carea' id='block_1_10' title="bbox 73 421 860 458">
    <p class='ocr_par' dir='ltr' id='par_1_10' title="bbox 73 421 860 458">
     <span class='ocr_line' id='line_1_10' title="bbox 73 421 860 458; baseline 0.001 -11"><span class='ocrx_word' id='word_1_54' title='bbox 73 421 121 452; x_wconf 81' lang='grc' dir='ltr'>Τίς</span> <span class='ocrx_word' id='word_1_55' title='bbox 148 421 281 456; x_wconf 80' lang='grc' dir='ltr'><strong>γένωμαι,</strong></span> <span class='ocrx_word' id='word_1_56' title='bbox 307 421 339 447; x_wconf 78' lang='grc' dir='ltr'>ἄν</span> <span class='ocrx_word' id='word_1_57' title='bbox 354 430 380 447; x_wconf 82' lang='grc' dir='ltr'><strong>τι</strong></span> <span class='ocrx_word' id='word_1_58' title='bbox 408 421 497 457; x_wconf 82' lang='grc' dir='ltr'>συμϐῇ</span> <span class='ocrx_word' id='word_1_59' title='bbox 522 431 566 457; x_wconf 88' lang='grc' dir='ltr'><strong>μοι</strong></span> <span class='ocrx_word' id='word_1_60' title='bbox 585 422 755 458; x_wconf 82' lang='grc' dir='ltr'>ἁμάρτημα,</span> <span class='ocrx_word' id='word_1_61' title='bbox 771 423 818 448; x_wconf 78' lang='grc' dir='ltr'>καὶ</span> <span class='ocrx_word' id='word_1_62' title='bbox 837 423 860 448; x_wconf 84' lang='grc' dir='ltr'><strong>εἰ</strong></span> 
     </span>
    </p>
   </div>
   <div class='ocr_carea' id='block_1_11' title="bbox 73 466 860 502">
    <p class='ocr_par' dir='ltr' id='par_1_11' title="bbox 73 466 860 502">
     <span class='ocr_line' id='line_1_11' title="bbox 73 466 860 502; baseline 0.001 -10"><span class='ocrx_word' id='word_1_63' title='bbox 73 466 178 500; x_wconf 82' lang='grc' dir='ltr'>γένοιτό</span> <span class='ocrx_word' id='word_1_64' title='bbox 194 475 238 501; x_wconf 89' lang='grc' dir='ltr'><strong>μοι</strong></span> <span class='ocrx_word' id='word_1_65' title='bbox 262 466 341 501; x_wconf 83' lang='grc' dir='ltr'>χρεία</span> <span class='ocrx_word' id='word_1_66' title='bbox 356 466 477 502; x_wconf 80' lang='grc' dir='ltr'>δρασμοῦ</span> <span class='ocrx_word' id='word_1_67' title='bbox 498 467 545 493; x_wconf 81' lang='grc' dir='ltr'>καὶ</span> <span class='ocrx_word' id='word_1_68' title='bbox 561 467 649 502; x_wconf 79' lang='grc' dir='ltr'>φυγῆς</span> <span class='ocrx_word' id='word_1_69' title='bbox 659 486 665 498; x_wconf 93' lang='grc'><strong>,</strong></span> <span class='ocrx_word' id='word_1_70' title='bbox 679 467 725 493; x_wconf 83' lang='grc' dir='ltr'>σοῦ</span> <span class='ocrx_word' id='word_1_71' title='bbox 744 467 790 493; x_wconf 75' lang='grc' dir='ltr'>τοῦ</span> <span class='ocrx_word' id='word_1_72' title='bbox 805 467 860 492; x_wconf 81' lang='grc' dir='ltr'><strong>Κυ-</strong></span> 
     </span>
    </p>
   </div>
   <div class='ocr_carea' id='block_1_12' title="bbox 75 511 428 547">
    <p class='ocr_par' dir='ltr' id='par_1_12' title="bbox 75 511 428 547">
     <span class='ocr_line' id='line_1_12' title="bbox 75 511 428 547; baseline 0.003 -10"><span class='ocrx_word' id='word_1_73' title='bbox 75 511 133 546; x_wconf 76' lang='grc' dir='ltr'>ρίου</span> <span class='ocrx_word' id='word_1_74' title='bbox 148 511 237 538; x_wconf 79' lang='grc' dir='ltr'>πάντα</span> <span class='ocrx_word' id='word_1_75' title='bbox 249 511 428 547; x_wconf 61' lang='grc' dir='ltr'>ὑπειληφότας</span> 
     </span>
    </p>
   </div>
   <div class='ocr_carea' id='block_1_13' title="bbox 108 556 887 593">
    <p class='ocr_par' dir='ltr' id='par_1_13' title="bbox 108 556 887 593">
     <span class='ocr_line' id='line_1_13' title="bbox 108 556 887 593; baseline 0 -8"><span class='ocrx_word' id='word_1_76' title='bbox 108 559 165 585; x_wconf 77' lang='grc' dir='ltr'><strong>Καὶ</strong></span> <span class='ocrx_word' id='word_1_77' title='bbox 178 557 255 585; x_wconf 76' lang='grc' dir='ltr'>εἶπα·</span> <span class='ocrx_word' id='word_1_78' title='bbox 269 556 341 592; x_wconf 76' lang='grc' dir='ltr'>Ἆρα</span> <span class='ocrx_word' id='word_1_79' title='bbox 355 559 463 591; x_wconf 78' lang='grc' dir='ltr'>σκότος</span> <span class='ocrx_word' id='word_1_80' title='bbox 474 558 677 592; x_wconf 79' lang='grc' dir='ltr'>καταπατήσει</span> <span class='ocrx_word' id='word_1_81' title='bbox 686 567 733 593; x_wconf 82' lang='grc' dir='ltr'>με.</span> <span class='ocrx_word' id='word_1_82' title='bbox 750 559 796 591; x_wconf 77' lang='grc' dir='ltr'>Τὸ,</span> <span class='ocrx_word' id='word_1_83' title='bbox 811 567 860 585; x_wconf 81' lang='grc' dir='ltr'>κα·</span> <span class='ocrx_word' id='word_1_84' title='bbox 884 579 887 585; x_wconf 97' lang='grc'>.</span> 
     </span>
    </p>
   </div>
   <div class='ocr_carea' id='block_1_14' title="bbox 72 603 860 639">
    <p class='ocr_par' dir='ltr' id='par_1_14' title="bbox 72 603 860 639">
     <span class='ocr_line' id='line_1_14' title="bbox 72 603 860 639; baseline 0 -9"><span class='ocrx_word' id='word_1_85' title='bbox 72 603 241 637; x_wconf 60' lang='lat' dir='ltr'><strong>tuscanica</strong></span> <span class='ocrx_word' id='word_1_86' title='bbox 252 623 259 634; x_wconf 91' lang='lat'><strong>,</strong></span> <span class='ocrx_word' id='word_1_87' title='bbox 278 603 337 630; x_wconf 77' lang='grc' dir='ltr'>ἀντὶ</span> <span class='ocrx_word' id='word_1_88' title='bbox 352 603 397 630; x_wconf 88' lang='grc' dir='ltr'>τοῦ</span> <span class='ocrx_word' id='word_1_89' title='bbox 409 623 416 636; x_wconf 82' lang='grc'><strong>,</strong></span> <span class='ocrx_word' id='word_1_90' title='bbox 435 604 566 630; x_wconf 86' lang='grc' dir='ltr'>σκεπάσει</span> <span class='ocrx_word' id='word_1_91' title='bbox 582 605 628 630; x_wconf 76' lang='grc' dir='ltr'>καὶ</span> <span class='ocrx_word' id='word_1_92' title='bbox 641 603 791 639; x_wconf 74' lang='grc' dir='ltr'><strong>ἀποκρύψει</strong></span> <span class='ocrx_word' id='word_1_93' title='bbox 807 604 860 630; x_wconf 86' lang='grc' dir='ltr'>τῶν</span> 
     </span>
    </p>
   </div>
   <div class='ocr_carea' id='block_1_15' title="bbox 74 648 861 686">
    <p class='ocr_par' dir='ltr' id='par_1_15' title="bbox 74 648 861 686">
     <span class='ocr_line' id='line_1_15' title="bbox 74 648 861 686; baseline 0.001 -11"><span class='ocrx_word' id='word_1_94' title='bbox 74 649 130 675; x_wconf 79' lang='grc' dir='ltr'>σῶν</span> <span class='ocrx_word' id='word_1_95' title='bbox 157 648 312 683; x_wconf 66' lang='grc' dir='ltr'>ὀφθαλμῶν.</span> <span class='ocrx_word' id='word_1_96' title='bbox 339 648 418 675; x_wconf 84' lang='grc' dir='ltr'>Ἀλλὰ</span> <span class='ocrx_word' id='word_1_97' title='bbox 439 649 485 676; x_wconf 77' lang='grc' dir='ltr'>καὶ</span> <span class='ocrx_word' id='word_1_98' title='bbox 506 650 598 682; x_wconf 75' lang='grc' dir='ltr'>τοῦτο,</span> <span class='ocrx_word' id='word_1_99' title='bbox 616 650 692 686; x_wconf 80' lang='grc' dir='ltr'>φησὶ,</span> <span class='ocrx_word' id='word_1_100' title='bbox 716 649 747 676; x_wconf 83' lang='grc' dir='ltr'><strong>τὸ</strong></span> <span class='ocrx_word' id='word_1_101' title='bbox 766 649 861 681; x_wconf 82' lang='grc' dir='ltr'><strong>σκότος</strong></span> 
     </span>
    </p>
   </div>
   <div class='ocr_carea' id='block_1_16' title="bbox 73 694 861 732">
    <p class='ocr_par' dir='ltr' id='par_1_16' title="bbox 73 694 861 732">
     <span class='ocr_line' id='line_1_16' title="bbox 73 694 861 732; baseline 0 -10"><span class='ocrx_word' id='word_1_102' title='bbox 73 695 162 726; x_wconf 76' lang='grc' dir='ltr'>οὕτως</span> <span class='ocrx_word' id='word_1_103' title='bbox 175 695 247 721; x_wconf 76' lang='grc' dir='ltr'>ἐστὶν</span> <span class='ocrx_word' id='word_1_104' title='bbox 261 695 290 720; x_wconf 77' lang='grc' dir='ltr'>ὲν</span> <span class='ocrx_word' id='word_1_105' title='bbox 301 695 334 730; x_wconf 82' lang='grc' dir='ltr'><strong>τῇ</strong></span> <span class='ocrx_word' id='word_1_106' title='bbox 348 696 380 730; x_wconf 83' lang='grc' dir='ltr'>σῇ</span> <span class='ocrx_word' id='word_1_107' title='bbox 396 694 504 730; x_wconf 84' lang='grc' dir='ltr'>γνώσει,</span> <span class='ocrx_word' id='word_1_108' title='bbox 519 695 613 732; x_wconf 82' lang='grc' dir='ltr'>ὥσπερ</span> <span class='ocrx_word' id='word_1_109' title='bbox 631 696 663 723; x_wconf 79' lang='grc' dir='ltr'>ἂν</span> <span class='ocrx_word' id='word_1_110' title='bbox 675 696 717 732; x_wconf 79' lang='grc' dir='ltr'>εἴη</span> <span class='ocrx_word' id='word_1_111' title='bbox 733 696 779 723; x_wconf 75' lang='grc' dir='ltr'>καὶ</span> <span class='ocrx_word' id='word_1_112' title='bbox 796 696 861 722; x_wconf 82' lang='grc' dir='ltr'>αὐτὸ</span> 
     </span>
    </p>
   </div>
   <div class='ocr_carea' id='block_1_17' title="bbox 72 740 190 775">
    <p class='ocr_par' dir='ltr' id='par_1_17' title="bbox 72 740 190 775">
     <span class='ocr_line' id='line_1_17' title="bbox 72 740 190 775; baseline 0.008 -9"><span class='ocrx_word' id='word_1_113' title='bbox 72 741 104 767; x_wconf 81' lang='grc' dir='ltr'>τὸ</span> <span class='ocrx_word' id='word_1_114' title='bbox 121 740 190 775; x_wconf 77' lang='grc' dir='ltr'>φῶς.</span> 
     </span>
    </p>
   </div>
   <div class='ocr_carea' id='block_1_18' title="bbox 115 785 858 821">
    <p class='ocr_par' dir='ltr' id='par_1_18' title="bbox 115 785 858 821">
     <span class='ocr_line' id='line_1_18' title="bbox 115 785 858 821; baseline 0.003 -9"><span class='ocrx_word' id='word_1_115' title='bbox 115 786 163 818; x_wconf 82' lang='grc' dir='ltr'>Ὠς</span> <span class='ocrx_word' id='word_1_116' title='bbox 176 785 210 812; x_wconf 87' lang='grc' dir='ltr'>τὸ</span> <span class='ocrx_word' id='word_1_117' title='bbox 223 785 331 818; x_wconf 79' lang='grc' dir='ltr'><strong>σκότος</strong></span> <span class='ocrx_word' id='word_1_118' title='bbox 346 785 440 819; x_wconf 78' lang='grc' dir='ltr'>αὐτῆς</span> <span class='ocrx_word' id='word_1_119' title='bbox 449 806 456 818; x_wconf 83' lang='grc'><strong>,</strong></span> <span class='ocrx_word' id='word_1_120' title='bbox 470 786 545 813; x_wconf 79' lang='grc' dir='ltr'>οὕτω</span> <span class='ocrx_word' id='word_1_121' title='bbox 559 786 606 814; x_wconf 80' lang='grc' dir='ltr'>καὶ</span> <span class='ocrx_word' id='word_1_122' title='bbox 630 787 662 814; x_wconf 82' lang='grc' dir='ltr'>τὸ</span> <span class='ocrx_word' id='word_1_123' title='bbox 680 787 742 821; x_wconf 68' lang='grc' dir='ltr'><strong>φῶς</strong></span> <span class='ocrx_word' id='word_1_124' title='bbox 755 786 858 821; x_wconf 82' lang='grc' dir='ltr'>αὐτῆς.</span> 
     </span>
    </p>
   </div>
   <div class='ocr_carea' id='block_1_19' title="bbox 73 831 860 868">
    <p class='ocr_par' dir='ltr' id='par_1_19' title="bbox 73 831 860 868">
     <span class='ocr_line' id='line_1_19' title="bbox 73 831 860 868; baseline 0.001 -10"><span class='ocrx_word' id='word_1_125' title='bbox 73 831 210 867; x_wconf 78' lang='grc' dir='ltr'><strong>Καθάπερ</strong></span> <span class='ocrx_word' id='word_1_126' title='bbox 233 831 286 867; x_wconf 87' lang='grc' dir='ltr'><strong>γὰρ</strong></span> <span class='ocrx_word' id='word_1_127' title='bbox 303 831 365 866; x_wconf 66' lang='grc' dir='ltr'>ἐμοὶ</span> <span class='ocrx_word' id='word_1_128' title='bbox 391 831 513 867; x_wconf 81' lang='grc' dir='ltr'><strong>ζοφώδης</strong></span> <span class='ocrx_word' id='word_1_129' title='bbox 531 833 548 868; x_wconf 81' lang='grc' dir='ltr'><strong>ἡ</strong></span> <span class='ocrx_word' id='word_1_130' title='bbox 566 833 624 864; x_wconf 78' lang='grc' dir='ltr'>νὺξ,</span> <span class='ocrx_word' id='word_1_131' title='bbox 648 832 733 864; x_wconf 74' lang='grc' dir='ltr'>οὕτως</span> <span class='ocrx_word' id='word_1_132' title='bbox 746 833 802 859; x_wconf 73' lang='grc' dir='ltr'>ἐστι</span> <span class='ocrx_word' id='word_1_133' title='bbox 820 841 860 859; x_wconf 89' lang='grc' dir='ltr'><strong>σοι</strong></span> 
     </span>
    </p>
   </div>
   <div class='ocr_carea' id='block_1_20' title="bbox 910 241 1694 278">
    <p class='ocr_par' dir='ltr' id='par_1_20' title="bbox 910 241 1694 278">
     <span class='ocr_line' id='line_1_20' title="bbox 910 241 1694 278; baseline 0.003 -10"><span class='ocrx_word' id='word_1_134' title='bbox 910 242 1013 276; x_wconf 85' lang='lat' dir='ltr'><strong>plenas.</strong></span> <span class='ocrx_word' id='word_1_135' title='bbox 1028 241 1090 269; x_wconf 82' lang='lat' dir='ltr'><strong>llaec</strong></span> <span class='ocrx_word' id='word_1_136' title='bbox 1103 247 1144 270; x_wconf 83' lang='lat' dir='ltr'><strong>est</strong></span> <span class='ocrx_word' id='word_1_137' title='bbox 1156 246 1246 269; x_wconf 85' lang='lat' dir='ltr'><strong>autem</strong></span> <span class='ocrx_word' id='word_1_138' title='bbox 1263 242 1417 278; x_wconf 76' lang='lat' dir='ltr'><strong>sententia:</strong></span> <span class='ocrx_word' id='word_1_139' title='bbox 1432 241 1489 276; x_wconf 84' lang='lat' dir='ltr'><strong>Tu,</strong></span> <span class='ocrx_word' id='word_1_140' title='bbox 1507 241 1630 275; x_wconf 86' lang='lat' dir='ltr'><strong>Domine,</strong></span> <span class='ocrx_word' id='word_1_141' title='bbox 1647 242 1694 277; x_wconf 87' lang='lat' dir='ltr'><strong>qui</strong></span> 
     </span>
    </p>
   </div>
   <div class='ocr_carea' id='block_1_21' title="bbox 910 286 1693 322">
    <p class='ocr_par' dir='ltr' id='par_1_21' title="bbox 910 286 1693 322">
     <span class='ocr_line' id='line_1_21' title="bbox 910 286 1693 322; baseline 0 -8"><span class='ocrx_word' id='word_1_142' title='bbox 910 286 1000 314; x_wconf 84' lang='lat' dir='ltr'><strong>omnia</strong></span> <span class='ocrx_word' id='word_1_143' title='bbox 1017 287 1152 320; x_wconf 88' lang='lat' dir='ltr'><strong>contines,</strong></span> <span class='ocrx_word' id='word_1_144' title='bbox 1168 287 1260 314; x_wconf 85' lang='lat' dir='ltr'><strong>omnia</strong></span> <span class='ocrx_word' id='word_1_145' title='bbox 1275 287 1433 322; x_wconf 82' lang='lat' dir='ltr'><strong>priusquam</strong></span> <span class='ocrx_word' id='word_1_146' title='bbox 1452 288 1579 314; x_wconf 91' lang='lat' dir='ltr'><strong>eveniant</strong></span> <span class='ocrx_word' id='word_1_147' title='bbox 1592 295 1693 322; x_wconf 75' lang='lat' dir='ltr'><strong>cogno—</strong></span> 
     </span>
    </p>
   </div>
   <div class='ocr_carea' id='block_1_22' title="bbox 910 331 1692 367">
    <p class='ocr_par' dir='ltr' id='par_1_22' title="bbox 910 331 1692 367">
     <span class='ocr_line' id='line_1_22' title="bbox 910 331 1692 367; baseline 0 -9"><span class='ocrx_word' id='word_1_148' title='bbox 910 331 975 363; x_wconf 86' lang='lat' dir='ltr'><strong>scis,</strong></span> <span class='ocrx_word' id='word_1_149' title='bbox 997 331 1098 366; x_wconf 90' lang='lat' dir='ltr'><strong>ubique</strong></span> <span class='ocrx_word' id='word_1_150' title='bbox 1120 339 1256 366; x_wconf 58' lang='lat' dir='ltr'><strong>prasens,</strong></span> <span class='ocrx_word' id='word_1_151' title='bbox 1271 332 1362 359; x_wconf 87' lang='lat' dir='ltr'><strong>omnia</strong></span> <span class='ocrx_word' id='word_1_152' title='bbox 1387 331 1482 366; x_wconf 88' lang='lat' dir='ltr'><strong>imples</strong></span> <span class='ocrx_word' id='word_1_153' title='bbox 1498 336 1592 367; x_wconf 88' lang='lat' dir='ltr'><strong>utpote</strong></span> <span class='ocrx_word' id='word_1_154' title='bbox 1611 331 1692 359; x_wconf 89' lang='lat' dir='ltr'><strong>Deus.</strong></span> 
     </span>
    </p>
   </div>
   <div class='ocr_carea' id='block_1_23' title="bbox 911 374 1692 412">
    <p class='ocr_par' dir='ltr' id='par_1_23' title="bbox 911 374 1692 412">
     <span class='ocr_line' id='line_1_23' title="bbox 911 374 1692 412; baseline 0.001 -10"><span class='ocrx_word' id='word_1_155' title='bbox 911 374 1021 407; x_wconf 86' lang='lat' dir='ltr'><strong>Deinde,</strong></span> <span class='ocrx_word' id='word_1_156' title='bbox 1034 384 1089 411; x_wconf 92' lang='lat' dir='ltr'><strong>quo</strong></span> <span class='ocrx_word' id='word_1_157' title='bbox 1103 384 1146 403; x_wconf 88' lang='lat' dir='ltr'><strong>me</strong></span> <span class='ocrx_word' id='word_1_158' title='bbox 1165 380 1278 408; x_wconf 82' lang='lat' dir='ltr'><strong>vertam,</strong></span> <span class='ocrx_word' id='word_1_159' title='bbox 1298 376 1320 403; x_wconf 88' lang='lat' dir='ltr'><strong>si</strong></span> <span class='ocrx_word' id='word_1_160' title='bbox 1345 376 1372 403; x_wconf 91' lang='lat' dir='ltr'><strong>in</strong></span> <span class='ocrx_word' id='word_1_161' title='bbox 1389 377 1534 412; x_wconf 85' lang='lat' dir='ltr'><strong>quodpiam</strong></span> <span class='ocrx_word' id='word_1_162' title='bbox 1552 382 1692 411; x_wconf 84' lang='lat' dir='ltr'><strong>peccatum</strong></span> 
     </span>
    </p>
   </div>
   <div class='ocr_carea' id='block_1_24' title="bbox 911 423 1694 459">
    <p class='ocr_par' dir='ltr' id='par_1_24' title="bbox 911 423 1694 459">
     <span class='ocr_line' id='line_1_24' title="bbox 911 423 1694 459; baseline 0.003 -10"><span class='ocrx_word' id='word_1_163' title='bbox 911 423 1042 456; x_wconf 81' lang='lat' dir='ltr'><strong>incidam,</strong></span> <span class='ocrx_word' id='word_1_164' title='bbox 1055 428 1082 451; x_wconf 91' lang='lat' dir='ltr'><strong>et</strong></span> <span class='ocrx_word' id='word_1_165' title='bbox 1094 423 1116 451; x_wconf 89' lang='lat' dir='ltr'><strong>si</strong></span> <span class='ocrx_word' id='word_1_166' title='bbox 1131 423 1201 459; x_wconf 77' lang='lat' dir='ltr'><strong>fugae</strong></span> <span class='ocrx_word' id='word_1_167' title='bbox 1217 423 1284 451; x_wconf 85' lang='lat' dir='ltr'><strong>mihi</strong></span> <span class='ocrx_word' id='word_1_168' title='bbox 1299 423 1447 451; x_wconf 79' lang='lat' dir='ltr'><strong>necessitas</strong></span> <span class='ocrx_word' id='word_1_169' title='bbox 1464 424 1613 456; x_wconf 82' lang='lat' dir='ltr'><strong>incumbat,</strong></span> <span class='ocrx_word' id='word_1_170' title='bbox 1631 431 1694 451; x_wconf 83' lang='lat' dir='ltr'><strong>cum</strong></span> 
     </span>
    </p>
   </div>
   <div class='ocr_carea' id='block_1_25' title="bbox 911 469 1370 503">
    <p class='ocr_par' dir='ltr' id='par_1_25' title="bbox 911 469 1370 503">
     <span class='ocr_line' id='line_1_25' title="bbox 911 469 1370 503; baseline -0.002 -6"><span class='ocrx_word' id='word_1_171' title='bbox 911 474 950 503; x_wconf 90' lang='lat' dir='ltr'><strong>tu,</strong></span> <span class='ocrx_word' id='word_1_172' title='bbox 966 469 1089 503; x_wconf 86' lang='lat' dir='ltr'><strong>Domine,</strong></span> <span class='ocrx_word' id='word_1_173' title='bbox 1105 470 1197 497; x_wconf 87' lang='lat' dir='ltr'><strong>omnia</strong></span> <span class='ocrx_word' id='word_1_174' title='bbox 1213 469 1370 497; x_wconf 82' lang='lat' dir='ltr'><strong>contineas?</strong></span> 
     </span>
    </p>
   </div>
   <div class='ocr_carea' id='block_1_26' title="bbox 947 558 1691 586">
    <p class='ocr_par' dir='ltr' id='par_1_26' title="bbox 947 558 1691 586">
     <span class='ocr_line' id='line_1_26' title="bbox 947 558 1691 586; baseline 0.001 -1"><span class='ocrx_word' id='word_1_175' title='bbox 947 558 989 585; x_wconf 81' lang='grc' dir='ltr'><strong>Μ.</strong></span> <span class='ocrx_word' id='word_1_176' title='bbox 1004 558 1039 585; x_wconf 83' lang='grc' dir='ltr'>Ει</span> <span class='ocrx_word' id='word_1_177' title='bbox 1051 559 1107 586; x_wconf 72' lang='lat' dir='ltr'><strong>dixi</strong></span> <span class='ocrx_word' id='word_1_178' title='bbox 1126 567 1136 586; x_wconf 89' lang='lat'><em>:</em></span> <span class='ocrx_word' id='word_1_179' title='bbox 1151 558 1277 585; x_wconf 77' lang='lat' dir='ltr'><strong>Forsitan</strong></span> <span class='ocrx_word' id='word_1_180' title='bbox 1298 559 1409 586; x_wconf 70' lang='lat' dir='ltr'><strong>teuebrw</strong></span> <span class='ocrx_word' id='word_1_181' title='bbox 1428 558 1615 586; x_wconf 82' lang='lat' dir='ltr'><strong>conculcabunt</strong></span> <span class='ocrx_word' id='word_1_182' title='bbox 1642 567 1691 586; x_wconf 85' lang='lat' dir='ltr'><strong>me.</strong></span> 
     </span>
    </p>
   </div>
   <div class='ocr_carea' id='block_1_27' title="bbox 912 603 1694 638">
    <p class='ocr_par' dir='ltr' id='par_1_27' title="bbox 912 603 1694 638">
     <span class='ocr_line' id='line_1_27' title="bbox 912 603 1694 638; baseline 0.001 -8"><span class='ocrx_word' id='word_1_183' title='bbox 912 603 1119 637; x_wconf 82' lang='lat' dir='ltr'><strong>Conculcabuut,</strong></span> <span class='ocrx_word' id='word_1_184' title='bbox 1136 604 1162 631; x_wconf 89' lang='lat' dir='ltr'><strong>id</strong></span> <span class='ocrx_word' id='word_1_185' title='bbox 1181 608 1232 636; x_wconf 86' lang='lat' dir='ltr'><strong>est,</strong></span> <span class='ocrx_word' id='word_1_186' title='bbox 1253 608 1397 638; x_wconf 78' lang='lat' dir='ltr'><strong>contegent</strong></span> <span class='ocrx_word' id='word_1_187' title='bbox 1419 607 1446 630; x_wconf 82' lang='lat' dir='ltr'><strong>et</strong></span> <span class='ocrx_word' id='word_1_188' title='bbox 1461 604 1636 631; x_wconf 82' lang='lat' dir='ltr'><strong>occultabunt</strong></span> <span class='ocrx_word' id='word_1_189' title='bbox 1651 611 1694 631; x_wconf 73' lang='lat' dir='ltr'><strong>me</strong></span> 
     </span>
    </p>
   </div>
   <div class='ocr_carea' id='block_1_28' title="bbox 911 648 1694 684">
    <p class='ocr_par' dir='ltr' id='par_1_28' title="bbox 911 648 1694 684">
     <span class='ocr_line' id='line_1_28' title="bbox 911 648 1694 684; baseline 0.001 -9"><span class='ocrx_word' id='word_1_190' title='bbox 911 649 998 676; x_wconf 88' lang='lat' dir='ltr'><strong>oculis</strong></span> <span class='ocrx_word' id='word_1_191' title='bbox 1012 648 1074 676; x_wconf 89' lang='lat' dir='ltr'><strong>tuis.</strong></span> <span class='ocrx_word' id='word_1_192' title='bbox 1091 648 1143 676; x_wconf 85' lang='lat' dir='ltr'><strong>Sed</strong></span> <span class='ocrx_word' id='word_1_193' title='bbox 1166 649 1231 683; x_wconf 58' lang='lat' dir='ltr'><strong>ipsas</strong></span> <span class='ocrx_word' id='word_1_194' title='bbox 1253 649 1372 676; x_wconf 65' lang='lat' dir='ltr'><strong>tenebrae</strong></span> <span class='ocrx_word' id='word_1_195' title='bbox 1394 648 1505 684; x_wconf 86' lang='lat' dir='ltr'><strong>perinde</strong></span> <span class='ocrx_word' id='word_1_196' title='bbox 1528 653 1580 676; x_wconf 64' lang='lat' dir='ltr'><strong>tua:</strong></span> <span class='ocrx_word' id='word_1_197' title='bbox 1603 649 1694 684; x_wconf 82' lang='lat' dir='ltr'><strong>cogni—</strong></span> 
     </span>
    </p>
   </div>
   <div class='ocr_carea' id='block_1_29' title="bbox 912 694 1269 729">
    <p class='ocr_par' dir='ltr' id='par_1_29' title="bbox 912 694 1269 729">
     <span class='ocr_line' id='line_1_29' title="bbox 912 694 1269 729; baseline -0.003 -8"><span class='ocrx_word' id='word_1_198' title='bbox 912 694 978 721; x_wconf 89' lang='lat' dir='ltr'><strong>tioni</strong></span> <span class='ocrx_word' id='word_1_199' title='bbox 994 698 1058 722; x_wconf 90' lang='lat' dir='ltr'><strong>sunt</strong></span> <span class='ocrx_word' id='word_1_200' title='bbox 1073 699 1154 729; x_wconf 89' lang='lat' dir='ltr'><strong>atque</strong></span> <span class='ocrx_word' id='word_1_201' title='bbox 1169 694 1269 721; x_wconf 88' lang='lat' dir='ltr'><strong>lumen.</strong></span> 
     </span>
    </p>
   </div>
   <div class='ocr_carea' id='block_1_30' title="bbox 948 796 1698 833">
    <p class='ocr_par' dir='ltr' id='par_1_30' title="bbox 948 796 1698 833">
     <span class='ocr_line' id='line_1_30' title="bbox 948 796 1698 833; baseline 0.004 -10"><span class='ocrx_word' id='word_1_202' title='bbox 948 796 991 823; x_wconf 77' lang='lat' dir='ltr'><strong>l2.</strong></span> <span class='ocrx_word' id='word_1_203' title='bbox 1016 796 1091 824; x_wconf 91' lang='lat' dir='ltr'><strong>Sicut</strong></span> <span class='ocrx_word' id='word_1_204' title='bbox 1109 801 1134 824; x_wconf 86' lang='lat' dir='ltr'><strong>et</strong></span> <span class='ocrx_word' id='word_1_205' title='bbox 1151 798 1261 824; x_wconf 78' lang='lat' dir='ltr'><strong>tenebrte</strong></span> <span class='ocrx_word' id='word_1_206' title='bbox 1276 798 1333 832; x_wconf 77' lang='lat' dir='ltr'><strong>ejus</strong></span> <span class='ocrx_word' id='word_1_207' title='bbox 1352 799 1391 825; x_wconf 84' lang='lat' dir='ltr'><strong>ita</strong></span> <span class='ocrx_word' id='word_1_208' title='bbox 1412 803 1436 825; x_wconf 80' lang='lat' dir='ltr'><strong>et</strong></span> <span class='ocrx_word' id='word_1_209' title='bbox 1452 798 1540 826; x_wconf 74' lang='lat' dir='ltr'><strong>lumen</strong></span> <span class='ocrx_word' id='word_1_210' title='bbox 1554 807 1623 833; x_wconf 68' lang='lat'><strong>€11“,</strong></span> <span class='ocrx_word' id='word_1_211' title='bbox 1639 803 1698 826; x_wconf 85' lang='lat' dir='ltr'><strong>etc..</strong></span> 
     </span>
    </p>
   </div>
   <div class='ocr_carea' id='block_1_31' title="bbox 913 840 1699 876">
    <p class='ocr_par' dir='ltr' id='par_1_31' title="bbox 913 840 1699 876">
     <span class='ocr_line' id='line_1_31' title="bbox 913 840 1699 876; baseline 0.005 -9"><span class='ocrx_word' id='word_1_212' title='bbox 913 840 1145 873; x_wconf 87' lang='lat' dir='ltr'><strong>Quemadmodum</strong></span> <span class='ocrx_word' id='word_1_213' title='bbox 1161 842 1238 868; x_wconf 91' lang='lat' dir='ltr'><strong>enim.</strong></span> <span class='ocrx_word' id='word_1_214' title='bbox 1254 842 1321 868; x_wconf 88' lang='lat' dir='ltr'><strong>mihi</strong></span> <span class='ocrx_word' id='word_1_215' title='bbox 1346 849 1400 869; x_wconf 73' lang='lat' dir='ltr'><strong>nox</strong></span> <span class='ocrx_word' id='word_1_216' title='bbox 1423 843 1568 871; x_wconf 86' lang='lat' dir='ltr'><strong>tenebrosa</strong></span> <span class='ocrx_word' id='word_1_217' title='bbox 1588 847 1640 876; x_wconf 80' lang='lat' dir='ltr'><strong>est,</strong></span> <span class='ocrx_word' id='word_1_218' title='bbox 1657 843 1699 871; x_wconf 47' lang='lat' dir='ltr'><strong>ita.</strong></span> 
     </span>
    </p>
   </div>
   <div class='ocr_carea' id='block_1_32' title="bbox 75 876 863 922">
    <p class='ocr_par' dir='ltr' id='par_1_32' title="bbox 75 876 860 914">
     <span class='ocr_line' id='line_1_32' title="bbox 75 876 860 914; baseline 0 -9"><span class='ocrx_word' id='word_1_219' title='bbox 75 879 204 913; x_wconf 69' lang='grc' dir='ltr'>φωτεινή.</span> <span class='ocrx_word' id='word_1_220' title='bbox 220 878 344 913; x_wconf 77' lang='grc' dir='ltr'>Νεφροὺς</span> <span class='ocrx_word' id='word_1_221' title='bbox 358 878 385 904; x_wconf 82' lang='grc' dir='ltr'><strong>δέ</strong></span> <span class='ocrx_word' id='word_1_222' title='bbox 400 886 481 913; x_wconf 83' lang='grc' dir='ltr'>φησιν</span> <span class='ocrx_word' id='word_1_223' title='bbox 500 876 567 904; x_wconf 76' lang='grc' dir='ltr'>εἶναι</span> <span class='ocrx_word' id='word_1_224' title='bbox 587 879 648 910; x_wconf 79' lang='grc' dir='ltr'>τοὺς</span> <span class='ocrx_word' id='word_1_225' title='bbox 662 878 744 913; x_wconf 79' lang='grc' dir='ltr'>φόϐου</span> <span class='ocrx_word' id='word_1_226' title='bbox 758 887 860 914; x_wconf 83' lang='grc' dir='ltr'>ποιητι-</span> 
     </span>
    </p>
   </div>
   <div class='ocr_carea' id='block_1_33' title="bbox 918 876 1694 922">
    <p class='ocr_par' dir='ltr' id='par_1_33' title="bbox 918 886 1694 922">
     <span class='ocr_line' id='line_1_33' title="bbox 918 886 1694 922; baseline 0.005 -10"><span class='ocrx_word' id='word_1_227' title='bbox 918 892 953 913; x_wconf 78' lang='lat' dir='ltr'><strong>:st</strong></span> <span class='ocrx_word' id='word_1_228' title='bbox 967 886 1013 913; x_wconf 88' lang='lat' dir='ltr'><strong>tibi</strong></span> <span class='ocrx_word' id='word_1_229' title='bbox 1029 886 1129 915; x_wconf 87' lang='lat' dir='ltr'><strong>lucida.</strong></span> <span class='ocrx_word' id='word_1_230' title='bbox 1145 886 1233 915; x_wconf 84' lang='lat' dir='ltr'><strong>Renes</strong></span> <span class='ocrx_word' id='word_1_231' title='bbox 1248 891 1339 915; x_wconf 78' lang='lat' dir='ltr'><strong>autem</strong></span> <span class='ocrx_word' id='word_1_232' title='bbox 1362 888 1445 922; x_wconf 84' lang='lat' dir='ltr'><strong>dicit,</strong></span> <span class='ocrx_word' id='word_1_233' title='bbox 1464 889 1581 916; x_wconf 81' lang='lat' dir='ltr'><strong>terroris</strong></span> <span class='ocrx_word' id='word_1_234' title='bbox 1601 889 1694 916; x_wconf 88' lang='lat' dir='ltr'><strong>incus-</strong></span> 
     </span>
    </p>
   </div>
   <div class='ocr_carea' id='block_1_34' title="bbox 74 923 863 960">
    <p class='ocr_par' dir='ltr' id='par_1_34' title="bbox 74 923 863 960">
     <span class='ocr_line' id='line_1_34' title="bbox 74 923 863 960; baseline 0.001 -10"><span class='ocrx_word' id='word_1_235' title='bbox 74 924 151 955; x_wconf 71' lang='grc' dir='ltr'>χούς.</span> <span class='ocrx_word' id='word_1_236' title='bbox 174 923 255 958; x_wconf 81' lang='grc' dir='ltr'><strong>Λέγει</strong></span> <span class='ocrx_word' id='word_1_237' title='bbox 277 924 315 953; x_wconf 81' lang='grc' dir='ltr'><strong>δὲ.</strong></span> <span class='ocrx_word' id='word_1_238' title='bbox 334 925 374 950; x_wconf 83' lang='grc' dir='ltr'>ὃτι</span> <span class='ocrx_word' id='word_1_239' title='bbox 396 925 429 950; x_wconf 81' lang='grc' dir='ltr'><strong>Σὲ</strong></span> <span class='ocrx_word' id='word_1_240' title='bbox 448 924 591 956; x_wconf 82' lang='grc' dir='ltr'>διαπαντὸς</span> <span class='ocrx_word' id='word_1_241' title='bbox 607 924 776 960; x_wconf 71' lang='grc' dir='ltr'>ἐφοϐούμην,</span> <span class='ocrx_word' id='word_1_242' title='bbox 803 925 863 952; x_wconf 76' lang='grc' dir='ltr'><strong>ἐπεὶ</strong></span> 
     </span>
    </p>
   </div>
   <div class='ocr_carea' id='block_1_35' title="bbox 75 967 862 1006">
    <p class='ocr_par' dir='ltr' id='par_1_35' title="bbox 75 967 862 1006">
     <span class='ocr_line' id='line_1_35' title="bbox 75 967 862 1006; baseline 0.001 -10"><span class='ocrx_word' id='word_1_243' title='bbox 75 970 129 1005; x_wconf 77' lang='grc' dir='ltr'><strong>πρὸ</strong></span> <span class='ocrx_word' id='word_1_244' title='bbox 144 970 288 1005; x_wconf 74' lang='grc' dir='ltr'>ὀφθαλμῶν</span> <span class='ocrx_word' id='word_1_245' title='bbox 302 967 373 1005; x_wconf 78' lang='grc' dir='ltr'>εἶχον</span> <span class='ocrx_word' id='word_1_246' title='bbox 389 970 432 997; x_wconf 77' lang='grc' dir='ltr'><strong>ἀεὶ</strong></span> <span class='ocrx_word' id='word_1_247' title='bbox 446 971 495 1006; x_wconf 83' lang='grc' dir='ltr'>τὴν</span> <span class='ocrx_word' id='word_1_248' title='bbox 509 970 559 1005; x_wconf 83' lang='grc' dir='ltr'>σὴν</span> <span class='ocrx_word' id='word_1_249' title='bbox 573 970 672 1005; x_wconf 70' lang='grc' dir='ltr'>κρίσιν,</span> <span class='ocrx_word' id='word_1_250' title='bbox 691 970 862 998; x_wconf 77' lang='grc' dir='ltr'>Ἀντελάϐου</span> 
     </span>
    </p>
   </div>
   <div class='ocr_carea' id='block_1_36' title="bbox 71 1016 862 1051">
    <p class='ocr_par' dir='ltr' id='par_1_36' title="bbox 71 1016 862 1051">
     <span class='ocr_line' id='line_1_36' title="bbox 71 1016 862 1051; baseline 0.001 -9"><span class='ocrx_word' id='word_1_251' title='bbox 71 1025 133 1050; x_wconf 83' lang='grc' dir='ltr'>μου</span> <span class='ocrx_word' id='word_1_252' title='bbox 155 1016 188 1042; x_wconf 81' lang='grc' dir='ltr'>ὲκ</span> <span class='ocrx_word' id='word_1_253' title='bbox 208 1017 339 1050; x_wconf 73' lang='grc' dir='ltr'>γαστρὸς</span> <span class='ocrx_word' id='word_1_254' title='bbox 357 1018 470 1051; x_wconf 79' lang='grc' dir='ltr'>μητρός</span> <span class='ocrx_word' id='word_1_255' title='bbox 488 1025 557 1051; x_wconf 80' lang='grc' dir='ltr'>μου.</span> <span class='ocrx_word' id='word_1_256' title='bbox 578 1017 711 1048; x_wconf 77' lang='grc' dir='ltr'>Εἰκότως,</span> <span class='ocrx_word' id='word_1_257' title='bbox 731 1017 807 1051; x_wconf 76' lang='grc' dir='ltr'>φησὶ,</span> <span class='ocrx_word' id='word_1_258' title='bbox 818 1017 862 1043; x_wconf 84' lang='grc' dir='ltr'><strong>τὸν</strong></span> 
     </span>
    </p>
   </div>
   <div class='ocr_carea' id='block_1_37' title="bbox 76 1061 864 1097">
    <p class='ocr_par' dir='ltr' id='par_1_37' title="bbox 76 1061 864 1097">
     <span class='ocr_line' id='line_1_37' title="bbox 76 1061 864 1097; baseline 0 -10"><span class='ocrx_word' id='word_1_259' title='bbox 76 1061 123 1087; x_wconf 75' lang='grc' dir='ltr'><strong>σὺν</strong></span> <span class='ocrx_word' id='word_1_260' title='bbox 145 1061 226 1096; x_wconf 78' lang='grc' dir='ltr'>φόϐον</span> <span class='ocrx_word' id='word_1_261' title='bbox 242 1062 417 1097; x_wconf 75' lang='grc' dir='ltr'>ἐκτησάμην,</span> <span class='ocrx_word' id='word_1_262' title='bbox 436 1061 529 1096; x_wconf 73' lang='grc' dir='ltr'>ἐπειδὴ</span> <span class='ocrx_word' id='word_1_263' title='bbox 546 1061 676 1096; x_wconf 71' lang='grc' dir='ltr'>κυόμενον</span> <span class='ocrx_word' id='word_1_264' title='bbox 691 1069 723 1097; x_wconf 84' lang='grc' dir='ltr'><strong>με</strong></span> <span class='ocrx_word' id='word_1_265' title='bbox 738 1061 754 1097; x_wconf 84' lang='grc' dir='ltr'>ἡ</span> <span class='ocrx_word' id='word_1_266' title='bbox 768 1061 801 1096; x_wconf 79' lang='grc' dir='ltr'>σὴ</span> <span class='ocrx_word' id='word_1_267' title='bbox 818 1070 864 1087; x_wconf 83' lang='grc' dir='ltr'>πε-</span> 
     </span>
    </p>
   </div>
   <div class='ocr_carea' id='block_1_38' title="bbox 75 1108 358 1144">
    <p class='ocr_par' dir='ltr' id='par_1_38' title="bbox 75 1108 358 1144">
     <span class='ocr_line' id='line_1_38' title="bbox 75 1108 358 1144; baseline 0 -10"><span class='ocrx_word' id='word_1_268' title='bbox 75 1117 123 1144; x_wconf 70' lang='grc' dir='ltr'>ριςρ</span> <span class='ocrx_word' id='word_1_269' title='bbox 128 1109 218 1143; x_wconf 82' lang='grc' dir='ltr'>ρουρεῐ</span> <span class='ocrx_word' id='word_1_270' title='bbox 234 1108 358 1143; x_wconf 84' lang='grc' dir='ltr'>πρόνοια.</span> 
     </span>
    </p>
   </div>
   <div class='ocr_carea' id='block_1_39' title="bbox 117 1151 863 1188">
    <p class='ocr_par' dir='ltr' id='par_1_39' title="bbox 117 1151 863 1188">
     <span class='ocr_line' id='line_1_39' title="bbox 117 1151 863 1188; baseline -0.003 -8"><span class='ocrx_word' id='word_1_271' title='bbox 117 1152 392 1188; x_wconf 65' lang='grc' dir='ltr'>Ἐξομολογνιὶσομαί</span> <span class='ocrx_word' id='word_1_272' title='bbox 405 1161 465 1185; x_wconf 81' lang='grc' dir='ltr'>σοι,</span> <span class='ocrx_word' id='word_1_273' title='bbox 479 1153 524 1180; x_wconf 77' lang='grc' dir='ltr'>ὅτι</span> <span class='ocrx_word' id='word_1_274' title='bbox 536 1152 665 1187; x_wconf 70' lang='grc' dir='ltr'>φοϐερῶς</span> <span class='ocrx_word' id='word_1_275' title='bbox 676 1151 863 1187; x_wconf 82' lang='grc' dir='ltr'>ἐθαυμαστώ-</span> 
     </span>
    </p>
   </div>
   <div class='ocr_carea' id='block_1_40' title="bbox 74 1197 863 1234">
    <p class='ocr_par' dir='ltr' id='par_1_40' title="bbox 74 1197 863 1234">
     <span class='ocr_line' id='line_1_40' title="bbox 74 1197 863 1234; baseline -0.001 -10"><span class='ocrx_word' id='word_1_276' title='bbox 74 1201 142 1232; x_wconf 87' lang='grc' dir='ltr'>θης.</span> <span class='ocrx_word' id='word_1_277' title='bbox 156 1198 298 1234; x_wconf 80' lang='grc' dir='ltr'>Εὐκαίρως</span> <span class='ocrx_word' id='word_1_278' title='bbox 316 1198 385 1233; x_wconf 77' lang='grc' dir='ltr'>μετὰ.</span> <span class='ocrx_word' id='word_1_279' title='bbox 395 1198 443 1233; x_wconf 79' lang='grc' dir='ltr'>τὴν</span> <span class='ocrx_word' id='word_1_280' title='bbox 454 1198 654 1234; x_wconf 79' lang='grc' dir='ltr'>προειρημένην</span> <span class='ocrx_word' id='word_1_281' title='bbox 668 1197 802 1232; x_wconf 81' lang='grc' dir='ltr'>θεολογίαν</span> <span class='ocrx_word' id='word_1_282' title='bbox 814 1197 863 1233; x_wconf 83' lang='grc' dir='ltr'>τὴν</span> 
     </span>
    </p>
   </div>
   <div class='ocr_carea' id='block_1_41' title="bbox 74 1243 861 1279">
    <p class='ocr_par' dir='ltr' id='par_1_41' title="bbox 74 1243 861 1279">
     <span class='ocr_line' id='line_1_41' title="bbox 74 1243 861 1279; baseline 0.003 -10"><span class='ocrx_word' id='word_1_283' title='bbox 74 1243 268 1278; x_wconf 76' lang='grc' dir='ltr'>ἐξομολόγησιν</span> <span class='ocrx_word' id='word_1_284' title='bbox 279 1243 487 1278; x_wconf 81' lang='grc' dir='ltr'>ἀναφθέγγεται.</span> <span class='ocrx_word' id='word_1_285' title='bbox 498 1243 654 1278; x_wconf 82' lang='grc' dir='ltr'>Θαυμάσια</span> <span class='ocrx_word' id='word_1_286' title='bbox 665 1244 700 1271; x_wconf 84' lang='grc' dir='ltr'>τὰ</span> <span class='ocrx_word' id='word_1_287' title='bbox 709 1245 779 1279; x_wconf 78' lang='grc' dir='ltr'>ἔργα</span> <span class='ocrx_word' id='word_1_288' title='bbox 793 1253 861 1277; x_wconf 87' lang='grc' dir='ltr'>σου,</span> 
     </span>
    </p>
   </div>
   <div class='ocr_carea' id='block_1_42' title="bbox 75 1288 864 1325">
    <p class='ocr_par' dir='ltr' id='par_1_42' title="bbox 75 1288 864 1325">
     <span class='ocr_line' id='line_1_42' title="bbox 75 1288 864 1325; baseline 0 -9"><span class='ocrx_word' id='word_1_289' title='bbox 75 1289 126 1316; x_wconf 79' lang='grc' dir='ltr'>καὶ</span> <span class='ocrx_word' id='word_1_290' title='bbox 143 1289 162 1322; x_wconf 75' lang='grc' dir='ltr'><em>ὴ</em></span> <span class='ocrx_word' id='word_1_291' title='bbox 174 1288 257 1323; x_wconf 67' lang='grc' dir='ltr'><strong>ψυχή</strong></span> <span class='ocrx_word' id='word_1_292' title='bbox 268 1298 328 1323; x_wconf 78' lang='grc' dir='ltr'>μου</span> <span class='ocrx_word' id='word_1_293' title='bbox 344 1289 482 1324; x_wconf 74' lang='grc' dir='ltr'>γινώσκει</span> <span class='ocrx_word' id='word_1_294' title='bbox 497 1289 623 1324; x_wconf 67' lang='grc' dir='ltr'>σφόδρα.</span> <span class='ocrx_word' id='word_1_295' title='bbox 638 1290 717 1321; x_wconf 83' lang='grc' dir='ltr'>’Ἡτις</span> <span class='ocrx_word' id='word_1_296' title='bbox 732 1290 800 1321; x_wconf 74' lang='grc' dir='ltr'>ἐστὶ,</span> <span class='ocrx_word' id='word_1_297' title='bbox 816 1299 864 1325; x_wconf 82' lang='grc' dir='ltr'>φη-</span> 
     </span>
    </p>
   </div>
   <div class='ocr_carea' id='block_1_43' title="bbox 75 1335 863 1372">
    <p class='ocr_par' dir='ltr' id='par_1_43' title="bbox 75 1335 863 1372">
     <span class='ocr_line' id='line_1_43' title="bbox 75 1335 863 1372; baseline 0 -10"><span class='ocrx_word' id='word_1_298' title='bbox 75 1336 130 1366; x_wconf 79' lang='grc' dir='ltr'>σὶν,</span> <span class='ocrx_word' id='word_1_299' title='bbox 146 1336 208 1370; x_wconf 76' lang='grc' dir='ltr'>ἐμοὶ</span> <span class='ocrx_word' id='word_1_300' title='bbox 225 1336 338 1370; x_wconf 77' lang='grc' dir='ltr'>δύναμις</span> <span class='ocrx_word' id='word_1_301' title='bbox 357 1335 526 1371; x_wconf 73' lang='grc' dir='ltr'>ἀπόρρητος,</span> <span class='ocrx_word' id='word_1_302' title='bbox 545 1335 591 1362; x_wconf 81' lang='grc' dir='ltr'><strong>καὶ</strong></span> <span class='ocrx_word' id='word_1_303' title='bbox 613 1336 680 1371; x_wconf 83' lang='grc' dir='ltr'>αὐτή</span> <span class='ocrx_word' id='word_1_304' title='bbox 698 1344 738 1362; x_wconf 87' lang='grc' dir='ltr'><strong>σοι</strong></span> <span class='ocrx_word' id='word_1_305' title='bbox 752 1336 790 1372; x_wconf 86' lang='grc' dir='ltr'>τῷ</span> <span class='ocrx_word' id='word_1_306' title='bbox 804 1335 863 1371; x_wconf 84' lang='grc' dir='ltr'><strong>Θεῷ</strong></span> 
     </span>
    </p>
   </div>
   <div class='ocr_carea' id='block_1_44' title="bbox 75 1381 332 1417">
    <p class='ocr_par' dir='ltr' id='par_1_44' title="bbox 75 1381 332 1417">
     <span class='ocr_line' id='line_1_44' title="bbox 75 1381 332 1417; baseline 0 -10"><span class='ocrx_word' id='word_1_307' title='bbox 75 1381 184 1417; x_wconf 73' lang='grc' dir='ltr'>φανερὰ</span> <span class='ocrx_word' id='word_1_308' title='bbox 197 1381 332 1416; x_wconf 81' lang='grc' dir='ltr'><strong>τυγχάνει.</strong></span> 
     </span>
    </p>
   </div>
   <div class='ocr_carea' id='block_1_45' title="bbox 115 1426 864 1461">
    <p class='ocr_par' dir='ltr' id='par_1_45' title="bbox 115 1426 864 1461">
     <span class='ocr_line' id='line_1_45' title="bbox 115 1426 864 1461; baseline 0 -7"><span class='ocrx_word' id='word_1_309' title='bbox 115 1428 178 1454; x_wconf 80' lang='grc' dir='ltr'><strong>οὐκ</strong></span> <span class='ocrx_word' id='word_1_310' title='bbox 197 1427 306 1460; x_wconf 78' lang='grc' dir='ltr'>ἐκρύϐη</span> <span class='ocrx_word' id='word_1_311' title='bbox 327 1426 360 1453; x_wconf 85' lang='grc' dir='ltr'>τὸ</span> <span class='ocrx_word' id='word_1_312' title='bbox 376 1427 488 1453; x_wconf 77' lang='grc' dir='ltr'>ὀστοῦν</span> <span class='ocrx_word' id='word_1_313' title='bbox 504 1435 564 1461; x_wconf 84' lang='grc' dir='ltr'>μου</span> <span class='ocrx_word' id='word_1_314' title='bbox 588 1426 646 1453; x_wconf 82' lang='grc' dir='ltr'><em>ἀπὸ</em></span> <span class='ocrx_word' id='word_1_315' title='bbox 662 1426 720 1454; x_wconf 89' lang='grc' dir='ltr'>σοῦ</span> <span class='ocrx_word' id='word_1_316' title='bbox 737 1427 752 1454; x_wconf 80' lang='grc' dir='ltr'>ὃ</span> <span class='ocrx_word' id='word_1_317' title='bbox 764 1427 864 1460; x_wconf 80' lang='grc' dir='ltr'>ἐποίη-</span> 
     </span>
    </p>
   </div>
   <div class='ocr_carea' id='block_1_46' title="bbox 75 1471 863 1507">
    <p class='ocr_par' dir='ltr' id='par_1_46' title="bbox 75 1471 863 1507">
     <span class='ocr_line' id='line_1_46' title="bbox 75 1471 863 1507; baseline -0.001 -7"><span class='ocrx_word' id='word_1_318' title='bbox 75 1480 137 1505; x_wconf 79' lang='grc' dir='ltr'><strong>σας</strong></span> <span class='ocrx_word' id='word_1_319' title='bbox 155 1472 190 1498; x_wconf 82' lang='grc' dir='ltr'>ἐν</span> <span class='ocrx_word' id='word_1_320' title='bbox 202 1471 310 1507; x_wconf 63' lang='grc' dir='ltr'><strong>κρυφῇ.</strong></span> <span class='ocrx_word' id='word_1_321' title='bbox 334 1472 390 1498; x_wconf 85' lang='grc' dir='ltr'><strong>Οὐκ</strong></span> <span class='ocrx_word' id='word_1_322' title='bbox 411 1472 504 1504; x_wconf 80' lang='grc' dir='ltr'>ἔλαθε,</span> <span class='ocrx_word' id='word_1_323' title='bbox 529 1473 612 1507; x_wconf 72' lang='grc' dir='ltr'>φησὶ,</span> <span class='ocrx_word' id='word_1_324' title='bbox 635 1473 684 1507; x_wconf 87' lang='grc' dir='ltr'>τῆς</span> <span class='ocrx_word' id='word_1_325' title='bbox 705 1473 830 1507; x_wconf 80' lang='grc' dir='ltr'>γυναικὸς</span> <span class='ocrx_word' id='word_1_326' title='bbox 850 1474 863 1500; x_wconf 80' lang='grc' dir='ltr'>ὁ</span> 
     </span>
    </p>
   </div>
   <div class='ocr_carea' id='block_1_47' title="bbox 75 1517 862 1553">
    <p class='ocr_par' dir='ltr' id='par_1_47' title="bbox 75 1517 862 1553">
     <span class='ocr_line' id='line_1_47' title="bbox 75 1517 862 1553; baseline 0.001 -10"><span class='ocrx_word' id='word_1_327' title='bbox 75 1517 193 1549; x_wconf 73' lang='grc' dir='ltr'>ὗλισθος,</span> <span class='ocrx_word' id='word_1_328' title='bbox 209 1517 242 1552; x_wconf 85' lang='grc' dir='ltr'>ἢν</span> <span class='ocrx_word' id='word_1_329' title='bbox 261 1518 304 1544; x_wconf 79' lang='grc' dir='ltr'><strong>ὲκ·</strong></span> <span class='ocrx_word' id='word_1_330' title='bbox 315 1517 362 1543; x_wconf 84' lang='grc' dir='ltr'>τοῦ</span> <span class='ocrx_word' id='word_1_331' title='bbox 385 1518 476 1544; x_wconf 81' lang='grc' dir='ltr'><strong>ὀστέου</strong></span> <span class='ocrx_word' id='word_1_332' title='bbox 495 1526 544 1553; x_wconf 88' lang='grc' dir='ltr'><strong>μου</strong></span> <span class='ocrx_word' id='word_1_333' title='bbox 560 1517 709 1552; x_wconf 78' lang='grc' dir='ltr'>λεληθότως</span> <span class='ocrx_word' id='word_1_334' title='bbox 723 1518 862 1552; x_wconf 74' lang='grc' dir='ltr'>ἐποίησας,</span> 
     </span>
    </p>
   </div>
   <div class='ocr_carea' id='block_1_48' title="bbox 77 1563 864 1599">
    <p class='ocr_par' dir='ltr' id='par_1_48' title="bbox 77 1563 864 1599">
     <span class='ocr_line' id='line_1_48' title="bbox 77 1563 864 1599; baseline 0.001 -10"><span class='ocrx_word' id='word_1_335' title='bbox 77 1563 157 1598; x_wconf 70' lang='grc' dir='ltr'><strong>ὕπνῳ</strong></span> <span class='ocrx_word' id='word_1_336' title='bbox 172 1563 250 1598; x_wconf 84' lang='grc' dir='ltr'>βαρεῖ</span> <span class='ocrx_word' id='word_1_337' title='bbox 263 1563 377 1594; x_wconf 79' lang='grc' dir='ltr'>εὐνάσας</span> <span class='ocrx_word' id='word_1_338' title='bbox 392 1571 435 1598; x_wconf 84' lang='grc' dir='ltr'>με’</span> <span class='ocrx_word' id='word_1_339' title='bbox 449 1563 505 1590; x_wconf 80' lang='grc' dir='ltr'>ἀλλ’</span> <span class='ocrx_word' id='word_1_340' title='bbox 522 1563 607 1597; x_wconf 74' lang='grc' dir='ltr'>ἔγνως</span> <span class='ocrx_word' id='word_1_341' title='bbox 619 1563 653 1590; x_wconf 83' lang='grc' dir='ltr'><strong>τὰ</strong></span> <span class='ocrx_word' id='word_1_342' title='bbox 666 1564 788 1599; x_wconf 80' lang='grc' dir='ltr'>ἡμέτερα</span> <span class='ocrx_word' id='word_1_343' title='bbox 802 1563 864 1598; x_wconf 85' lang='grc' dir='ltr'>κρύ-</span> 
     </span>
    </p>
   </div>
   <div class='ocr_carea' id='block_1_49' title="bbox 78 1608 863 1645">
    <p class='ocr_par' dir='ltr' id='par_1_49' title="bbox 78 1608 863 1645">
     <span class='ocr_line' id='line_1_49' title="bbox 78 1608 863 1645; baseline -0.001 -9"><span class='ocrx_word' id='word_1_344' title='bbox 78 1617 139 1644; x_wconf 77' lang='grc' dir='ltr'>φια,</span> <span class='ocrx_word' id='word_1_345' title='bbox 155 1610 169 1635; x_wconf 79' lang='grc' dir='ltr'><em>ὁ</em></span> <span class='ocrx_word' id='word_1_346' title='bbox 188 1609 294 1644; x_wconf 80' lang='grc' dir='ltr'>ἐκείνην</span> <span class='ocrx_word' id='word_1_347' title='bbox 305 1609 425 1645; x_wconf 79' lang='grc' dir='ltr'>κρυφίως</span> <span class='ocrx_word' id='word_1_348' title='bbox 439 1609 669 1644; x_wconf 81' lang='grc' dir='ltr'>ὑποστησάμενος.</span> <span class='ocrx_word' id='word_1_349' title='bbox 684 1608 738 1636; x_wconf 79' lang='grc' dir='ltr'><strong>Καὶ</strong></span> <span class='ocrx_word' id='word_1_350' title='bbox 755 1609 774 1643; x_wconf 77' lang='grc' dir='ltr'>ἡ</span> <span class='ocrx_word' id='word_1_351' title='bbox 789 1609 863 1636; x_wconf 76' lang='grc' dir='ltr'><strong>ὑπό-</strong></span> 
     </span>
    </p>
   </div>
   <div class='ocr_carea' id='block_1_50' title="bbox 75 1653 864 1689">
    <p class='ocr_par' dir='ltr' id='par_1_50' title="bbox 75 1653 864 1689">
     <span class='ocr_line' id='line_1_50' title="bbox 75 1653 864 1689; baseline -0.001 -8"><span class='ocrx_word' id='word_1_352' title='bbox 75 1655 189 1687; x_wconf 84' lang='grc' dir='ltr'>στασίς</span> <span class='ocrx_word' id='word_1_353' title='bbox 201 1663 260 1689; x_wconf 80' lang='grc' dir='ltr'>μου</span> <span class='ocrx_word' id='word_1_354' title='bbox 282 1654 317 1681; x_wconf 81' lang='grc' dir='ltr'>ἐν</span> <span class='ocrx_word' id='word_1_355' title='bbox 332 1653 394 1687; x_wconf 85' lang='grc' dir='ltr'>τοῖς</span> <span class='ocrx_word' id='word_1_356' title='bbox 417 1654 594 1687; x_wconf 80' lang='grc' dir='ltr'>κατωτάτοις</span> <span class='ocrx_word' id='word_1_357' title='bbox 614 1654 669 1688; x_wconf 83' lang='grc' dir='ltr'>τῆς</span> <span class='ocrx_word' id='word_1_358' title='bbox 685 1653 750 1689; x_wconf 73' lang='grc' dir='ltr'><strong>τῆς.</strong></span> <span class='ocrx_word' id='word_1_359' title='bbox 767 1653 822 1680; x_wconf 76' lang='grc' dir='ltr'><strong>Καὶ</strong></span> <span class='ocrx_word' id='word_1_360' title='bbox 840 1655 864 1680; x_wconf 92' lang='grc' dir='ltr'>εἰ</span> 
     </span>
    </p>
   </div>
   <div class='ocr_carea' id='block_1_51' title="bbox 76 1699 864 1735">
    <p class='ocr_par' dir='ltr' id='par_1_51' title="bbox 76 1699 864 1735">
     <span class='ocr_line' id='line_1_51' title="bbox 76 1699 864 1735; baseline -0.001 -9"><span class='ocrx_word' id='word_1_361' title='bbox 76 1699 242 1735; x_wconf 66' lang='grc' dir='ltr'>διαλυθείην,</span> <span class='ocrx_word' id='word_1_362' title='bbox 258 1700 334 1734; x_wconf 77' lang='grc' dir='ltr'>φησὶ,</span> <span class='ocrx_word' id='word_1_363' title='bbox 355 1700 401 1726; x_wconf 72' lang='grc' dir='ltr'>καὶ</span> <span class='ocrx_word' id='word_1_364' title='bbox 420 1700 459 1731; x_wconf 88' lang='grc' dir='ltr'><strong>εἰς</strong></span> <span class='ocrx_word' id='word_1_365' title='bbox 475 1699 538 1735; x_wconf 74' lang='grc' dir='ltr'>χοῦν</span> <span class='ocrx_word' id='word_1_366' title='bbox 550 1699 718 1735; x_wconf 82' lang='grc' dir='ltr'>πορευθείην,</span> <span class='ocrx_word' id='word_1_367' title='bbox 733 1699 775 1725; x_wconf 75' lang='grc' dir='ltr'>σοὶ</span> <span class='ocrx_word' id='word_1_368' title='bbox 785 1699 864 1726; x_wconf 83' lang='grc' dir='ltr'>πάλιν</span> 
     </span>
    </p>
   </div>
   <div class='ocr_carea' id='block_1_52' title="bbox 77 1745 458 1780">
    <p class='ocr_par' dir='ltr' id='par_1_52' title="bbox 77 1745 458 1780">
     <span class='ocr_line' id='line_1_52' title="bbox 77 1745 458 1780; baseline 0 -8"><span class='ocrx_word' id='word_1_369' title='bbox 77 1745 200 1780; x_wconf 74' lang='grc' dir='ltr'>γνωστὸν</span> <span class='ocrx_word' id='word_1_370' title='bbox 214 1745 245 1772; x_wconf 74' lang='grc' dir='ltr'>τὸ</span> <span class='ocrx_word' id='word_1_371' title='bbox 257 1745 375 1772; x_wconf 79' lang='grc' dir='ltr'>τοιοῦτόν</span> <span class='ocrx_word' id='word_1_372' title='bbox 386 1746 458 1772; x_wconf 76' lang='grc' dir='ltr'>ἐστιν</span> 
     </span>
    </p>
   </div>
   <div class='ocr_carea' id='block_1_53' title="bbox 118 1789 863 1826">
    <p class='ocr_par' dir='ltr' id='par_1_53' title="bbox 118 1789 863 1826">
     <span class='ocr_line' id='line_1_53' title="bbox 118 1789 863 1826; baseline 0 -9"><span class='ocrx_word' id='word_1_373' title='bbox 118 1791 155 1817; x_wconf 82' lang='grc' dir='ltr'><em>Τὸ</em></span> <span class='ocrx_word' id='word_1_374' title='bbox 171 1790 394 1825; x_wconf 76' lang='grc' dir='ltr'>ἀκατέργαστόν</span> <span class='ocrx_word' id='word_1_375' title='bbox 409 1800 469 1826; x_wconf 81' lang='grc' dir='ltr'><strong>μου</strong></span> <span class='ocrx_word' id='word_1_376' title='bbox 486 1789 567 1818; x_wconf 73' lang='grc' dir='ltr'>εἶδον</span> <span class='ocrx_word' id='word_1_377' title='bbox 581 1792 608 1818; x_wconf 82' lang='grc' dir='ltr'><strong>οι</strong></span> <span class='ocrx_word' id='word_1_378' title='bbox 631 1790 778 1825; x_wconf 75' lang='grc' dir='ltr'>ὀφθαλμοί</span> <span class='ocrx_word' id='word_1_379' title='bbox 795 1798 863 1817; x_wconf 88' lang='grc' dir='ltr'>σου.</span> 
     </span>
    </p>
   </div>
   <div class='ocr_carea' id='block_1_54' title="bbox 77 1835 865 1872">
    <p class='ocr_par' dir='ltr' id='par_1_54' title="bbox 77 1835 865 1872">
     <span class='ocr_line' id='line_1_54' title="bbox 77 1835 865 1872; baseline -0.001 -10"><span class='ocrx_word' id='word_1_380' title='bbox 77 1836 149 1872; x_wconf 77' lang='grc' dir='ltr'>Πρὶν</span> <span class='ocrx_word' id='word_1_381' title='bbox 171 1836 307 1869; x_wconf 79' lang='grc' dir='ltr'>γενέσθαι,</span> <span class='ocrx_word' id='word_1_382' title='bbox 322 1836 398 1870; x_wconf 76' lang='grc' dir='ltr'>φησὶ,</span> <span class='ocrx_word' id='word_1_383' title='bbox 414 1836 460 1862; x_wconf 79' lang='grc' dir='ltr'><strong>καὶ</strong></span> <span class='ocrx_word' id='word_1_384' title='bbox 483 1837 546 1871; x_wconf 67' lang='grc' dir='ltr'>πρὶν</span> <span class='ocrx_word' id='word_1_385' title='bbox 572 1835 762 1871; x_wconf 81' lang='grc' dir='ltr'>μορφωθῆναι,</span> <span class='ocrx_word' id='word_1_386' title='bbox 779 1836 803 1861; x_wconf 83' lang='grc' dir='ltr'><strong>οί</strong></span> <span class='ocrx_word' id='word_1_387' title='bbox 824 1835 865 1862; x_wconf 77' lang='grc' dir='ltr'><strong>σοὶ</strong></span> 
     </span>
    </p>
   </div>
   <div class='ocr_carea' id='block_1_55' title="bbox 77 1881 866 1917">
    <p class='ocr_par' dir='ltr' id='par_1_55' title="bbox 77 1881 866 1917">
     <span class='ocr_line' id='line_1_55' title="bbox 77 1881 866 1917; baseline 0 -9"><span class='ocrx_word' id='word_1_388' title='bbox 77 1882 130 1916; x_wconf 82' lang='grc' dir='ltr'>τῆς</span> <span class='ocrx_word' id='word_1_389' title='bbox 146 1881 325 1917; x_wconf 81' lang='grc' dir='ltr'>προγνώσεως</span> <span class='ocrx_word' id='word_1_390' title='bbox 340 1882 473 1917; x_wconf 70' lang='grc' dir='ltr'>ὀφθαλμοὶ</span> <span class='ocrx_word' id='word_1_391' title='bbox 488 1881 632 1908; x_wconf 74' lang='grc' dir='ltr'>ὲθεάσαντό</span> <span class='ocrx_word' id='word_1_392' title='bbox 653 1890 686 1916; x_wconf 84' lang='grc' dir='ltr'><strong>με</strong></span> <span class='ocrx_word' id='word_1_393' title='bbox 708 1881 755 1908; x_wconf 72' lang='grc' dir='ltr'><strong>καὶ</strong></span> <span class='ocrx_word' id='word_1_394' title='bbox 775 1882 866 1916; x_wconf 81' lang='grc' dir='ltr'>προεῖ-</span> 
     </span>
    </p>
   </div>
   <div class='ocr_carea' id='block_1_56' title="bbox 78 1926 865 1962">
    <p class='ocr_par' dir='ltr' id='par_1_56' title="bbox 78 1926 865 1962">
     <span class='ocr_line' id='line_1_56' title="bbox 78 1926 865 1962; baseline -0.001 -9"><span class='ocrx_word' id='word_1_395' title='bbox 78 1927 123 1953; x_wconf 78' lang='grc' dir='ltr'>ῖόν</span> <span class='ocrx_word' id='word_1_396' title='bbox 141 1935 185 1962; x_wconf 81' lang='grc' dir='ltr'><strong>με,</strong></span> <span class='ocrx_word' id='word_1_397' title='bbox 202 1928 250 1961; x_wconf 79' lang='grc' dir='ltr'>οὐχ</span> <span class='ocrx_word' id='word_1_398' title='bbox 264 1926 366 1958; x_wconf 81' lang='grc' dir='ltr'>ἁπλῶς,</span> <span class='ocrx_word' id='word_1_399' title='bbox 379 1926 434 1954; x_wconf 83' lang='grc' dir='ltr'>ἀλλ’</span> <span class='ocrx_word' id='word_1_400' title='bbox 447 1927 484 1958; x_wconf 83' lang='grc' dir='ltr'>ὼς</span> <span class='ocrx_word' id='word_1_401' title='bbox 496 1927 546 1962; x_wconf 72' lang='grc' dir='ltr'>ήδη</span> <span class='ocrx_word' id='word_1_402' title='bbox 560 1926 726 1961; x_wconf 75' lang='grc' dir='ltr'>ἐγκείμενον,</span> <span class='ocrx_word' id='word_1_403' title='bbox 744 1926 790 1953; x_wconf 76' lang='grc' dir='ltr'>καὶ</span> <span class='ocrx_word' id='word_1_404' title='bbox 804 1934 865 1952; x_wconf 89' lang='grc' dir='ltr'>συν-</span> 
     </span>
    </p>
   </div>
   <div class='ocr_carea' id='block_1_57' title="bbox 77 1971 863 2008">
    <p class='ocr_par' dir='ltr' id='par_1_57' title="bbox 77 1971 863 2008">
     <span class='ocr_line' id='line_1_57' title="bbox 77 1971 863 2008; baseline -0.001 -9"><span class='ocrx_word' id='word_1_405' title='bbox 77 1973 286 2008; x_wconf 80' lang='grc' dir='ltr'>ηριθμημένον,</span> <span class='ocrx_word' id='word_1_406' title='bbox 311 1973 358 1999; x_wconf 70' lang='grc' dir='ltr'>καὶ</span> <span class='ocrx_word' id='word_1_407' title='bbox 378 1973 407 1999; x_wconf 81' lang='grc' dir='ltr'>ἐν</span> <span class='ocrx_word' id='word_1_408' title='bbox 433 1974 466 2008; x_wconf 84' lang='grc' dir='ltr'><strong>τῇ</strong></span> <span class='ocrx_word' id='word_1_409' title='bbox 490 1972 572 2008; x_wconf 82' lang='grc' dir='ltr'>βίϐλῳ</span> <span class='ocrx_word' id='word_1_410' title='bbox 596 1981 643 1999; x_wconf 88' lang='grc' dir='ltr'><strong>σου</strong></span> <span class='ocrx_word' id='word_1_411' title='bbox 665 1971 863 2008; x_wconf 82' lang='grc' dir='ltr'>γεγραμμένον.</span> 
     </span>
    </p>
   </div>
   <div class='ocr_carea' id='block_1_58' title="bbox 84 2016 863 2053">
    <p class='ocr_par' dir='ltr' id='par_1_58' title="bbox 84 2016 863 2053">
     <span class='ocr_line' id='line_1_58' title="bbox 84 2016 863 2053; baseline -0.005 -6"><span class='ocrx_word' id='word_1_412' title='bbox 84 2018 201 2053; x_wconf 82' lang='grc' dir='ltr'>Ἡμέραι</span> <span class='ocrx_word' id='word_1_413' title='bbox 230 2018 469 2051; x_wconf 69' lang='grc' dir='ltr'>πλασθήσονται,</span> <span class='ocrx_word' id='word_1_414' title='bbox 496 2017 546 2052; x_wconf 77' lang='grc' dir='ltr'><strong>καὶ</strong></span> <span class='ocrx_word' id='word_1_415' title='bbox 572 2017 671 2050; x_wconf 76' lang='grc' dir='ltr'>οὐδεὶς</span> <span class='ocrx_word' id='word_1_416' title='bbox 694 2018 729 2044; x_wconf 85' lang='grc' dir='ltr'>ἐν</span> <span class='ocrx_word' id='word_1_417' title='bbox 754 2016 863 2049; x_wconf 86' lang='grc' dir='ltr'>αὐτοῖς.</span> 
     </span>
    </p>
   </div>
   <div class='ocr_carea' id='block_1_59' title="bbox 78 2063 865 2100">
    <p class='ocr_par' dir='ltr' id='par_1_59' title="bbox 78 2063 865 2100">
     <span class='ocr_line' id='line_1_59' title="bbox 78 2063 865 2100; baseline 0 -10"><span class='ocrx_word' id='word_1_418' title='bbox 78 2063 160 2090; x_wconf 81' lang='grc' dir='ltr'>Κατὰ</span> <span class='ocrx_word' id='word_1_419' title='bbox 173 2063 262 2095; x_wconf 82' lang='grc' dir='ltr'>πάσας</span> <span class='ocrx_word' id='word_1_420' title='bbox 278 2064 327 2099; x_wconf 79' lang='grc' dir='ltr'>τῆς</span> <span class='ocrx_word' id='word_1_421' title='bbox 342 2063 414 2099; x_wconf 78' lang='grc' dir='ltr'>ζωῆς</span> <span class='ocrx_word' id='word_1_422' title='bbox 435 2063 523 2090; x_wconf 75' lang='grc' dir='ltr'>αὐτῶν</span> <span class='ocrx_word' id='word_1_423' title='bbox 539 2063 589 2096; x_wconf 78' lang='grc' dir='ltr'><strong>τὰς</strong></span> <span class='ocrx_word' id='word_1_424' title='bbox 603 2064 708 2100; x_wconf 81' lang='grc' dir='ltr'>ἡμέρας</span> <span class='ocrx_word' id='word_1_425' title='bbox 723 2063 865 2100; x_wconf 80' lang='grc' dir='ltr'>εὐρύθμως</span> 
     </span>
    </p>
   </div>
   <div class='ocr_carea' id='block_1_60' title="bbox 79 2109 865 2145">
    <p class='ocr_par' dir='ltr' id='par_1_60' title="bbox 79 2109 865 2145">
     <span class='ocr_line' id='line_1_60' title="bbox 79 2109 865 2145; baseline -0.001 -8"><span class='ocrx_word' id='word_1_426' title='bbox 79 2111 128 2137; x_wconf 70' lang='grc' dir='ltr'>λαὶ</span> <span class='ocrx_word' id='word_1_427' title='bbox 154 2110 312 2141; x_wconf 85' lang='grc' dir='ltr'>εὐπλάστως</span> <span class='ocrx_word' id='word_1_428' title='bbox 339 2110 450 2141; x_wconf 75' lang='grc' dir='ltr'>ἑαυτοὺς</span> <span class='ocrx_word' id='word_1_429' title='bbox 475 2109 618 2145; x_wconf 82' lang='grc' dir='ltr'>διήγαγον,</span> <span class='ocrx_word' id='word_1_430' title='bbox 640 2110 687 2136; x_wconf 78' lang='grc' dir='ltr'>καὶ</span> <span class='ocrx_word' id='word_1_431' title='bbox 711 2110 777 2145; x_wconf 86' lang='grc' dir='ltr'>μηδὲ</span> <span class='ocrx_word' id='word_1_432' title='bbox 802 2109 865 2145; x_wconf 86' lang='grc' dir='ltr'>μίαν</span> 
     </span>
    </p>
   </div>
   <div class='ocr_carea' id='block_1_61' title="bbox 80 2154 761 2191">
    <p class='ocr_par' dir='ltr' id='par_1_61' title="bbox 80 2154 761 2191">
     <span class='ocr_line' id='line_1_61' title="bbox 80 2154 761 2191; baseline -0.001 -9"><span class='ocrx_word' id='word_1_433' title='bbox 80 2156 189 2191; x_wconf 70' lang='grc' dir='ltr'>ἡμέραν</span> <span class='ocrx_word' id='word_1_434' title='bbox 203 2156 300 2187; x_wconf 78' lang='grc' dir='ltr'>αὐτοὺς</span> <span class='ocrx_word' id='word_1_435' title='bbox 313 2155 414 2182; x_wconf 81' lang='grc' dir='ltr'>ἄτυπον</span> <span class='ocrx_word' id='word_1_436' title='bbox 428 2155 444 2190; x_wconf 80' lang='grc' dir='ltr'>ἢ</span> <span class='ocrx_word' id='word_1_437' title='bbox 457 2154 592 2182; x_wconf 76' lang='grc' dir='ltr'>ἄπλαστον</span> <span class='ocrx_word' id='word_1_438' title='bbox 605 2155 761 2190; x_wconf 76' lang='grc' dir='ltr'>ἐσχηκέναι.</span> 
     </span>
    </p>
   </div>
   <div class='ocr_carea' id='block_1_62' title="bbox 913 931 1695 969">
    <p class='ocr_par' dir='ltr' id='par_1_62' title="bbox 913 931 1695 969">
     <span class='ocr_line' id='line_1_62' title="bbox 913 931 1695 969; baseline 0.003 -11"><span class='ocrx_word' id='word_1_439' title='bbox 913 931 1061 964; x_wconf 86' lang='lat' dir='ltr'><strong>sores.Te,</strong></span> <span class='ocrx_word' id='word_1_440' title='bbox 1090 933 1187 968; x_wconf 82' lang='lat' dir='ltr'><strong>inquit,</strong></span> <span class='ocrx_word' id='word_1_441' title='bbox 1219 941 1326 968; x_wconf 85' lang='lat' dir='ltr'><strong>semper</strong></span> <span class='ocrx_word' id='word_1_442' title='bbox 1360 934 1500 965; x_wconf 82' lang='lat' dir='ltr'><strong>timebam,</strong></span> <span class='ocrx_word' id='word_1_443' title='bbox 1533 934 1597 969; x_wconf 86' lang='lat' dir='ltr'><strong>quia</strong></span> <span class='ocrx_word' id='word_1_444' title='bbox 1627 934 1695 961; x_wconf 91' lang='lat' dir='ltr'><strong>mihi</strong></span> 
     </span>
    </p>
   </div>
   <div class='ocr_carea' id='block_1_63' title="bbox 913 977 1695 1012">
    <p class='ocr_par' dir='ltr' id='par_1_63' title="bbox 913 977 1695 1012">
     <span class='ocr_line' id='line_1_63' title="bbox 913 977 1695 1012; baseline 0.004 -9"><span class='ocrx_word' id='word_1_445' title='bbox 913 985 1018 1012; x_wconf 85' lang='lat' dir='ltr'><strong>semper</strong></span> <span class='ocrx_word' id='word_1_446' title='bbox 1032 977 1164 1012; x_wconf 87' lang='lat' dir='ltr'><strong>judicium</strong></span> <span class='ocrx_word' id='word_1_447' title='bbox 1181 982 1257 1005; x_wconf 87' lang='lat' dir='ltr'><strong>tuum</strong></span> <span class='ocrx_word' id='word_1_448' title='bbox 1279 979 1315 1006; x_wconf 91' lang='lat' dir='ltr'><strong>ob</strong></span> <span class='ocrx_word' id='word_1_449' title='bbox 1335 979 1429 1007; x_wconf 89' lang='lat' dir='ltr'><strong>oculos</strong></span> <span class='ocrx_word' id='word_1_450' title='bbox 1445 979 1613 1007; x_wconf 83' lang='lat' dir='ltr'><strong>versabatur.</strong></span> <span class='ocrx_word' id='word_1_451' title='bbox 1628 979 1695 1007; x_wconf 79' lang='lat' dir='ltr'><strong>Sus-</strong></span> 
     </span>
    </p>
   </div>
   <div class='ocr_carea' id='block_1_64' title="bbox 912 1022 1693 1060">
    <p class='ocr_par' dir='ltr' id='par_1_64' title="bbox 912 1022 1693 1060">
     <span class='ocr_line' id='line_1_64' title="bbox 912 1022 1693 1060; baseline 0.005 -12"><span class='ocrx_word' id='word_1_452' title='bbox 912 1023 1002 1057; x_wconf 77' lang='lat' dir='ltr'><strong>cepisti</strong></span> <span class='ocrx_word' id='word_1_453' title='bbox 1018 1030 1059 1049; x_wconf 88' lang='lat' dir='ltr'><strong>me</strong></span> <span class='ocrx_word' id='word_1_454' title='bbox 1078 1022 1109 1049; x_wconf 81' lang='lat' dir='ltr'><strong>de</strong></span> <span class='ocrx_word' id='word_1_455' title='bbox 1130 1027 1204 1050; x_wconf 84' lang='lat' dir='ltr'><strong>utero</strong></span> <span class='ocrx_word' id='word_1_456' title='bbox 1227 1025 1321 1051; x_wconf 81' lang='lat' dir='ltr'><strong>matris</strong></span> <span class='ocrx_word' id='word_1_457' title='bbox 1334 1033 1406 1052; x_wconf 79' lang='lat' dir='ltr'><strong>mem.</strong></span> <span class='ocrx_word' id='word_1_458' title='bbox 1432 1024 1506 1058; x_wconf 82' lang='lat' dir='ltr'><strong>Jure,</strong></span> <span class='ocrx_word' id='word_1_459' title='bbox 1527 1025 1634 1060; x_wconf 91' lang='lat' dir='ltr'><strong>inquit,</strong></span> <span class='ocrx_word' id='word_1_460' title='bbox 1654 1026 1693 1053; x_wconf 91' lang='lat' dir='ltr'><strong>tui</strong></span> 
     </span>
    </p>
   </div>
   <div class='ocr_carea' id='block_1_65' title="bbox 913 1068 1692 1104">
    <p class='ocr_par' dir='ltr' id='par_1_65' title="bbox 913 1068 1692 1104">
     <span class='ocr_line' id='line_1_65' title="bbox 913 1068 1692 1104; baseline 0.006 -10"><span class='ocrx_word' id='word_1_461' title='bbox 913 1068 1037 1095; x_wconf 84' lang='lat' dir='ltr'><strong>timorem</strong></span> <span class='ocrx_word' id='word_1_462' title='bbox 1060 1068 1154 1101; x_wconf 84' lang='lat' dir='ltr'><strong>habui,</strong></span> <span class='ocrx_word' id='word_1_463' title='bbox 1171 1070 1392 1104; x_wconf 85' lang='lat' dir='ltr'><strong>quandoquidem</strong></span> <span class='ocrx_word' id='word_1_464' title='bbox 1416 1078 1459 1098; x_wconf 90' lang='lat' dir='ltr'><strong>me</strong></span> <span class='ocrx_word' id='word_1_465' title='bbox 1482 1070 1511 1098; x_wconf 91' lang='lat' dir='ltr'><strong>in</strong></span> <span class='ocrx_word' id='word_1_466' title='bbox 1532 1076 1609 1099; x_wconf 90' lang='lat' dir='ltr'><strong>utero</strong></span> <span class='ocrx_word' id='word_1_467' title='bbox 1631 1079 1692 1099; x_wconf 86' lang='lat' dir='ltr'><strong>ver-</strong></span> 
     </span>
    </p>
   </div>
   <div class='ocr_carea' id='block_1_66' title="bbox 912 1114 1433 1148">
    <p class='ocr_par' dir='ltr' id='par_1_66' title="bbox 912 1114 1433 1148">
     <span class='ocr_line' id='line_1_66' title="bbox 912 1114 1433 1148; baseline 0.004 -6"><span class='ocrx_word' id='word_1_468' title='bbox 912 1118 1016 1142; x_wconf 86' lang='lat' dir='ltr'><strong>santem</strong></span> <span class='ocrx_word' id='word_1_469' title='bbox 1030 1114 1197 1148; x_wconf 87' lang='lat' dir='ltr'><strong>providentia</strong></span> <span class='ocrx_word' id='word_1_470' title='bbox 1212 1119 1257 1142; x_wconf 86' lang='lat' dir='ltr'><strong>tua</strong></span> <span class='ocrx_word' id='word_1_471' title='bbox 1279 1121 1433 1144; x_wconf 87' lang='lat' dir='ltr'><strong>conservat.</strong></span> 
     </span>
    </p>
   </div>
   <div class='ocr_carea' id='block_1_67' title="bbox 949 1159 1694 1199">
    <p class='ocr_par' dir='ltr' id='par_1_67' title="bbox 949 1159 1694 1199">
     <span class='ocr_line' id='line_1_67' title="bbox 949 1159 1694 1199; baseline 0.007 -13"><span class='ocrx_word' id='word_1_472' title='bbox 949 1159 991 1186; x_wconf 77' lang='lat' dir='ltr'><strong>M.</strong></span> <span class='ocrx_word' id='word_1_473' title='bbox 1029 1159 1177 1194; x_wconf 80' lang='lat' dir='ltr'><strong>Confitebor</strong></span> <span class='ocrx_word' id='word_1_474' title='bbox 1194 1161 1240 1187; x_wconf 86' lang='lat' dir='ltr'><strong>tibi</strong></span> <span class='ocrx_word' id='word_1_475' title='bbox 1259 1162 1321 1199; x_wconf 83' lang='lat' dir='ltr'><strong>quia</strong></span> <span class='ocrx_word' id='word_1_476' title='bbox 1337 1162 1490 1189; x_wconf 80' lang='lat' dir='ltr'><strong>terribiliter</strong></span> <span class='ocrx_word' id='word_1_477' title='bbox 1508 1163 1694 1198; x_wconf 71' lang='lat' dir='ltr'><strong>magniﬁcatus</strong></span> 
     </span>
    </p>
   </div>
   <div class='ocr_carea' id='block_1_68' title="bbox 912 1204 1695 1242">
    <p class='ocr_par' dir='ltr' id='par_1_68' title="bbox 912 1204 1695 1242">
     <span class='ocr_line' id='line_1_68' title="bbox 912 1204 1695 1242; baseline 0.005 -10"><span class='ocrx_word' id='word_1_478' title='bbox 912 1213 949 1232; x_wconf 84' lang='lat' dir='ltr'><strong>es.</strong></span> <span class='ocrx_word' id='word_1_479' title='bbox 965 1204 1122 1239; x_wconf 83' lang='lat' dir='ltr'><strong>Opportune</strong></span> <span class='ocrx_word' id='word_1_480' title='bbox 1139 1206 1278 1240; x_wconf 74' lang='lat' dir='ltr'><strong>prtemissa</strong></span> <span class='ocrx_word' id='word_1_481' title='bbox 1301 1207 1347 1234; x_wconf 86' lang='lat' dir='ltr'><strong>illa</strong></span> <span class='ocrx_word' id='word_1_482' title='bbox 1372 1208 1517 1242; x_wconf 77' lang='lat' dir='ltr'><strong>theologia,</strong></span> <span class='ocrx_word' id='word_1_483' title='bbox 1545 1207 1695 1236; x_wconf 80' lang='lat' dir='ltr'><strong>confessio-</strong></span> 
     </span>
    </p>
   </div>
   <div class='ocr_carea' id='block_1_69' title="bbox 912 1252 1695 1288">
    <p class='ocr_par' dir='ltr' id='par_1_69' title="bbox 912 1252 1695 1288">
     <span class='ocr_line' id='line_1_69' title="bbox 912 1252 1695 1288; baseline 0.003 -10"><span class='ocrx_word' id='word_1_484' title='bbox 912 1259 974 1278; x_wconf 90' lang='lat' dir='ltr'><strong>nem</strong></span> <span class='ocrx_word' id='word_1_485' title='bbox 997 1256 1090 1286; x_wconf 86' lang='lat' dir='ltr'><strong>postea</strong></span> <span class='ocrx_word' id='word_1_486' title='bbox 1112 1252 1178 1280; x_wconf 85' lang='lat' dir='ltr'><strong>edit.</strong></span> <span class='ocrx_word' id='word_1_487' title='bbox 1203 1252 1342 1280; x_wconf 82' lang='lat' dir='ltr'><strong>Mirubilia</strong></span> <span class='ocrx_word' id='word_1_488' title='bbox 1364 1261 1442 1288; x_wconf 84' lang='lat' dir='ltr'><strong>opera</strong></span> <span class='ocrx_word' id='word_1_489' title='bbox 1466 1258 1532 1287; x_wconf 86' lang='lat' dir='ltr'><strong>tua,</strong></span> <span class='ocrx_word' id='word_1_490' title='bbox 1554 1259 1578 1281; x_wconf 86' lang='lat' dir='ltr'><strong>et</strong></span> <span class='ocrx_word' id='word_1_491' title='bbox 1604 1255 1695 1281; x_wconf 79' lang='lat' dir='ltr'><strong>anima</strong></span> 
     </span>
    </p>
   </div>
   <div class='ocr_carea' id='block_1_70' title="bbox 913 1297 1695 1334">
    <p class='ocr_par' dir='ltr' id='par_1_70' title="bbox 913 1297 1695 1334">
     <span class='ocr_line' id='line_1_70' title="bbox 913 1297 1695 1334; baseline 0.004 -10"><span class='ocrx_word' id='word_1_492' title='bbox 913 1305 970 1324; x_wconf 82' lang='lat' dir='ltr'><strong>mea</strong></span> <span class='ocrx_word' id='word_1_493' title='bbox 989 1298 1120 1332; x_wconf 72' lang='lat' dir='ltr'><strong>cognoscit</strong></span> <span class='ocrx_word' id='word_1_494' title='bbox 1144 1298 1233 1324; x_wconf 79' lang='lat' dir='ltr'><strong>nimis.</strong></span> <span class='ocrx_word' id='word_1_495' title='bbox 1251 1297 1345 1326; x_wconf 83' lang='lat' dir='ltr'><strong>Virtus</strong></span> <span class='ocrx_word' id='word_1_496' title='bbox 1367 1299 1413 1326; x_wconf 89' lang='lat' dir='ltr'><strong>illa</strong></span> <span class='ocrx_word' id='word_1_497' title='bbox 1426 1307 1487 1334; x_wconf 67' lang='lat' dir='ltr'><strong>quae</strong></span> <span class='ocrx_word' id='word_1_498' title='bbox 1502 1299 1569 1327; x_wconf 87' lang='lat' dir='ltr'><strong>mihi</strong></span> <span class='ocrx_word' id='word_1_499' title='bbox 1590 1300 1695 1328; x_wconf 78' lang='lat' dir='ltr'><strong>occulta</strong></span> 
     </span>
    </p>
   </div>
   <div class='ocr_carea' id='block_1_71' title="bbox 912 1343 1333 1379">
    <p class='ocr_par' dir='ltr' id='par_1_71' title="bbox 912 1343 1333 1379">
     <span class='ocr_line' id='line_1_71' title="bbox 912 1343 1333 1379; baseline 0 -9"><span class='ocrx_word' id='word_1_500' title='bbox 912 1347 964 1376; x_wconf 89' lang='lat' dir='ltr'><strong>est,</strong></span> <span class='ocrx_word' id='word_1_501' title='bbox 982 1343 1032 1370; x_wconf 90' lang='lat' dir='ltr'><strong>tibi</strong></span> <span class='ocrx_word' id='word_1_502' title='bbox 1047 1343 1102 1372; x_wconf 82' lang='lat' dir='ltr'><strong>Deo</strong></span> <span class='ocrx_word' id='word_1_503' title='bbox 1118 1344 1264 1379; x_wconf 84' lang='lat' dir='ltr'><strong>conspicua</strong></span> <span class='ocrx_word' id='word_1_504' title='bbox 1283 1349 1333 1372; x_wconf 84' lang='lat' dir='ltr'><strong>est.</strong></span> 
     </span>
    </p>
   </div>
   <div class='ocr_carea' id='block_1_72' title="bbox 949 1431 1694 1470">
    <p class='ocr_par' dir='ltr' id='par_1_72' title="bbox 949 1431 1694 1470">
     <span class='ocr_line' id='line_1_72' title="bbox 949 1431 1694 1470; baseline 0.004 -11"><span class='ocrx_word' id='word_1_505' title='bbox 949 1432 992 1459; x_wconf 77' lang='grc'><strong>15.</strong></span> <span class='ocrx_word' id='word_1_506' title='bbox 1026 1431 1085 1460; x_wconf 86' lang='lat' dir='ltr'><strong>Non</strong></span> <span class='ocrx_word' id='word_1_507' title='bbox 1099 1438 1137 1460; x_wconf 74' lang='lat' dir='ltr'><strong>est</strong></span> <span class='ocrx_word' id='word_1_508' title='bbox 1148 1434 1308 1460; x_wconf 80' lang='lat' dir='ltr'><strong>occultatum</strong></span> <span class='ocrx_word' id='word_1_509' title='bbox 1325 1442 1353 1461; x_wconf 81' lang='lat' dir='ltr'><strong>os</strong></span> <span class='ocrx_word' id='word_1_510' title='bbox 1375 1442 1460 1461; x_wconf 88' lang='lat' dir='ltr'><strong>meum</strong></span> <span class='ocrx_word' id='word_1_511' title='bbox 1473 1443 1490 1461; x_wconf 82' lang='grc' dir='ltr'><strong>α</strong></span> <span class='ocrx_word' id='word_1_512' title='bbox 1506 1440 1531 1462; x_wconf 89' lang='lat' dir='ltr'><strong>te</strong></span> <span class='ocrx_word' id='word_1_513' title='bbox 1544 1435 1613 1470; x_wconf 82' lang='lat' dir='ltr'><strong>quod</strong></span> <span class='ocrx_word' id='word_1_514' title='bbox 1629 1435 1694 1470; x_wconf 80' lang='lat' dir='ltr'><strong>feci-</strong></span> 
     </span>
    </p>
   </div>
   <div class='ocr_carea' id='block_1_73' title="bbox 913 1477 1703 1514">
    <p class='ocr_par' dir='ltr' id='par_1_73' title="bbox 913 1477 1703 1514">
     <span class='ocr_line' id='line_1_73' title="bbox 913 1477 1703 1514; baseline 0.004 -10"><span class='ocrx_word' id='word_1_515' title='bbox 913 1478 948 1504; x_wconf 78' lang='lat' dir='ltr'><strong>sti</strong></span> <span class='ocrx_word' id='word_1_516' title='bbox 961 1477 987 1504; x_wconf 85' lang='lat' dir='ltr'><strong>in</strong></span> <span class='ocrx_word' id='word_1_517' title='bbox 1001 1478 1111 1505; x_wconf 87' lang='lat' dir='ltr'><strong>occulto.</strong></span> <span class='ocrx_word' id='word_1_518' title='bbox 1132 1478 1191 1506; x_wconf 85' lang='lat' dir='ltr'><strong>Non</strong></span> <span class='ocrx_word' id='word_1_519' title='bbox 1213 1479 1300 1510; x_wconf 86' lang='lat' dir='ltr'><strong>latuit,</strong></span> <span class='ocrx_word' id='word_1_520' title='bbox 1325 1479 1431 1514; x_wconf 89' lang='lat' dir='ltr'><strong>inquit,</strong></span> <span class='ocrx_word' id='word_1_521' title='bbox 1455 1479 1577 1507; x_wconf 86' lang='lat' dir='ltr'><strong>mulieris</strong></span> <span class='ocrx_word' id='word_1_522' title='bbox 1592 1479 1703 1514; x_wconf 29' lang='lat' dir='ltr'><strong>lapsus“</strong></span> 
     </span>
    </p>
   </div>
   <div class='ocr_carea' id='block_1_74' title="bbox 914 1523 1703 1560">
    <p class='ocr_par' dir='ltr' id='par_1_74' title="bbox 914 1523 1703 1560">
     <span class='ocr_line' id='line_1_74' title="bbox 914 1523 1703 1560; baseline 0.004 -11"><span class='ocrx_word' id='word_1_523' title='bbox 914 1530 995 1557; x_wconf 74' lang='lat' dir='ltr'><strong>quam</strong></span> <span class='ocrx_word' id='word_1_524' title='bbox 1008 1530 1040 1550; x_wconf 85' lang='lat' dir='ltr'><strong>ex</strong></span> <span class='ocrx_word' id='word_1_525' title='bbox 1054 1531 1115 1551; x_wconf 87' lang='lat' dir='ltr'><strong>osse</strong></span> <span class='ocrx_word' id='word_1_526' title='bbox 1138 1531 1200 1551; x_wconf 87' lang='lat' dir='ltr'><strong>meo</strong></span> <span class='ocrx_word' id='word_1_527' title='bbox 1215 1524 1285 1551; x_wconf 90' lang='lat' dir='ltr'><strong>clam</strong></span> <span class='ocrx_word' id='word_1_528' title='bbox 1308 1523 1468 1556; x_wconf 79' lang='lat' dir='ltr'><strong>eﬂ&#39;ormasti,</strong></span> <span class='ocrx_word' id='word_1_529' title='bbox 1485 1530 1629 1560; x_wconf 80' lang='lat' dir='ltr'><strong>postquam</strong></span> <span class='ocrx_word' id='word_1_530' title='bbox 1652 1533 1703 1552; x_wconf 63' lang='lat' dir='ltr'><strong>me:</strong></span> 
     </span>
    </p>
   </div>
   <div class='ocr_carea' id='block_1_75' title="bbox 914 1567 1693 1603">
    <p class='ocr_par' dir='ltr' id='par_1_75' title="bbox 914 1567 1693 1603">
     <span class='ocr_line' id='line_1_75' title="bbox 914 1567 1693 1603; baseline 0.005 -10"><span class='ocrx_word' id='word_1_531' title='bbox 914 1567 989 1601; x_wconf 74' lang='lat' dir='ltr'><strong>gravi</strong></span> <span class='ocrx_word' id='word_1_532' title='bbox 1004 1575 1100 1595; x_wconf 90' lang='lat' dir='ltr'><strong>somno</strong></span> <span class='ocrx_word' id='word_1_533' title='bbox 1123 1569 1319 1603; x_wconf 78' lang='lat' dir='ltr'><strong>oppressisses;</strong></span> <span class='ocrx_word' id='word_1_534' title='bbox 1343 1569 1389 1597; x_wconf 87' lang='lat' dir='ltr'><strong>sed</strong></span> <span class='ocrx_word' id='word_1_535' title='bbox 1414 1569 1574 1597; x_wconf 84' lang='lat' dir='ltr'><strong>abscondita</strong></span> <span class='ocrx_word' id='word_1_536' title='bbox 1598 1574 1693 1598; x_wconf 86' lang='lat' dir='ltr'><strong>nostra</strong></span> 
     </span>
    </p>
   </div>
   <div class='ocr_carea' id='block_1_76' title="bbox 914 1613 1696 1648">
    <p class='ocr_par' dir='ltr' id='par_1_76' title="bbox 914 1613 1696 1648">
     <span class='ocr_line' id='line_1_76' title="bbox 914 1613 1696 1648; baseline 0.005 -9"><span class='ocrx_word' id='word_1_537' title='bbox 914 1613 1065 1647; x_wconf 76' lang='lat' dir='ltr'><strong>cognoscis,</strong></span> <span class='ocrx_word' id='word_1_538' title='bbox 1081 1613 1128 1648; x_wconf 89' lang='lat' dir='ltr'><strong>qui</strong></span> <span class='ocrx_word' id='word_1_539' title='bbox 1148 1614 1262 1641; x_wconf 87' lang='lat' dir='ltr'><strong>latenter</strong></span> <span class='ocrx_word' id='word_1_540' title='bbox 1288 1615 1362 1641; x_wconf 87' lang='lat' dir='ltr'><strong>illam</strong></span> <span class='ocrx_word' id='word_1_541' title='bbox 1389 1614 1519 1642; x_wconf 84' lang='lat' dir='ltr'><strong>exsistere</strong></span> <span class='ocrx_word' id='word_1_542' title='bbox 1546 1614 1643 1642; x_wconf 78' lang='lat' dir='ltr'><strong>fecisti.</strong></span> <span class='ocrx_word' id='word_1_543' title='bbox 1661 1615 1696 1643; x_wconf 78' lang='lat' dir='ltr'><strong>Et</strong></span> 
     </span>
    </p>
   </div>
   <div class='ocr_carea' id='block_1_77' title="bbox 914 1657 1696 1694">
    <p class='ocr_par' dir='ltr' id='par_1_77' title="bbox 914 1657 1696 1694">
     <span class='ocr_line' id='line_1_77' title="bbox 914 1657 1696 1694; baseline 0.005 -10"><span class='ocrx_word' id='word_1_544' title='bbox 914 1657 1062 1685; x_wconf 70' lang='lat' dir='ltr'><strong>substantia</strong></span> <span class='ocrx_word' id='word_1_545' title='bbox 1074 1667 1131 1686; x_wconf 84' lang='lat' dir='ltr'><strong>mea</strong></span> <span class='ocrx_word' id='word_1_546' title='bbox 1146 1659 1173 1686; x_wconf 85' lang='lat' dir='ltr'><strong>in</strong></span> <span class='ocrx_word' id='word_1_547' title='bbox 1188 1659 1357 1694; x_wconf 79' lang='lat' dir='ltr'><strong>inferioribus</strong></span> <span class='ocrx_word' id='word_1_548' title='bbox 1370 1664 1456 1687; x_wconf 65' lang='lat' dir='ltr'><strong>terra.</strong></span> <span class='ocrx_word' id='word_1_549' title='bbox 1472 1659 1584 1687; x_wconf 87' lang='lat' dir='ltr'><strong>Etiamsi</strong></span> <span class='ocrx_word' id='word_1_550' title='bbox 1599 1660 1696 1688; x_wconf 87' lang='lat' dir='ltr'><strong>dissol-</strong></span> 
     </span>
    </p>
   </div>
   <div class='ocr_carea' id='block_1_78' title="bbox 914 1703 1695 1739">
    <p class='ocr_par' dir='ltr' id='par_1_78' title="bbox 914 1703 1695 1739">
     <span class='ocr_line' id='line_1_78' title="bbox 914 1703 1695 1739; baseline 0.005 -10"><span class='ocrx_word' id='word_1_551' title='bbox 914 1710 972 1734; x_wconf 89' lang='lat' dir='ltr'><strong>var,</strong></span> <span class='ocrx_word' id='word_1_552' title='bbox 986 1703 1083 1738; x_wconf 87' lang='lat' dir='ltr'><strong>inquit,</strong></span> <span class='ocrx_word' id='word_1_553' title='bbox 1097 1708 1124 1731; x_wconf 89' lang='lat' dir='ltr'><strong>et</strong></span> <span class='ocrx_word' id='word_1_554' title='bbox 1144 1704 1171 1731; x_wconf 92' lang='lat' dir='ltr'><strong>iu</strong></span> <span class='ocrx_word' id='word_1_555' title='bbox 1186 1705 1323 1739; x_wconf 85' lang='lat' dir='ltr'><strong>pulverem</strong></span> <span class='ocrx_word' id='word_1_556' title='bbox 1340 1704 1446 1738; x_wconf 87' lang='lat' dir='ltr'><strong>abeam,</strong></span> <span class='ocrx_word' id='word_1_557' title='bbox 1463 1705 1529 1732; x_wconf 85' lang='lat' dir='ltr'><strong>illud</strong></span> <span class='ocrx_word' id='word_1_558' title='bbox 1543 1705 1626 1734; x_wconf 84' lang='lat' dir='ltr'><strong>etiam</strong></span> <span class='ocrx_word' id='word_1_559' title='bbox 1644 1715 1695 1734; x_wconf 89' lang='lat' dir='ltr'><strong>no-</strong></span> 
     </span>
    </p>
   </div>
   <div class='ocr_carea' id='block_1_79' title="bbox 914 1749 1088 1776">
    <p class='ocr_par' dir='ltr' id='par_1_79' title="bbox 914 1749 1088 1776">
     <span class='ocr_line' id='line_1_79' title="bbox 914 1749 1088 1776; baseline 0.006 -1"><span class='ocrx_word' id='word_1_560' title='bbox 914 1752 971 1775; x_wconf 86' lang='lat' dir='ltr'><strong>tum</strong></span> <span class='ocrx_word' id='word_1_561' title='bbox 985 1752 1027 1776; x_wconf 88' lang='lat' dir='ltr'><strong>est</strong></span> <span class='ocrx_word' id='word_1_562' title='bbox 1043 1749 1088 1776; x_wconf 64' lang='lat' dir='ltr'><strong>tibi</strong></span> 
     </span>
    </p>
   </div>
   <div class='ocr_carea' id='block_1_80' title="bbox 951 1794 1694 1832">
    <p class='ocr_par' dir='ltr' id='par_1_80' title="bbox 951 1794 1694 1832">
     <span class='ocr_line' id='line_1_80' title="bbox 951 1794 1694 1832; baseline 0.011 -12"><span class='ocrx_word' id='word_1_563' title='bbox 951 1794 995 1822; x_wconf 81' lang='grc'><strong>16.</strong></span> <span class='ocrx_word' id='word_1_564' title='bbox 1023 1794 1209 1830; x_wconf 82' lang='lat' dir='ltr'><strong>Imperfectum</strong></span> <span class='ocrx_word' id='word_1_565' title='bbox 1236 1803 1322 1823; x_wconf 85' lang='lat' dir='ltr'><strong>meum</strong></span> <span class='ocrx_word' id='word_1_566' title='bbox 1348 1797 1467 1825; x_wconf 79' lang='lat' dir='ltr'><strong>uiderunt</strong></span> <span class='ocrx_word' id='word_1_567' title='bbox 1485 1801 1555 1827; x_wconf 76' lang='lat' dir='ltr'><strong>oculi</strong></span> <span class='ocrx_word' id='word_1_568' title='bbox 1573 1801 1622 1832; x_wconf 84' lang='lat' dir='ltr'><strong>tui,</strong></span> <span class='ocrx_word' id='word_1_569' title='bbox 1642 1804 1694 1828; x_wconf 79' lang='lat' dir='ltr'><strong>etc.</strong></span> 
     </span>
    </p>
   </div>
   <div class='ocr_carea' id='block_1_81' title="bbox 914 1840 1691 1878">
    <p class='ocr_par' dir='ltr' id='par_1_81' title="bbox 914 1840 1691 1878">
     <span class='ocr_line' id='line_1_81' title="bbox 914 1840 1691 1878; baseline 0.008 -12"><span class='ocrx_word' id='word_1_570' title='bbox 914 1840 1065 1874; x_wconf 83' lang='lat' dir='ltr'><strong>Antequam</strong></span> <span class='ocrx_word' id='word_1_571' title='bbox 1089 1840 1192 1873; x_wconf 84' lang='lat' dir='ltr'><strong>ﬁerem,</strong></span> <span class='ocrx_word' id='word_1_572' title='bbox 1214 1840 1313 1876; x_wconf 88' lang='lat' dir='ltr'><strong>inquit,</strong></span> <span class='ocrx_word' id='word_1_573' title='bbox 1337 1847 1364 1870; x_wconf 89' lang='lat' dir='ltr'><strong>et</strong></span> <span class='ocrx_word' id='word_1_574' title='bbox 1378 1848 1522 1878; x_wconf 85' lang='lat' dir='ltr'><strong>antequam</strong></span> <span class='ocrx_word' id='word_1_575' title='bbox 1546 1845 1691 1876; x_wconf 81' lang='lat' dir='ltr'><strong>formarer.</strong></span> 
     </span>
    </p>
   </div>
   <div class='ocr_carea' id='block_1_82' title="bbox 914 1886 1696 1925">
    <p class='ocr_par' dir='ltr' id='par_1_82' title="bbox 914 1886 1696 1925">
     <span class='ocr_line' id='line_1_82' title="bbox 914 1886 1696 1925; baseline 0.008 -13"><span class='ocrx_word' id='word_1_576' title='bbox 914 1886 1091 1921; x_wconf 70' lang='lat' dir='ltr'><strong>praescientize</strong></span> <span class='ocrx_word' id='word_1_577' title='bbox 1106 1891 1160 1914; x_wconf 74' lang='lat' dir='ltr'><strong>tute</strong></span> <span class='ocrx_word' id='word_1_578' title='bbox 1174 1887 1245 1914; x_wconf 89' lang='lat' dir='ltr'><strong>oculi</strong></span> <span class='ocrx_word' id='word_1_579' title='bbox 1261 1895 1304 1915; x_wconf 87' lang='lat' dir='ltr'><strong>me</strong></span> <span class='ocrx_word' id='word_1_580' title='bbox 1315 1890 1489 1924; x_wconf 84' lang='lat' dir='ltr'><strong>contemplati</strong></span> <span class='ocrx_word' id='word_1_581' title='bbox 1502 1896 1566 1917; x_wconf 86' lang='lat' dir='ltr'><strong>sunt</strong></span> <span class='ocrx_word' id='word_1_582' title='bbox 1582 1898 1614 1918; x_wconf 86' lang='lat' dir='ltr'><strong>ac</strong></span> <span class='ocrx_word' id='word_1_583' title='bbox 1627 1897 1696 1925; x_wconf 68' lang='lat' dir='ltr'><strong>pra-</strong></span> 
     </span>
    </p>
   </div>
   <div class='ocr_carea' id='block_1_83' title="bbox 914 1931 1695 1970">
    <p class='ocr_par' dir='ltr' id='par_1_83' title="bbox 914 1931 1695 1970">
     <span class='ocr_line' id='line_1_83' title="bbox 914 1931 1695 1970; baseline 0.008 -12"><span class='ocrx_word' id='word_1_584' title='bbox 914 1931 1056 1964; x_wconf 89' lang='lat' dir='ltr'><strong>viderunt;</strong></span> <span class='ocrx_word' id='word_1_585' title='bbox 1070 1939 1120 1959; x_wconf 90' lang='lat' dir='ltr'><strong>nec</strong></span> <span class='ocrx_word' id='word_1_586' title='bbox 1134 1933 1303 1968; x_wconf 82' lang='lat' dir='ltr'><strong>simpliciter,</strong></span> <span class='ocrx_word' id='word_1_587' title='bbox 1313 1935 1359 1962; x_wconf 84' lang='lat' dir='ltr'><strong>sed</strong></span> <span class='ocrx_word' id='word_1_588' title='bbox 1372 1939 1402 1962; x_wconf 91' lang='lat' dir='ltr'><strong>ut</strong></span> <span class='ocrx_word' id='word_1_589' title='bbox 1414 1935 1470 1970; x_wconf 82' lang='lat' dir='ltr'><strong>jam</strong></span> <span class='ocrx_word' id='word_1_590' title='bbox 1484 1936 1612 1970; x_wconf 88' lang='lat' dir='ltr'><strong>positum,</strong></span> <span class='ocrx_word' id='word_1_591' title='bbox 1628 1943 1695 1964; x_wconf 89' lang='lat' dir='ltr'><strong>cou-</strong></span> 
     </span>
    </p>
   </div>
   <div class='ocr_carea' id='block_1_84' title="bbox 915 1979 1696 2017">
    <p class='ocr_par' dir='ltr' id='par_1_84' title="bbox 915 1979 1696 2017">
     <span class='ocr_line' id='line_1_84' title="bbox 915 1979 1696 2017; baseline 0.009 -13"><span class='ocrx_word' id='word_1_592' title='bbox 915 1982 1086 2005; x_wconf 87' lang='lat' dir='ltr'><strong>numeratum</strong></span> <span class='ocrx_word' id='word_1_593' title='bbox 1101 1983 1128 2005; x_wconf 91' lang='lat' dir='ltr'><strong>et</strong></span> <span class='ocrx_word' id='word_1_594' title='bbox 1143 1979 1309 2014; x_wconf 86' lang='lat' dir='ltr'><strong>descriptum</strong></span> <span class='ocrx_word' id='word_1_595' title='bbox 1334 1980 1361 2006; x_wconf 93' lang='lat' dir='ltr'><strong>in</strong></span> <span class='ocrx_word' id='word_1_596' title='bbox 1384 1981 1454 2009; x_wconf 85' lang='lat' dir='ltr'><strong>libro</strong></span> <span class='ocrx_word' id='word_1_597' title='bbox 1479 1987 1537 2010; x_wconf 89' lang='lat' dir='ltr'><strong>tuo.</strong></span> <span class='ocrx_word' id='word_1_598' title='bbox 1558 1983 1619 2010; x_wconf 68' lang='lat' dir='ltr'><strong>Dies</strong></span> <span class='ocrx_word' id='word_1_599' title='bbox 1638 1983 1696 2017; x_wconf 84' lang='lat' dir='ltr'><strong>far-</strong></span> 
     </span>
    </p>
   </div>
   <div class='ocr_carea' id='block_1_85' title="bbox 916 2023 1695 2064">
    <p class='ocr_par' dir='ltr' id='par_1_85' title="bbox 916 2023 1695 2064">
     <span class='ocr_line' id='line_1_85' title="bbox 916 2023 1695 2064; baseline 0.009 -15"><span class='ocrx_word' id='word_1_600' title='bbox 916 2023 1056 2050; x_wconf 85' lang='lat' dir='ltr'><strong>mabuntur</strong></span> <span class='ocrx_word' id='word_1_601' title='bbox 1075 2029 1100 2051; x_wconf 85' lang='lat' dir='ltr'><strong>et</strong></span> <span class='ocrx_word' id='word_1_602' title='bbox 1124 2032 1199 2051; x_wconf 81' lang='lat' dir='ltr'><strong>nemo</strong></span> <span class='ocrx_word' id='word_1_603' title='bbox 1217 2025 1245 2051; x_wconf 85' lang='lat' dir='ltr'><strong>in</strong></span> <span class='ocrx_word' id='word_1_604' title='bbox 1259 2025 1307 2052; x_wconf 84' lang='lat' dir='ltr'><strong>eis.</strong></span> <span class='ocrx_word' id='word_1_605' title='bbox 1327 2025 1461 2064; x_wconf 81' lang='lat' dir='ltr'><strong>Omnibus</strong></span> <span class='ocrx_word' id='word_1_606' title='bbox 1479 2027 1539 2055; x_wconf 67' lang='lat' dir='ltr'><strong>vitae</strong></span> <span class='ocrx_word' id='word_1_607' title='bbox 1559 2035 1616 2056; x_wconf 82' lang='lat' dir='ltr'><strong>suae</strong></span> <span class='ocrx_word' id='word_1_608' title='bbox 1636 2029 1695 2056; x_wconf 89' lang='lat' dir='ltr'><strong>die—</strong></span> 
     </span>
    </p>
   </div>
   <div class='ocr_carea' id='block_1_86' title="bbox 915 2069 1697 2106">
    <p class='ocr_par' dir='ltr' id='par_1_86' title="bbox 915 2069 1697 2106">
     <span class='ocr_line' id='line_1_86' title="bbox 915 2069 1697 2106; baseline 0.006 -10"><span class='ocrx_word' id='word_1_609' title='bbox 915 2069 967 2097; x_wconf 86' lang='lat' dir='ltr'><strong>bus</strong></span> <span class='ocrx_word' id='word_1_610' title='bbox 980 2069 1064 2104; x_wconf 89' lang='lat' dir='ltr'><strong>probe</strong></span> <span class='ocrx_word' id='word_1_611' title='bbox 1086 2073 1113 2097; x_wconf 89' lang='lat' dir='ltr'><strong>et</strong></span> <span class='ocrx_word' id='word_1_612' title='bbox 1135 2070 1260 2098; x_wconf 88' lang='lat' dir='ltr'><strong>ordinate</strong></span> <span class='ocrx_word' id='word_1_613' title='bbox 1284 2079 1344 2099; x_wconf 87' lang='lat' dir='ltr'><strong>sese</strong></span> <span class='ocrx_word' id='word_1_614' title='bbox 1369 2077 1522 2106; x_wconf 70' lang='lat' dir='ltr'><strong>gesserunt,</strong></span> <span class='ocrx_word' id='word_1_615' title='bbox 1547 2073 1583 2100; x_wconf 91' lang='lat' dir='ltr'><strong>ita</strong></span> <span class='ocrx_word' id='word_1_616' title='bbox 1609 2077 1639 2101; x_wconf 85' lang='lat' dir='ltr'><strong>ut</strong></span> <span class='ocrx_word' id='word_1_617' title='bbox 1663 2082 1697 2102; x_wconf 84' lang='lat' dir='ltr'><strong>ne</strong></span> 
     </span>
    </p>
   </div>
   <div class='ocr_carea' id='block_1_87' title="bbox 915 2115 1695 2152">
    <p class='ocr_par' dir='ltr' id='par_1_87' title="bbox 915 2115 1695 2152">
     <span class='ocr_line' id='line_1_87' title="bbox 915 2115 1695 2152; baseline 0.006 -11"><span class='ocrx_word' id='word_1_618' title='bbox 915 2122 998 2141; x_wconf 83' lang='lat' dir='ltr'><strong>unam</strong></span> <span class='ocrx_word' id='word_1_619' title='bbox 1013 2115 1123 2150; x_wconf 85' lang='lat' dir='ltr'><strong>quidem</strong></span> <span class='ocrx_word' id='word_1_620' title='bbox 1145 2116 1218 2143; x_wconf 87' lang='lat' dir='ltr'><strong>diem</strong></span> <span class='ocrx_word' id='word_1_621' title='bbox 1235 2116 1444 2152; x_wconf 83' lang='lat' dir='ltr'><strong>incompositam</strong></span> <span class='ocrx_word' id='word_1_622' title='bbox 1467 2123 1494 2146; x_wconf 88' lang='lat' dir='ltr'><strong>et</strong></span> <span class='ocrx_word' id='word_1_623' title='bbox 1515 2118 1695 2146; x_wconf 82' lang='lat' dir='ltr'><strong>inordinatam</strong></span> 
     </span>
    </p>
   </div>
   <div class='ocr_carea' id='block_1_88' title="bbox 915 2160 1028 2195">
    <p class='ocr_par' dir='ltr' id='par_1_88' title="bbox 915 2160 1028 2195">
     <span class='ocr_line' id='line_1_88' title="bbox 915 2160 1028 2195; baseline 0.009 -9"><span class='ocrx_word' id='word_1_624' title='bbox 915 2160 1028 2195; x_wconf 77' lang='lat' dir='ltr'><strong>egerint.</strong></span> 
     </span>
    </p>
   </div>
   <div class='ocr_carea' id='block_1_89' title="bbox 122 2203 863 2243">
    <p class='ocr_par' dir='ltr' id='par_1_89' title="bbox 122 2203 862 2238">
     <span class='ocr_line' id='line_1_89' title="bbox 122 2203 862 2238; baseline -0.003 -7"><span class='ocrx_word' id='word_1_625' title='bbox 122 2204 203 2238; x_wconf 79' lang='grc' dir='ltr'>Ἐμοὶ</span> <span class='ocrx_word' id='word_1_626' title='bbox 216 2203 250 2230; x_wconf 84' lang='grc' dir='ltr'>δὲ</span> <span class='ocrx_word' id='word_1_627' title='bbox 260 2204 331 2230; x_wconf 80' lang='grc' dir='ltr'>λίαν</span> <span class='ocrx_word' id='word_1_628' title='bbox 341 2203 525 2238; x_wconf 78' lang='grc' dir='ltr'>ἐτιμήθησαν</span> <span class='ocrx_word' id='word_1_629' title='bbox 538 2205 565 2230; x_wconf 82' lang='grc' dir='ltr'>οὶ</span> <span class='ocrx_word' id='word_1_630' title='bbox 577 2203 659 2237; x_wconf 71' lang='grc' dir='ltr'>φίλοι</span> <span class='ocrx_word' id='word_1_631' title='bbox 674 2211 740 2235; x_wconf 84' lang='grc' dir='ltr'>σου,</span> <span class='ocrx_word' id='word_1_632' title='bbox 754 2204 770 2230; x_wconf 79' lang='grc' dir='ltr'><em>ό</em></span> <span class='ocrx_word' id='word_1_633' title='bbox 783 2203 862 2235; x_wconf 85' lang='grc' dir='ltr'>Θεός·</span> 
     </span>
    </p>
   </div>
   <div class='ocr_carea' id='block_1_90' title="bbox 918 2203 1697 2243">
    <p class='ocr_par' dir='ltr' id='par_1_90' title="bbox 952 2205 1697 2243">
     <span class='ocr_line' id='line_1_90' title="bbox 952 2205 1697 2243; baseline 0.007 -11"><span class='ocrx_word' id='word_1_634' title='bbox 952 2205 1003 2239; x_wconf 82' lang='grc'>17,</span> <span class='ocrx_word' id='word_1_635' title='bbox 1036 2206 1079 2233; x_wconf 71' lang='grc'><strong>18.</strong></span> <span class='ocrx_word' id='word_1_636' title='bbox 1120 2206 1186 2233; x_wconf 83' lang='lat' dir='ltr'><strong>Mihi</strong></span> <span class='ocrx_word' id='word_1_637' title='bbox 1217 2213 1304 2235; x_wconf 82' lang='lat' dir='ltr'><strong>autent</strong></span> <span class='ocrx_word' id='word_1_638' title='bbox 1334 2209 1412 2235; x_wconf 77' lang='lat' dir='ltr'><strong>nimis</strong></span> <span class='ocrx_word' id='word_1_639' title='bbox 1439 2209 1605 2243; x_wconf 81' lang='lat' dir='ltr'><strong>hanoriﬁcati</strong></span> <span class='ocrx_word' id='word_1_640' title='bbox 1635 2215 1697 2237; x_wconf 73' lang='lat' dir='ltr'><strong>sunt</strong></span> 
     </span>
    </p>
   </div>
   <div class='ocr_carea' id='block_1_91' title="bbox 81 2248 866 2285">
    <p class='ocr_par' dir='ltr' id='par_1_91' title="bbox 81 2248 866 2285">
     <span class='ocr_line' id='line_1_91' title="bbox 81 2248 866 2285; baseline -0.001 -10"><span class='ocrx_word' id='word_1_641' title='bbox 81 2250 195 2285; x_wconf 87' lang='grc' dir='ltr'>Ὅμοιον</span> <span class='ocrx_word' id='word_1_642' title='bbox 214 2248 257 2275; x_wconf 85' lang='grc' dir='ltr'>τό·</span> <span class='ocrx_word' id='word_1_643' title='bbox 288 2249 319 2275; x_wconf 85' lang='lat'><strong>&#39;0</strong></span> <span class='ocrx_word' id='word_1_644' title='bbox 341 2248 500 2283; x_wconf 78' lang='grc' dir='ltr'>δεχόμενος</span> <span class='ocrx_word' id='word_1_645' title='bbox 526 2248 681 2283; x_wconf 67' lang='grc' dir='ltr'>προφήτην</span> <span class='ocrx_word' id='word_1_646' title='bbox 707 2249 750 2281; x_wconf 84' lang='grc' dir='ltr'>εις</span> <span class='ocrx_word' id='word_1_647' title='bbox 774 2248 866 2282; x_wconf 75' lang='grc' dir='ltr'>ὄνομα</span> 
     </span>
    </p>
   </div>
   <div class='ocr_carea' id='block_1_92' title="bbox 80 2293 867 2329">
    <p class='ocr_par' dir='ltr' id='par_1_92' title="bbox 80 2293 867 2329">
     <span class='ocr_line' id='line_1_92' title="bbox 80 2293 867 2329; baseline -0.003 -8"><span class='ocrx_word' id='word_1_648' title='bbox 80 2294 248 2329; x_wconf 71' lang='grc' dir='ltr'>προφήτου,</span> <span class='ocrx_word' id='word_1_649' title='bbox 262 2294 372 2328; x_wconf 82' lang='grc' dir='ltr'>μισθὸν</span> <span class='ocrx_word' id='word_1_650' title='bbox 389 2294 542 2328; x_wconf 60' lang='grc' dir='ltr'>προφήτου</span> <span class='ocrx_word' id='word_1_651' title='bbox 551 2293 689 2328; x_wconf 69' lang='grc' dir='ltr'>λήψεται.</span> <span class='ocrx_word' id='word_1_652' title='bbox 699 2293 867 2328; x_wconf 75' lang='grc' dir='ltr'>Ἑξαριθμή‹</span> 
     </span>
    </p>
   </div>
   <div class='ocr_carea' id='block_1_93' title="bbox 79 2339 864 2374">
    <p class='ocr_par' dir='ltr' id='par_1_93' title="bbox 79 2339 864 2374">
     <span class='ocr_line' id='line_1_93' title="bbox 79 2339 864 2374; baseline -0.005 -6"><span class='ocrx_word' id='word_1_653' title='bbox 79 2348 170 2374; x_wconf 59' lang='lat' dir='ltr'><strong>(rogat</strong></span> <span class='ocrx_word' id='word_1_654' title='bbox 184 2339 305 2373; x_wconf 84' lang='grc' dir='ltr'>αὐτοὺς,</span> <span class='ocrx_word' id='word_1_655' title='bbox 320 2339 369 2366; x_wconf 77' lang='grc' dir='ltr'>καὶ</span> <span class='ocrx_word' id='word_1_656' title='bbox 384 2339 459 2374; x_wconf 76' lang='grc' dir='ltr'><strong>ὑπὲρ</strong></span> <span class='ocrx_word' id='word_1_657' title='bbox 478 2340 576 2374; x_wconf 80' lang='grc' dir='ltr'>ἄμμον</span> <span class='ocrx_word' id='word_1_658' title='bbox 593 2339 864 2373; x_wconf 78' lang='grc' dir='ltr'>πληθυνθήσονται.</span> 
     </span>
    </p>
   </div>
   <div class='ocr_carea' id='block_1_94' title="bbox 81 2384 865 2420">
    <p class='ocr_par' dir='ltr' id='par_1_94' title="bbox 81 2384 865 2420">
     <span class='ocr_line' id='line_1_94' title="bbox 81 2384 865 2420; baseline -0.003 -8"><span class='ocrx_word' id='word_1_659' title='bbox 81 2386 198 2416; x_wconf 78' lang='grc' dir='ltr'>Εῡελπίς</span> <span class='ocrx_word' id='word_1_660' title='bbox 223 2385 297 2420; x_wconf 76' lang='grc' dir='ltr'>ιίμι,</span> <span class='ocrx_word' id='word_1_661' title='bbox 315 2385 399 2420; x_wconf 72' lang='grc' dir='ltr'>φησὶ,</span> <span class='ocrx_word' id='word_1_662' title='bbox 424 2386 486 2417; x_wconf 81' lang='grc' dir='ltr'>τοὺς</span> <span class='ocrx_word' id='word_1_663' title='bbox 509 2384 600 2419; x_wconf 80' lang='grc' dir='ltr'>φίλους</span> <span class='ocrx_word' id='word_1_664' title='bbox 613 2384 700 2419; x_wconf 81' lang='grc' dir='ltr'>τιμῶν</span> <span class='ocrx_word' id='word_1_665' title='bbox 714 2384 776 2415; x_wconf 77' lang='grc' dir='ltr'>τοὺς</span> <span class='ocrx_word' id='word_1_666' title='bbox 793 2384 865 2416; x_wconf 80' lang='grc' dir='ltr'>σοὺς,</span> 
     </span>
    </p>
   </div>
   <div class='ocr_carea' id='block_1_95' title="bbox 81 2429 865 2466">
    <p class='ocr_par' dir='ltr' id='par_1_95' title="bbox 81 2429 865 2466">
     <span class='ocr_line' id='line_1_95' title="bbox 81 2429 865 2466; baseline -0.003 -8"><span class='ocrx_word' id='word_1_667' title='bbox 81 2433 122 2458; x_wconf 75' lang='grc' dir='ltr'><strong>δτι</strong></span> <span class='ocrx_word' id='word_1_668' title='bbox 137 2431 171 2466; x_wconf 83' lang='grc' dir='ltr'>δὴ</span> <span class='ocrx_word' id='word_1_669' title='bbox 185 2431 215 2457; x_wconf 81' lang='grc' dir='ltr'>ὲν</span> <span class='ocrx_word' id='word_1_670' title='bbox 230 2432 262 2466; x_wconf 82' lang='grc' dir='ltr'>τῇ</span> <span class='ocrx_word' id='word_1_671' title='bbox 276 2430 422 2457; x_wconf 80' lang='grc' dir='ltr'>ἀναστάσει</span> <span class='ocrx_word' id='word_1_672' title='bbox 439 2430 497 2465; x_wconf 81' lang='grc' dir='ltr'>μετ’</span> <span class='ocrx_word' id='word_1_673' title='bbox 509 2430 597 2457; x_wconf 81' lang='grc' dir='ltr'>αὐτῶν</span> <span class='ocrx_word' id='word_1_674' title='bbox 610 2431 753 2465; x_wconf 83' lang='grc' dir='ltr'>στήσομαι,</span> <span class='ocrx_word' id='word_1_675' title='bbox 772 2430 818 2456; x_wconf 79' lang='grc' dir='ltr'>καὶ</span> <span class='ocrx_word' id='word_1_676' title='bbox 833 2429 865 2456; x_wconf 80' lang='grc' dir='ltr'><strong>δι’</strong></span> 
     </span>
    </p>
   </div>
   <div class='ocr_carea' id='block_1_96' title="bbox 80 2475 865 2512">
    <p class='ocr_par' dir='ltr' id='par_1_96' title="bbox 80 2475 865 2512">
     <span class='ocr_line' id='line_1_96' title="bbox 80 2475 865 2512; baseline -0.003 -8"><span class='ocrx_word' id='word_1_677' title='bbox 80 2477 179 2508; x_wconf 75' lang='grc' dir='ltr'>αὐτοὺς</span> <span class='ocrx_word' id='word_1_678' title='bbox 193 2476 242 2511; x_wconf 84' lang='grc' dir='ltr'>τὴν</span> <span class='ocrx_word' id='word_1_679' title='bbox 257 2476 332 2512; x_wconf 80' lang='grc' dir='ltr'>παρὰ</span> <span class='ocrx_word' id='word_1_680' title='bbox 344 2475 390 2503; x_wconf 85' lang='grc' dir='ltr'>σοῦ</span> <span class='ocrx_word' id='word_1_681' title='bbox 403 2477 536 2511; x_wconf 86' lang='grc' dir='ltr'>κτήσομαι</span> <span class='ocrx_word' id='word_1_682' title='bbox 551 2477 641 2512; x_wconf 86' lang='grc' dir='ltr'>τιμήν.</span> <span class='ocrx_word' id='word_1_683' title='bbox 655 2475 720 2502; x_wconf 85' lang='grc' dir='ltr'>Τότε</span> <span class='ocrx_word' id='word_1_684' title='bbox 734 2476 776 2511; x_wconf 86' lang='grc' dir='ltr'>δὴ,</span> <span class='ocrx_word' id='word_1_685' title='bbox 789 2475 865 2511; x_wconf 83' lang='grc' dir='ltr'>φησὶ,</span> 
     </span>
    </p>
   </div>
   <div class='ocr_carea' id='block_1_97' title="bbox 81 2521 867 2558">
    <p class='ocr_par' dir='ltr' id='par_1_97' title="bbox 81 2521 867 2558">
     <span class='ocr_line' id='line_1_97' title="bbox 81 2521 867 2558; baseline 0 -9"><span class='ocrx_word' id='word_1_686' title='bbox 81 2523 128 2550; x_wconf 79' lang='grc' dir='ltr'>καὶ</span> <span class='ocrx_word' id='word_1_687' title='bbox 148 2522 172 2548; x_wconf 83' lang='grc' dir='ltr'>οἱ</span> <span class='ocrx_word' id='word_1_688' title='bbox 193 2521 349 2557; x_wconf 74' lang='grc' dir='ltr'>ἁμαρτωλοὶ.</span> <span class='ocrx_word' id='word_1_689' title='bbox 367 2523 565 2553; x_wconf 61' lang='grc' dir='ltr'>ἀποκτενοωτο,</span> <span class='ocrx_word' id='word_1_690' title='bbox 579 2521 710 2554; x_wconf 79' lang='grc' dir='ltr'>τουτέστι,</span> <span class='ocrx_word' id='word_1_691' title='bbox 726 2521 774 2554; x_wconf 81' lang='grc' dir='ltr'><strong>τὰς</strong></span> <span class='ocrx_word' id='word_1_692' title='bbox 788 2531 867 2558; x_wconf 87' lang='grc' dir='ltr'>προσ-</span> 
     </span>
    </p>
   </div>
   <div class='ocr_carea' id='block_1_98' title="bbox 81 2565 499 2603">
    <p class='ocr_par' dir='ltr' id='par_1_98' title="bbox 81 2565 499 2603">
     <span class='ocr_line' id='line_1_98' title="bbox 81 2565 499 2603; baseline 0 -10"><span class='ocrx_word' id='word_1_693' title='bbox 81 2566 202 2603; x_wconf 73' lang='grc' dir='ltr'>ηκούσας</span> <span class='ocrx_word' id='word_1_694' title='bbox 217 2565 399 2602; x_wconf 78' lang='grc' dir='ltr'>ἀπολήψονται</span> <span class='ocrx_word' id='word_1_695' title='bbox 413 2566 499 2598; x_wconf 85' lang='grc' dir='ltr'>δίκας.</span> 
     </span>
    </p>
   </div>
   <div class='ocr_carea' id='block_1_99' title="bbox 123 2612 866 2646">
    <p class='ocr_par' dir='ltr' id='par_1_99' title="bbox 123 2612 866 2646">
     <span class='ocr_line' id='line_1_99' title="bbox 123 2612 866 2646; baseline -0.001 -6"><span class='ocrx_word' id='word_1_696' title='bbox 123 2613 195 2643; x_wconf 81' lang='grc' dir='ltr'><strong>Ἐὰν</strong></span> <span class='ocrx_word' id='word_1_697' title='bbox 215 2613 396 2646; x_wconf 79' lang='grc' dir='ltr'><strong>ἀποκτείνῃς</strong></span> <span class='ocrx_word' id='word_1_698' title='bbox 421 2612 628 2646; x_wconf 78' lang='grc' dir='ltr'>ἁμαρτωλοὺς,</span> <span class='ocrx_word' id='word_1_699' title='bbox 646 2613 663 2638; x_wconf 86' lang='grc' dir='ltr'><em>ὁ</em></span> <span class='ocrx_word' id='word_1_700' title='bbox 685 2613 764 2645; x_wconf 83' lang='grc' dir='ltr'><strong>Θεός.</strong></span> <span class='ocrx_word' id='word_1_701' title='bbox 782 2612 866 2644; x_wconf 70' lang='grc' dir='ltr'>Εἰδὼς</span> 
     </span>
    </p>
   </div>
   <div class='ocr_carea' id='block_1_100' title="bbox 83 2656 866 2692">
    <p class='ocr_par' dir='ltr' id='par_1_100' title="bbox 83 2656 866 2692">
     <span class='ocr_line' id='line_1_100' title="bbox 83 2656 866 2692; baseline -0.001 -9"><span class='ocrx_word' id='word_1_702' title='bbox 83 2657 132 2688; x_wconf 80' lang='grc' dir='ltr'>τὰς</span> <span class='ocrx_word' id='word_1_703' title='bbox 156 2657 289 2692; x_wconf 74' lang='grc' dir='ltr'>ἐσομένας</span> <span class='ocrx_word' id='word_1_704' title='bbox 309 2658 368 2683; x_wconf 87' lang='grc' dir='ltr'>κατ’</span> <span class='ocrx_word' id='word_1_705' title='bbox 391 2656 480 2683; x_wconf 86' lang='grc' dir='ltr'>αὐτῶν</span> <span class='ocrx_word' id='word_1_706' title='bbox 496 2656 587 2688; x_wconf 84' lang='grc' dir='ltr'>δίκας,</span> <span class='ocrx_word' id='word_1_707' title='bbox 607 2656 658 2688; x_wconf 76' lang='grc' dir='ltr'><strong>ἔξω</strong></span> <span class='ocrx_word' id='word_1_708' title='bbox 673 2664 723 2682; x_wconf 87' lang='grc' dir='ltr'><strong>που</strong></span> <span class='ocrx_word' id='word_1_709' title='bbox 745 2656 866 2691; x_wconf 68' lang='grc' dir='ltr'>ἀφορίζει</span> 
     </span>
    </p>
   </div>
   <div class='ocr_carea' id='block_1_101' title="bbox 84 2700 865 2736">
    <p class='ocr_par' dir='ltr' id='par_1_101' title="bbox 84 2700 865 2736">
     <span class='ocr_line' id='line_1_101' title="bbox 84 2700 865 2736; baseline -0.003 -6"><span class='ocrx_word' id='word_1_710' title='bbox 84 2703 186 2734; x_wconf 79' lang='grc' dir='ltr'>αὐτοὺς,</span> <span class='ocrx_word' id='word_1_711' title='bbox 206 2700 313 2728; x_wconf 80' lang='grc' dir='ltr'>ἑαυτοῦ.</span> <span class='ocrx_word' id='word_1_712' title='bbox 336 2702 454 2736; x_wconf 79' lang='grc' dir='ltr'>Ἄνδρες</span> <span class='ocrx_word' id='word_1_713' title='bbox 473 2701 618 2736; x_wconf 73' lang='grc' dir='ltr'>αἱμάτων,</span> <span class='ocrx_word' id='word_1_714' title='bbox 640 2701 796 2728; x_wconf 75' lang='grc' dir='ltr'>ἐκκλίνατε</span> <span class='ocrx_word' id='word_1_715' title='bbox 816 2702 865 2728; x_wconf 78' lang='grc' dir='ltr'><strong>ἀπ’</strong></span> 
     </span>
    </p>
   </div>
   <div class='ocr_carea' id='block_1_102' title="bbox 84 2745 865 2782">
    <p class='ocr_par' dir='ltr' id='par_1_102' title="bbox 84 2745 865 2782">
     <span class='ocr_line' id='line_1_102' title="bbox 84 2745 865 2782; baseline -0.001 -8"><span class='ocrx_word' id='word_1_716' title='bbox 84 2746 167 2781; x_wconf 74' lang='grc' dir='ltr'>ἐμοῦ,</span> <span class='ocrx_word' id='word_1_717' title='bbox 183 2746 228 2772; x_wconf 80' lang='grc' dir='ltr'>ὅτι</span> <span class='ocrx_word' id='word_1_718' title='bbox 247 2746 362 2780; x_wconf 81' lang='grc' dir='ltr'>ἐρισταί</span> <span class='ocrx_word' id='word_1_719' title='bbox 375 2747 444 2773; x_wconf 79' lang='grc' dir='ltr'>ἐστε</span> <span class='ocrx_word' id='word_1_720' title='bbox 456 2747 499 2779; x_wconf 83' lang='grc' dir='ltr'>εἰς</span> <span class='ocrx_word' id='word_1_721' title='bbox 520 2745 739 2781; x_wconf 74' lang='grc' dir='ltr'>διαλογισμούς.</span> <span class='ocrx_word' id='word_1_722' title='bbox 756 2746 810 2782; x_wconf 86' lang='grc' dir='ltr'><strong>Τὴν</strong></span> <span class='ocrx_word' id='word_1_723' title='bbox 825 2748 865 2773; x_wconf 74' lang='grc' dir='ltr'><strong>αἰ-</strong></span> 
     </span>
    </p>
   </div>
   <div class='ocr_carea' id='block_1_103' title="bbox 118 2836 371 2866">
    <p class='ocr_par' dir='ltr' id='par_1_103' title="bbox 118 2836 371 2866">
     <span class='ocr_line' id='line_1_103' title="bbox 118 2836 371 2866; baseline 0 -4"><span class='ocrx_word' id='word_1_724' title='bbox 118 2836 140 2852; x_wconf 83' lang='grc'>⁶⁶</span> <span class='ocrx_word' id='word_1_725' title='bbox 169 2836 262 2863; x_wconf 79' lang='lat' dir='ltr'><strong>Matth.</strong></span> <span class='ocrx_word' id='word_1_726' title='bbox 285 2844 311 2866; x_wconf 67' lang='grc' dir='ltr'>Χ,</span> <span class='ocrx_word' id='word_1_727' title='bbox 329 2836 371 2862; x_wconf 66' lang='grc' dir='ltr'><strong>ΑΙ.</strong></span> 
     </span>
    </p>
   </div>
   <div class='ocr_carea' id='block_1_104' title="bbox 916 2252 1697 2290">
    <p class='ocr_par' dir='ltr' id='par_1_104' title="bbox 916 2252 1697 2290">
     <span class='ocr_line' id='line_1_104' title="bbox 916 2252 1697 2290; baseline 0.005 -12"><span class='ocrx_word' id='word_1_728' title='bbox 916 2252 994 2279; x_wconf 83' lang='lat' dir='ltr'><strong>amici</strong></span> <span class='ocrx_word' id='word_1_729' title='bbox 1007 2252 1056 2284; x_wconf 82' lang='lat' dir='ltr'><strong>tui,</strong></span> <span class='ocrx_word' id='word_1_730' title='bbox 1075 2253 1155 2282; x_wconf 80' lang='lat' dir='ltr'><strong>Deus.</strong></span> <span class='ocrx_word' id='word_1_731' title='bbox 1171 2252 1265 2280; x_wconf 83' lang='lat' dir='ltr'><strong>Simile</strong></span> <span class='ocrx_word' id='word_1_732' title='bbox 1281 2258 1323 2281; x_wconf 88' lang='lat' dir='ltr'><strong>est</strong></span> <span class='ocrx_word' id='word_1_733' title='bbox 1334 2254 1398 2281; x_wconf 88' lang='lat' dir='ltr'><strong>illud</strong></span> <span class='ocrx_word' id='word_1_734' title='bbox 1410 2254 1433 2270; x_wconf 79' lang='lat'><strong>°‘</strong></span> <span class='ocrx_word' id='word_1_735' title='bbox 1448 2264 1454 2281; x_wconf 91' lang='lat'>:</span> <span class='ocrx_word' id='word_1_736' title='bbox 1473 2254 1526 2287; x_wconf 85' lang='lat' dir='ltr'><strong>Qui</strong></span> <span class='ocrx_word' id='word_1_737' title='bbox 1534 2256 1625 2290; x_wconf 84' lang='lat' dir='ltr'><strong>recipit</strong></span> <span class='ocrx_word' id='word_1_738' title='bbox 1635 2263 1697 2289; x_wconf 85' lang='lat' dir='ltr'><strong>pro-</strong></span> 
     </span>
    </p>
   </div>
   <div class='ocr_carea' id='block_1_105' title="bbox 916 2296 1698 2335">
    <p class='ocr_par' dir='ltr' id='par_1_105' title="bbox 916 2296 1698 2335">
     <span class='ocr_line' id='line_1_105' title="bbox 916 2296 1698 2335; baseline 0.006 -13"><span class='ocrx_word' id='word_1_739' title='bbox 916 2296 1018 2331; x_wconf 76' lang='lat' dir='ltr'><strong>phetam</strong></span> <span class='ocrx_word' id='word_1_740' title='bbox 1046 2297 1073 2323; x_wconf 80' lang='lat' dir='ltr'><strong>in</strong></span> <span class='ocrx_word' id='word_1_741' title='bbox 1102 2297 1205 2324; x_wconf 85' lang='lat' dir='ltr'><strong>nomine</strong></span> <span class='ocrx_word' id='word_1_742' title='bbox 1223 2298 1365 2333; x_wconf 77' lang='lat' dir='ltr'><strong>prophette,</strong></span> <span class='ocrx_word' id='word_1_743' title='bbox 1396 2300 1537 2326; x_wconf 80' lang='lat' dir='ltr'><strong>mercedem</strong></span> <span class='ocrx_word' id='word_1_744' title='bbox 1565 2301 1698 2335; x_wconf 68' lang='lat' dir='ltr'><strong>prophetia</strong></span> 
     </span>
    </p>
   </div>
   <div class='ocr_carea' id='block_1_106' title="bbox 917 2341 1698 2380">
    <p class='ocr_par' dir='ltr' id='par_1_106' title="bbox 917 2341 1698 2380">
     <span class='ocr_line' id='line_1_106' title="bbox 917 2341 1698 2380; baseline 0.006 -13"><span class='ocrx_word' id='word_1_745' title='bbox 917 2341 1037 2376; x_wconf 81' lang='lat' dir='ltr'><strong>accipiet.</strong></span> <span class='ocrx_word' id='word_1_746' title='bbox 1056 2341 1231 2369; x_wconf 83' lang='lat' dir='ltr'><strong>Diuumerabo</strong></span> <span class='ocrx_word' id='word_1_747' title='bbox 1248 2351 1292 2370; x_wconf 77' lang='lat' dir='ltr'><strong>eos</strong></span> <span class='ocrx_word' id='word_1_748' title='bbox 1305 2348 1330 2370; x_wconf 84' lang='lat' dir='ltr'><strong>et</strong></span> <span class='ocrx_word' id='word_1_749' title='bbox 1348 2352 1425 2378; x_wconf 84' lang='lat' dir='ltr'><strong>super</strong></span> <span class='ocrx_word' id='word_1_750' title='bbox 1439 2352 1546 2372; x_wconf 79' lang='lat' dir='ltr'><strong>arenam</strong></span> <span class='ocrx_word' id='word_1_751' title='bbox 1567 2345 1698 2380; x_wconf 83' lang='lat' dir='ltr'><strong>multipli-</strong></span> 
     </span>
    </p>
   </div>
   <div class='ocr_carea' id='block_1_107' title="bbox 916 2386 1698 2425">
    <p class='ocr_par' dir='ltr' id='par_1_107' title="bbox 916 2386 1698 2425">
     <span class='ocr_line' id='line_1_107' title="bbox 916 2386 1698 2425; baseline 0.006 -12"><span class='ocrx_word' id='word_1_752' title='bbox 916 2386 1054 2413; x_wconf 86' lang='lat' dir='ltr'><strong>cabuntur.</strong></span> <span class='ocrx_word' id='word_1_753' title='bbox 1076 2387 1153 2422; x_wconf 88' lang='lat' dir='ltr'><strong>Spes,</strong></span> <span class='ocrx_word' id='word_1_754' title='bbox 1171 2387 1269 2423; x_wconf 87' lang='lat' dir='ltr'><strong>inquit,</strong></span> <span class='ocrx_word' id='word_1_755' title='bbox 1287 2389 1353 2416; x_wconf 91' lang='lat' dir='ltr'><strong>mihi</strong></span> <span class='ocrx_word' id='word_1_756' title='bbox 1366 2394 1408 2417; x_wconf 88' lang='lat' dir='ltr'><strong>est</strong></span> <span class='ocrx_word' id='word_1_757' title='bbox 1424 2390 1495 2425; x_wconf 91' lang='lat' dir='ltr'><strong>quod</strong></span> <span class='ocrx_word' id='word_1_758' title='bbox 1516 2391 1619 2420; x_wconf 87' lang='lat' dir='ltr'><strong>amicos</strong></span> <span class='ocrx_word' id='word_1_759' title='bbox 1634 2396 1698 2418; x_wconf 87' lang='lat' dir='ltr'><strong>tuos</strong></span> 
     </span>
    </p>
   </div>
   <div class='ocr_carea' id='block_1_108' title="bbox 917 2431 1698 2467">
    <p class='ocr_par' dir='ltr' id='par_1_108' title="bbox 917 2431 1698 2467">
     <span class='ocr_line' id='line_1_108' title="bbox 917 2431 1698 2467; baseline 0.008 -9"><span class='ocrx_word' id='word_1_760' title='bbox 917 2431 1020 2458; x_wconf 87' lang='lat' dir='ltr'><strong>honore</strong></span> <span class='ocrx_word' id='word_1_761' title='bbox 1042 2439 1202 2467; x_wconf 83' lang='lat' dir='ltr'><strong>prosequar,</strong></span> <span class='ocrx_word' id='word_1_762' title='bbox 1231 2433 1353 2461; x_wconf 84' lang='lat' dir='ltr'><strong>futurum</strong></span> <span class='ocrx_word' id='word_1_763' title='bbox 1387 2439 1417 2461; x_wconf 87' lang='lat' dir='ltr'><strong>ut</strong></span> <span class='ocrx_word' id='word_1_764' title='bbox 1446 2435 1472 2461; x_wconf 94' lang='lat' dir='ltr'><strong>in</strong></span> <span class='ocrx_word' id='word_1_765' title='bbox 1498 2436 1698 2463; x_wconf 80' lang='lat' dir='ltr'><strong>resurrectione</strong></span> 
     </span>
    </p>
   </div>
   <div class='ocr_carea' id='block_1_109' title="bbox 917 2476 1697 2513">
    <p class='ocr_par' dir='ltr' id='par_1_109' title="bbox 917 2476 1697 2513">
     <span class='ocr_line' id='line_1_109' title="bbox 917 2476 1697 2513; baseline 0.006 -10"><span class='ocrx_word' id='word_1_766' title='bbox 917 2483 978 2503; x_wconf 89' lang='lat' dir='ltr'><strong>cum</strong></span> <span class='ocrx_word' id='word_1_767' title='bbox 992 2476 1045 2503; x_wconf 87' lang='lat' dir='ltr'><strong>illis</strong></span> <span class='ocrx_word' id='word_1_768' title='bbox 1058 2477 1218 2509; x_wconf 89' lang='lat' dir='ltr'><strong>consistam,</strong></span> <span class='ocrx_word' id='word_1_769' title='bbox 1242 2482 1269 2505; x_wconf 93' lang='lat' dir='ltr'><strong>et</strong></span> <span class='ocrx_word' id='word_1_770' title='bbox 1291 2483 1400 2513; x_wconf 88' lang='lat' dir='ltr'><strong>propter</strong></span> <span class='ocrx_word' id='word_1_771' title='bbox 1425 2487 1473 2507; x_wconf 91' lang='lat' dir='ltr'><strong>eos</strong></span> <span class='ocrx_word' id='word_1_772' title='bbox 1488 2480 1618 2507; x_wconf 90' lang='lat' dir='ltr'><strong>honorem</strong></span> <span class='ocrx_word' id='word_1_773' title='bbox 1640 2489 1656 2508; x_wconf 77' lang='grc' dir='ltr'><strong>ιι</strong></span> <span class='ocrx_word' id='word_1_774' title='bbox 1671 2485 1697 2508; x_wconf 84' lang='lat' dir='ltr'><strong>te</strong></span> 
     </span>
    </p>
   </div>
   <div class='ocr_carea' id='block_1_110' title="bbox 918 2521 1697 2558">
    <p class='ocr_par' dir='ltr' id='par_1_110' title="bbox 918 2521 1697 2558">
     <span class='ocr_line' id='line_1_110' title="bbox 918 2521 1697 2558; baseline 0.008 -11"><span class='ocrx_word' id='word_1_775' title='bbox 918 2521 1057 2556; x_wconf 79' lang='lat' dir='ltr'><strong>accipiam.</strong></span> <span class='ocrx_word' id='word_1_776' title='bbox 1073 2521 1158 2555; x_wconf 88' lang='lat' dir='ltr'><strong>Tunc,</strong></span> <span class='ocrx_word' id='word_1_777' title='bbox 1172 2522 1270 2557; x_wconf 87' lang='lat' dir='ltr'><strong>inquit,</strong></span> <span class='ocrx_word' id='word_1_778' title='bbox 1285 2528 1442 2557; x_wconf 81' lang='lat' dir='ltr'><strong>peccatores</strong></span> <span class='ocrx_word' id='word_1_779' title='bbox 1456 2525 1626 2558; x_wconf 87' lang='lat' dir='ltr'><strong>occidantur,</strong></span> <span class='ocrx_word' id='word_1_780' title='bbox 1645 2526 1697 2553; x_wconf 88' lang='lat' dir='ltr'><strong>hoc</strong></span> 
     </span>
    </p>
   </div>
   <div class='ocr_carea' id='block_1_111' title="bbox 917 2567 1355 2602">
    <p class='ocr_par' dir='ltr' id='par_1_111' title="bbox 917 2567 1355 2602">
     <span class='ocr_line' id='line_1_111' title="bbox 917 2567 1355 2602; baseline 0.005 -8"><span class='ocrx_word' id='word_1_781' title='bbox 917 2570 968 2599; x_wconf 85' lang='lat' dir='ltr'><strong>est,</strong></span> <span class='ocrx_word' id='word_1_782' title='bbox 987 2567 1148 2602; x_wconf 78' lang='lat' dir='ltr'><strong>prouleritas</strong></span> <span class='ocrx_word' id='word_1_783' title='bbox 1163 2576 1258 2602; x_wconf 84' lang='lat' dir='ltr'><strong>poenas</strong></span> <span class='ocrx_word' id='word_1_784' title='bbox 1270 2569 1355 2596; x_wconf 83' lang='lat' dir='ltr'><strong>luant.</strong></span> 
     </span>
    </p>
   </div>
   <div class='ocr_carea' id='block_1_112' title="bbox 953 2612 1696 2650">
    <p class='ocr_par' dir='ltr' id='par_1_112' title="bbox 953 2612 1696 2650">
     <span class='ocr_line' id='line_1_112' title="bbox 953 2612 1696 2650; baseline 0.007 -11"><span class='ocrx_word' id='word_1_785' title='bbox 953 2612 996 2641; x_wconf 79' lang='lat' dir='ltr'><strong>i9.</strong></span> <span class='ocrx_word' id='word_1_786' title='bbox 1027 2612 1055 2640; x_wconf 90' lang='lat' dir='ltr'><strong>Si</strong></span> <span class='ocrx_word' id='word_1_787' title='bbox 1070 2613 1206 2646; x_wconf 83' lang='lat' dir='ltr'><strong>occideris,</strong></span> <span class='ocrx_word' id='word_1_788' title='bbox 1227 2614 1304 2646; x_wconf 82' lang='lat' dir='ltr'><strong>Deus,</strong></span> <span class='ocrx_word' id='word_1_789' title='bbox 1323 2620 1481 2649; x_wconf 83' lang='lat' dir='ltr'><strong>peccatores.</strong></span> <span class='ocrx_word' id='word_1_790' title='bbox 1504 2616 1612 2644; x_wconf 77' lang='lat' dir='ltr'><strong>Gnarus</strong></span> <span class='ocrx_word' id='word_1_791' title='bbox 1632 2624 1696 2650; x_wconf 83' lang='lat' dir='ltr'><strong>sup-</strong></span> 
     </span>
    </p>
   </div>
   <div class='ocr_carea' id='block_1_113' title="bbox 917 2659 1695 2694">
    <p class='ocr_par' dir='ltr' id='par_1_113' title="bbox 917 2659 1695 2694">
     <span class='ocr_line' id='line_1_113' title="bbox 917 2659 1695 2694; baseline 0.006 -9"><span class='ocrx_word' id='word_1_792' title='bbox 917 2659 1060 2694; x_wconf 88' lang='lat' dir='ltr'><strong>pliciorum</strong></span> <span class='ocrx_word' id='word_1_793' title='bbox 1088 2659 1187 2694; x_wconf 88' lang='lat' dir='ltr'><strong>quibus</strong></span> <span class='ocrx_word' id='word_1_794' title='bbox 1208 2659 1331 2688; x_wconf 80' lang='lat' dir='ltr'><strong>futurum</strong></span> <span class='ocrx_word' id='word_1_795' title='bbox 1355 2666 1397 2689; x_wconf 84' lang='lat' dir='ltr'><strong>est</strong></span> <span class='ocrx_word' id='word_1_796' title='bbox 1420 2667 1449 2689; x_wconf 93' lang='lat' dir='ltr'><strong>ut</strong></span> <span class='ocrx_word' id='word_1_797' title='bbox 1472 2662 1632 2694; x_wconf 78' lang='lat' dir='ltr'><strong>aﬂiciantur,</strong></span> <span class='ocrx_word' id='word_1_798' title='bbox 1648 2669 1695 2690; x_wconf 82' lang='lat' dir='ltr'><strong>eos</strong></span> 
     </span>
    </p>
   </div>
   <div class='ocr_carea' id='block_1_114' title="bbox 917 2704 1695 2742">
    <p class='ocr_par' dir='ltr' id='par_1_114' title="bbox 917 2704 1695 2742">
     <span class='ocr_line' id='line_1_114' title="bbox 917 2704 1695 2742; baseline 0.003 -10"><span class='ocrx_word' id='word_1_799' title='bbox 917 2704 1118 2740; x_wconf 86' lang='lat' dir='ltr'><strong>quodammodo</strong></span> <span class='ocrx_word' id='word_1_800' title='bbox 1139 2706 1173 2732; x_wconf 78' lang='lat' dir='ltr'><strong>ab</strong></span> <span class='ocrx_word' id='word_1_801' title='bbox 1186 2713 1215 2733; x_wconf 88' lang='lat' dir='ltr'><strong>se</strong></span> <span class='ocrx_word' id='word_1_802' title='bbox 1228 2711 1358 2742; x_wconf 68' lang='lat' dir='ltr'><strong>segregat.</strong></span> <span class='ocrx_word' id='word_1_803' title='bbox 1387 2707 1444 2734; x_wconf 81' lang='lat' dir='ltr'><strong>Viri</strong></span> <span class='ocrx_word' id='word_1_804' title='bbox 1457 2708 1630 2742; x_wconf 64' lang='lat' dir='ltr'><strong>.sanguinum,</strong></span> <span class='ocrx_word' id='word_1_805' title='bbox 1648 2707 1695 2734; x_wconf 84' lang='lat' dir='ltr'><strong>de-</strong></span> 
     </span>
    </p>
   </div>
   <div class='ocr_carea' id='block_1_115' title="bbox 917 2751 1694 2787">
    <p class='ocr_par' dir='ltr' id='par_1_115' title="bbox 917 2751 1694 2787">
     <span class='ocr_line' id='line_1_115' title="bbox 917 2751 1694 2787; baseline 0.001 -10"><span class='ocrx_word' id='word_1_806' title='bbox 917 2751 1036 2778; x_wconf 80' lang='lat' dir='ltr'><strong>clinatea</strong></span> <span class='ocrx_word' id='word_1_807' title='bbox 1047 2759 1096 2785; x_wconf 90' lang='lat' dir='ltr'><strong>me,</strong></span> <span class='ocrx_word' id='word_1_808' title='bbox 1115 2752 1177 2786; x_wconf 85' lang='lat' dir='ltr'><strong>quia</strong></span> <span class='ocrx_word' id='word_1_809' title='bbox 1193 2753 1348 2780; x_wconf 80' lang='lat' dir='ltr'><strong>contentiosi</strong></span> <span class='ocrx_word' id='word_1_810' title='bbox 1359 2754 1422 2780; x_wconf 70' lang='lat' dir='ltr'><strong>estis</strong></span> <span class='ocrx_word' id='word_1_811' title='bbox 1437 2754 1462 2780; x_wconf 85' lang='lat' dir='ltr'><strong>in</strong></span> <span class='ocrx_word' id='word_1_812' title='bbox 1480 2752 1694 2787; x_wconf 79' lang='lat' dir='ltr'><strong>cogitationibus.</strong></span> 
     </span>
    </p>
   </div>
  </div>
