1926 3051
244 136 298 165 555

671 136 698 163 S.
718 135 903 164 ATHA‘NASII
921 136 996 164 UPP.
1019 136 1109 164 PARS
1127 137 1171 164 lli.
1191 152 1226 158 -
1245 136 1447 166 EXEGETICA.

1811 138 1862 166 536

244 199 360 225 Causam
375 196 476 224 indicat
491 204 539 224 cur
552 196 586 223 ab
597 203 626 224 se
640 200 795 230 peccatores
810 196 937 230 expellat.
951 195 1021 228 Ideo,

1076 194 1136 222 τίαν
1154 195 1220 231 φησὶ
1233 195 1266 221 δι’
1281 195 1314 230 ἢν
1328 195 1473 222 ἀπελαύνει
1489 195 1534 229 ἀφ’
1547 194 1644 222 ἑαυτοῦ
1660 195 1723 226 τοὺς
1734 195 1862 230 ἁμαρτω-

245 243 343 278 inquit,
357 243 537 277 expelluntur,
555 242 617 277 quia
630 242 761 269 adversus
779 241 862 269 Deum
876 242 1026 277 loquuntur

245 289 350 324 ipsique
366 293 528 324 repugnant.
551 293 578 316 et
593 288 694 316 frustra
712 289 775 316 elati
796 289 914 324 superbe
941 293 1024 324 agunt

243 335 388 363 adversum
406 343 490 371 genus
517 335 674 362 humanum.

277 382 322 413 2i,
338 381 382 408 22.
412 380 504 408 Nonne
518 382 562 415 qui
574 380 685 407 oderunt
708 386 742 413 te,
758 380 879 414 Domine,
897 381 1025 408 oderam!

243 427 352 455 Amicos
378 427 487 462 quidem
512 432 575 455 tuos
594 427 740 462 diligebam
770 432 798 454 et
821 428 847 454 in
875 428 1022 455 amicitiam

243 480 329 500 meam
354 473 536 508 recipiebam:
564 474 691 501 inimicos
708 478 797 501 autem
822 478 884 501 tuos
907 473 1023 509 perfecte

241 518 361 546 oderam.
386 518 491 546 Inimici
506 523 596 546 autem
619 519 666 547 Dei
684 524 748 546 sunt
768 519 857 554 primo
869 518 976 553 quidem
996 524 1023 546 et

240 563 349 597 proprie
368 563 465 598 impuri
483 564 621 592 daemones
640 574 646 591 :
665 565 775 592 secundi
800 569 862 599 post
887 564 959 597 illus,
974 564 1021 599 qui

240 609 419 637 idololatriam
433 610 591 642 defendunt,
606 615 634 638 et
649 610 785 638 haeresum
804 611 950 646 principes.

328 655 360 682 In
378 656 456 690 ﬁnem
470 655 638 684 PSALMUS
657 656 751 683 David.
777 655 935 684 CXXXIX.

272 702 298 728 1.
326 701 406 737 Eripe
423 711 473 736 me,
491 702 614 734 Domine,
629 703 662 730 ab
677 703 783 730 homine
806 703 887 730 malo.
915 703 1020 730 Clamat

237 748 271 774 ad
288 747 371 776 Deum
387 753 417 776 ut
429 749 576 777 ulciscatur
593 749 722 784 injuriam
739 757 755 776 a
779 749 948 777 daemonibus
974 750 1020 776 liu-

238 801 325 821 mante
341 799 445 822 natura;
465 795 580 827 illatam,
597 799 625 822 et
651 799 682 822 ut
703 795 874 830 iniquitatem
893 794 919 822 in
937 799 1019 829 caput

237 839 392 882 iniquorum
407 844 558 868 convertat.
581 840 644 869 Haec
669 845 760 869 autem
776 841 859 869 etiam
883 841 917 868 de
931 841 1019 869 sensi-

237 884 336 913 bilibus
356 885 475 914 inimicis
488 886 540 914 dici
557 887 672 922 possint.

269 972 297 999 2.
327 973 380 1006 Qui
396 975 572 1010 cogitaverunt
583 975 748 1010 iniquitatem
759 976 787 1002 in
801 975 889 1008 corde,
905 980 960 1002 tota
976 975 1019 1002 die

234 1021 426 1047 cartstituebant
448 1022 553 1055 pratiia.
579 1020 639 1048 Non
663 1025 770 1048 tantum
799 1021 873 1049 enim
899 1021 1018 1048 humana

235 1066 377 1093 ratiocinia
397 1067 583 1100 admiserunt,
604 1067 652 1095 sed
675 1068 757 1095 etiam
779 1075 861 1103 opera
880 1067 1019 1103 cogitatio-

235 1113 316 1139 nibus
332 1113 499 1147 adjecerunt.
523 1113 591 1140 lllud
613 1118 703 1141 autem
716 1134 725 1147 ,
747 1118 802 1140 tota
822 1114 876 1146 die,
892 1113 1017 1149 Symma-

234 1158 303 1185 chus
315 1177 324 1191 ,
343 1166 389 1192 per
403 1159 520 1193 singulos
535 1160 603 1191 dies,
620 1160 824 1195 interpretatur.

268 1203 295 1231 6.
323 1203 407 1231 Juxta
427 1206 478 1232 iter
492 1206 648 1232 scandalum
669 1211 813 1241 posuerunt
844 1205 918 1232 mihi.
954 1205 1016 1233 Haec

234 1249 336 1282 omnia,
352 1248 450 1283 inquit,
468 1248 613 1282 faciebant,
630 1253 661 1277 ut
673 1257 785 1277 cursum
800 1249 860 1285 ejus
875 1250 908 1277 ad
931 1249 1015 1277 Deum

233 1295 372 1327 sisterent,
386 1295 492 1330 laqueis
510 1295 592 1330 pedes
611 1295 671 1330 eius
683 1297 888 1331 complicantes,
903 1301 933 1324 ut
952 1304 1014 1324 eum

233 1348 247 1366 a
266 1339 313 1367 Dei
332 1344 479 1375 conspectu
493 1341 651 1376 dejicerent.

267 1427 295 1454 9.
323 1426 365 1454 Ne
381 1427 473 1454 tradas
496 1435 546 1461 me,
561 1427 682 1462 Domine,
697 1437 713 1456 a
727 1429 858 1457 desiderio
878 1438 933 1457 meo
953 1439 1013 1465 pec-

232 1473 327 1500 caturi.
355 1473 424 1507 Ego,
448 1474 548 1509 inquit,
564 1474 689 1509 Domine,
712 1476 828 1503 salutem
854 1481 961 1510 expeto,
980 1484 1014 1504 ne

232 1519 314 1554 igitur
330 1520 503 1555 derelinquas
527 1527 581 1554 me,
610 1528 644 1548 ne
663 1529 698 1548 ex
720 1522 771 1549 hac
794 1522 837 1550 via
854 1522 1013 1551 deturbatus

231 1565 324 1592 tradar
348 1566 506 1600 peccaturi,
538 1566 642 1594 scilicet
674 1567 792 1596 diabolo.
827 1568 1012 1603 Cogitaverttnt

231 1614 323 1637 contra
333 1618 384 1643 me,
404 1619 435 1638 ne
461 1611 626 1647 derelinquat
643 1621 683 1639 me
711 1621 743 1640 ne
761 1614 828 1648 forte
851 1613 1011 1641 esaltentur.

231 1655 291 1683 Sub
306 1661 461 1692 tegumenta
482 1658 586 1685 alarum
610 1659 670 1693 ejus
693 1660 798 1695 contegi
816 1664 903 1695 rogat,
923 1665 949 1687 et
962 1661 1014 1688 sub

229 1703 332 1736 potenti
351 1711 434 1731 manu
450 1703 519 1739 ejus,
535 1712 549 1731 a
565 1712 618 1739 qua
638 1712 718 1733 nemo
734 1706 838 1740 eripere
854 1711 965 1741 potest;
979 1714 1013 1734 ne

229 1748 322 1783 itaque
340 1753 369 1776 ut
390 1749 416 1776 in
428 1749 487 1777 alia
499 1750 621 1785 qualibet
639 1758 669 1778 re
685 1751 827 1787 magniﬁce
847 1752 976 1780 sentiant.

1026 1549 1047 1579 C

266 1837 308 1864 10.
340 1837 425 1873 Caput
441 1839 565 1866 circuitus
580 1848 681 1873 eorum,
703 1840 787 1874 labor,
803 1844 855 1868 etc.
879 1840 910 1867 In
927 1840 1010 1875 ipsos,

228 1882 327 1917 inquit.
343 1883 446 1910 recidat
458 1885 602 1912 consilium
620 1892 726 1912 eorum.
743 1884 800 1912 Hoc
813 1885 886 1912 enim
904 1885 1010 1920 signiti-

227 1932 282 1960 cat,
304 1934 386 1964 eaput
409 1930 542 1958 circuitus
555 1938 660 1959 eorum.
684 1931 772 1966 Caput
788 1932 862 1959 enim
885 1935 1011 1966 peccato-

227 1981 288 2001 rum
301 1979 343 2002 est
354 1975 482 2010 cogitatio
501 1981 529 2004 et
542 1984 650 2005 sensus.
665 1976 829 2006 lnsidiarum
847 1978 947 2013 quibus
967 1986 1010 2005 me

226 2021 464 2050 circumdederunt
484 2023 650 2059 principium
670 2029 699 2052 et
723 2029 814 2059 caput,
844 2024 899 2052 imo
927 2024 1008 2052 etiam

225 2066 384 2102 defatigatio
406 2073 433 2095 et
454 2069 531 2096 labor
546 2069 668 2104 ipsorum
685 2069 829 2098 adversum
851 2078 896 2097 me
913 2077 1009 2098 susce~

225 2119 288 2148 plus
306 2113 332 2141 in
350 2115 425 2149 ipsos
440 2115 552 2144 recidat.
575 2115 650 2149 Quos
670 2124 779 2152 aequum
798 2122 839 2145 est
854 2117 925 2152 ignis
941 2124 1007 2151 sup-

224 2159 307 2194 plicio
325 2161 404 2187 tradi.

1077 241 1149 272 λούς.
1164 241 1213 268 Διὰ
1231 241 1319 272 τοῦτο,
1333 241 1424 277 φησὶν,
1437 240 1601 273 ἐλαύνονται,
1615 241 1655 268 ὃτι
1670 240 1860 275 ἀντιφθέγγον-

1076 295 1120 313 ται
1136 287 1182 313 καὶ
1204 286 1446 321 ἀντιφύονεικοῦσι
1458 286 1516 321 Θεῷ
1526 306 1533 317 ,
1549 287 1595 313 καὶ
1612 287 1698 321 μάτην
1713 287 1859 322 ἐπαιρόμε-

1076 340 1115 358 νοι
1132 332 1403 367 καταλαζονευόμενοι
1419 332 1465 358 τοῦ
1480 332 1534 359 τῶν
1548 331 1697 367 ἀνθρώπων
1711 331 1782 366 βίου.

1112 377 1185 412 οὐχὶ
1200 378 1269 411 τοὺς
1282 378 1447 413 μισοῦντάς
1460 385 1507 410 σε,
1521 378 1619 411 Κύριε,
1633 378 1784 412 ὲμίσησα;
1799 378 1857 405 Ὀτι

1074 426 1136 457 τοὺς
1155 425 1204 461 μὲν
1226 426 1288 457 σοὺς
1302 426 1417 461 ἠγάπων
1431 425 1477 452 καὶ
1493 425 1663 461 ἀπεδεχόμην
1677 425 1780 460 φίλους·
1797 427 1857 457 τοὺς

1074 471 1102 498 δὲ
1124 471 1237 508 ἐχθρούς
1264 479 1311 498 σου
1333 471 1443 502 τελείως
1467 472 1587 506 ἐμίσουν.
1621 471 1726 507 Ἐχθροὶ
1754 471 1784 498 δὲ
1809 471 1857 498 τοῦ

1073 517 1141 543 Θεοῦ
1158 517 1272 553 πρώτως
1283 518 1331 553 μὲν
1344 517 1391 543 καὶ
1404 517 1505 552 κυρίως
1519 517 1544 543 οἱ
1556 517 1704 553 ἀκάθαρτοι
1720 517 1856 552 δαῖμονες⁸

1073 562 1193 598 δεύτεροι
1212 563 1240 590 δὲ
1262 564 1320 598 μετ’
1340 563 1460 594 ἐκείνους
1484 563 1511 589 οἵ
1531 571 1560 589 τε
1575 563 1624 598 τὴν
1640 563 1856 598 εἰδωλολατρείαν

1074 608 1279 645 πρεσϐεύοντες,
1292 609 1337 636 καὶ
1353 609 1379 635 οἱ
1391 608 1444 635 τῶν
1457 608 1589 645 αἱρέσεων
1603 609 1726 644 ἀρχηγοὶ.

1168 657 1219 688 Εὶς
1237 655 1325 688 τέλος
1341 656 1494 682 ΨΑΛΜΟΣ
1506 654 1546 687 τῷ
1557 654 1655 681 Δαυτδ.
1669 656 1749 681 me

1113 702 1237 734 Ἐξέλου
1256 710 1303 736 με,
1319 701 1415 735 Κύριε,
1429 700 1462 733 ἐξ
1476 700 1631 735 ἀνθρώπου
1644 699 1788 733 πονηροῦ.
1803 701 1857 735 Τῆς

1072 749 1220 784 γενομένης
1236 747 1342 780 ἀδικίας
1356 747 1432 783 παρὰ
1448 746 1502 774 τῶν
1516 746 1650 782 δαιμόνων
1662 748 1695 782 τῇ
1712 745 1855 781 ἀνθρώπου

1071 795 1150 830 φύσει
1165 793 1331 829 κεκραγέναι
1348 793 1415 829 πρὸς
1436 793 1482 820 τὸν
1502 793 1568 819 Θεὸν
1592 792 1701 828 ποιῆσαι
1721 792 1770 827 τὴν
1787 792 1855 819 ἐκδί-

1071 849 1161 876 κησιν,
1178 840 1224 867 καὶ
1240 839 1423 876 μεταστρέψαι
1438 841 1477 871 εἰς
1490 839 1608 874 κεφαλὴν
1625 838 1678 865 τῶν
1694 838 1855 865 ἀδικούντων

1034 876 1056 904 Β
1069 887 1117 923 τὴν
1130 887 1246 914 ἀδικίαν.
1260 885 1375 922 Λεχθείη
1393 885 1423 912 δὲ
1436 886 1483 912 καὶ
1497 885 1542 912 ἐπὶ
1554 885 1690 921 αἰσθητῶν
1704 884 1811 920 ἐχθρῶν
1822 885 1854 911 τὰ

1069 933 1210 969 λεγόμενα.

1104 980 1217 1012 οἵτινες
1240 977 1418 1013 ἐλογισαντο
1440 977 1559 1004 ἀδικίαν
1579 976 1614 1003 ὲν
1634 975 1758 1010 καρδίᾳ,
1778 975 1853 1009 ὅλην

1067 1025 1124 1060 τὴν·
1139 1024 1254 1060 ἡμέραν
1273 1023 1468 1058 παρέτασσον
1483 1021 1642 1057 πολέμους.
1658 1022 1694 1048 Οὺ
1707 1023 1762 1057 γὰρ
1775 1022 1852 1056 μόνον

1067 1071 1195 1105 πονηροῖς
1219 1069 1369 1104 ἐχρήσαντο
1395 1067 1545 1103 λογισμοῖς,
1567 1067 1635 1094 ἀλλὰ
1656 1068 1702 1094 καὶ
1729 1068 1763 1095 τὰ
1784 1068 1852 1103 ἔργα

1066 1115 1238 1152 προσέθηκαν
1262 1115 1318 1146 τοῖς
1339 1113 1486 1149 λογισμοῖς.
1508 1113 1546 1140 Τὺ
1561 1113 1604 1144 δέ.
1617 1113 1695 1148 ὅλην
1710 1114 1768 1147 τὴν
1781 1114 1851 1148 ἠμέ-

1062 1168 1131 1194 par,
1146 1160 1160 1186 6
1176 1159 1321 1194 Σύμμαχος
1331 1178 1338 1190 ,
1354 1158 1429 1185 κατὰ
1442 1157 1546 1185 πᾶσαν
1558 1158 1681 1192 ἡμέραν,
1695 1159 1848 1194 ἑρμηνεύει.

1106 1206 1250 1240 Ἐχόμενα
1266 1205 1385 1239 τρίϐους
1399 1203 1558 1231 σκάνδαλα
1568 1205 1672 1230 ἕθεντό
1682 1213 1744 1239 μοι.
1757 1205 1847 1231 Ταῦτα

1065 1251 1169 1282 πάντα,
1185 1252 1281 1286 φησὶν,
1296 1251 1414 1282 ἐποίουν,
1429 1250 1473 1277 ἵνα
1492 1250 1538 1276 τὸν
1558 1250 1655 1285 δρόμον
1670 1251 1789 1282 στήσωσι
1803 1251 1852 1285 τῆς

1065 1296 1135 1323 κατὰ
1155 1295 1220 1322 Θεὸν
1245 1296 1366 1330 πορείας,
1386 1295 1449 1326 τοὺς
1466 1294 1547 1326 πόδας
1564 1294 1645 1321 αὐτοῦ
1661 1295 1759 1329 παγίσι
1776 1304 1850 1330 περι-

1065 1340 1218 1372 ϐάλλοντες,
1242 1340 1286 1366 ἵνα
1300 1340 1350 1375 τῆς
1373 1341 1402 1366 ἐν
1421 1339 1480 1374 Θεῷ
1503 1340 1623 1371 στάσεως
1635 1340 1715 1367 αὐτὸν
1732 1340 1851 1367 καταδά-

1064 1386 1156 1412 λωσιν.

1098 1432 1146 1466 Μὴ
1162 1431 1300 1466 παραδῷς
1310 1439 1358 1466 με,
1371 1431 1468 1465 Κύριε,
1484 1431 1542 1458 ἀπὸ
1555 1430 1609 1465 τῆς
1622 1431 1848 1467 ὲπιθυμΙας.μου

1063 1477 1236 1512 ἁμαρτωλῷ.
1254 1476 1342 1511 Ἐγὼ,
1357 1477 1434 1512 φησὶ,
1453 1477 1539 1512 Κύριε
1558 1477 1702 1512 ἐπιθυμίαν
1724 1478 1850 1514 ἐπιθυμῶ

1065 1522 1211 1558 σωτηρίας·
1239 1522 1276 1558 μὴ
1298 1519 1346 1549 οὖν
1369 1521 1568 1558 ἐγκαταλείπῃς
1595 1530 1639 1557 μεθ
1654 1521 1724 1548 ὣστε
1748 1523 1850 1558 ταύτης

1064 1566 1277 1604 παρατραπέντα
1287 1567 1471 1602 παραδοθῆναι
1488 1566 1650 1602 ἁμαρτωλῷ,
1664 1567 1723 1602 ἦτοι
1738 1567 1779 1602 τῷ
1795 1567 1850 1594 δια-

1063 1614 1142 1650 δόλῳ.
1158 1613 1367 1648 Διελοτίσαντο
1389 1613 1453 1639 κατ’
1472 1611 1554 1647 ἐμοῦ·
1572 1612 1614 1647 μὴ
1631 1613 1850 1647 ἐγκαταλείπῃς

1060 1669 1109 1695 με,
1125 1659 1241 1694 μήποτε
1264 1657 1433 1694 ὑψωθῶσιν.
1458 1658 1502 1685 Ἐν
1519 1658 1607 1695 σκέπῃ
1629 1658 1684 1685 τῶν
1706 1659 1852 1695 πτερύγων

1062 1705 1144 1732 αὐτοῦ
1159 1705 1230 1737 ἀξιοί
1243 1705 1440 1741 σκεπασθῆναι,
1458 1704 1505 1731 καὶ
1523 1704 1574 1731 ὑπὸ
1591 1704 1640 1739 τὴν
1653 1705 1789 1740 κραταιὰν
1802 1706 1851 1732 αὺ-

1061 1751 1108 1778 τοῦ
1132 1752 1227 1786 χεῖρα,
1243 1751 1289 1785 ἀφ’
1311 1749 1346 1787 ἦς
1368 1750 1453 1782 οὐδεὶς
1469 1749 1578 1778 δύναται
1595 1750 1733 1786 ἁρπάσαι,
1752 1751 1796 1778 ἶνα
1811 1751 1850 1788 μὴ

1061 1797 1099 1828 ὼς
1113 1797 1158 1823 ἐπι
1174 1805 1201 1823 τι
1215 1796 1279 1824 ἄλλο
1294 1805 1321 1823 τι
1337 1798 1589 1832 μεγαφρονήσωσιν.

1101 1843 1133 1870 Ἠ
1154 1842 1271 1877 κεφαλὴ
1294 1843 1348 1870 τοῦ
1371 1843 1564 1878 κυκλόψατος
1587 1843 1695 1870 αὐτῶν.
1717 1844 1776 1870 Ἐπ’
1801 1843 1850 1870 αὺ-

1060 1887 1133 1920 τοὺς,
1148 1889 1239 1924 φησὶν,
1255 1887 1326 1914 ἔλθοι
1340 1888 1354 1915 ὃ
1367 1887 1569 1915 ἐϐουλεύσαντο.
1583 1888 1668 1915 Τοῦτο
1683 1888 1738 1924 γὰρ
1752 1889 1850 1924 σημαιη

1060 1941 1099 1960 νει
1116 1934 1132 1968 ἡ
1149 1932 1254 1968 κεφαλὴ
1274 1933 1322 1960 τοῦ
1339 1932 1517 1969 κυκλώματος
1542 1933 1641 1962 αὐτῶν.
1661 1933 1776 1970 Κεφαλὴ
1792 1934 1849 1970 γὰρ

1058 1978 1114 2006 τῶν
1127 1978 1299 2014 ἁμαρτωλῶν
1314 1980 1328 2006 6
1341 1979 1470 2015 λογισμὸς
1488 1980 1536 2006 καὶ
1551 1980 1566 2014 ἡ
1582 1979 1716 2014 αἴσθησις.
1731 1980 1788 2016 Τῆς
1801 1980 1850 2007 οὖν

1059 2023 1205 2060 ἐπιϐουλῆς
1218 2024 1308 2051 αὐτῶν
1322 2025 1371 2060 τῆς
1388 2026 1447 2052 κατ’
1460 2024 1538 2061 ἐμοῦ,
1550 2025 1583 2051 δι’
1596 2022 1630 2061 ἧς
1643 2025 1802 2053 ἐκύκλωσάν
1814 2036 1848 2062 με

1058 2071 1075 2106 ἡ
1090 2071 1160 2106 ἀρχὴ
1174 2071 1221 2098 καὶ
1233 2071 1250 2106 ἡ
1262 2071 1380 2107 κεφαλὴ,
1397 2072 1428 2098 οὐ
1443 2071 1496 2107 μὴν
1511 2071 1578 2098 ἀλλὰ
1599 2071 1646 2098 καὶ
1670 2072 1684 2098 6
1699 2073 1785 2104 κόπος
1797 2074 1847 2099 αὐ-

1058 2116 1121 2148 τῶν,
1136 2116 1183 2144 καὶ
1194 2117 1209 2143 6
1224 2117 1345 2152 μόχθοςό
1359 2118 1419 2143 κατ’
1436 2116 1514 2152 ἐμοῦ,
1532 2117 1571 2149 εἰς
1586 2117 1685 2149 αὐτοὺς
1696 2117 1778 2144 ἔλθοι.
1792 2118 1846 2150 Οὓς

1059 2162 1105 2188 καὶ
1116 2161 1178 2198 δίκῃ
1191 2161 1377 2197 παραδοθῆναι
1390 2163 1422 2197 τῇ
1437 2161 1481 2189 διὰ
1496 2162 1591 2198 πυρός.

267 2206 311 2232 Η.
341 2206 442 2233 Cadent
456 2215 534 2242 super
549 2215 592 2234 eos
608 2209 731 2236 carbones
745 2209 772 2235 in
788 2209 856 2243 igne.
872 2208 938 2236 Nam
957 2216 1005 2237 ceu

1093 2208 1259 2235 Πεσοῦνται
1280 2209 1327 2235 ἐπ’
1347 2209 1458 2242 αὐτοὺς
1478 2209 1624 2244 ἄνθρακες
1637 2209 1672 2236 ὲν
1687 2211 1770 2244 πιιρί.
1783 2208 1845 2238 Οἷον

224 2251 344 2286 quodam
367 2252 428 2287 igne
450 2253 489 2280 ira
507 2257 553 2280 tua
570 2254 697 2281 absumes
717 2262 774 2282 eos.
792 2254 902 2289 Deficiet
916 2263 959 2282 eos
978 2255 1006 2282 in

224 2297 354 2329 miserias,
370 2302 393 2323 et
406 2305 458 2323 non
472 2298 622 2326 rubsistent.
636 2298 764 2326 Decident
786 2300 814 2326 in
825 2300 1004 2333 calamitates,

223 2350 256 2370 ex
268 2342 369 2377 quibus
384 2350 438 2370 non
457 2344 581 2372 evadent.
606 2343 665 2372 Hoc
684 2350 773 2372 autem
797 2346 909 2380 contigit
931 2344 1006 2373 Sauli

223 2389 250 2415 in
268 2388 340 2415 bello
364 2388 495 2416 adversus
519 2390 692 2426 alienigenas.
713 2390 751 2418 lbi
769 2391 842 2418 enim
863 2391 1007 2420 confossus

221 2434 304 2461 tinem
322 2434 384 2461 vita:
400 2435 514 2470 accepit.

266 2522 311 2549 12.
336 2522 383 2549 Vir
401 2522 535 2558 linguosus
549 2532 600 2551 non
620 2525 750 2560 dirigetur
772 2526 800 2552 in
818 2531 898 2553 terra.
922 2525 1003 2554 Exci-

221 2569 261 2603 pit
274 2569 373 2603 impios
387 2570 458 2604 ignis
470 2576 598 2599 aeternus.
613 2570 645 2599 Et
661 2573 688 2599 in
704 2573 754 2600 hac
769 2573 824 2600 vita
840 2574 882 2600 vir
894 2573 1001 2609 linguo—

220 2624 268 2644 sus
295 2624 350 2644 non
381 2617 515 2653 dirigetur
538 2626 623 2653 usque
649 2619 676 2646 in
702 2619 792 2647 ﬁnem.
820 2619 905 2647 Nemo
930 2621 1002 2647 enim

220 2665 407 2692 cmtentiosus
425 2669 452 2692 et
465 2665 624 2698 maledicus,
639 2667 685 2701 qui
705 2667 732 2693 in
750 2671 857 2694 terreno
873 2668 1001 2702 quopiam

219 2710 358 2743 proposito
373 2714 508 2743 versetur,
522 2710 669 2745 dirigitur:
690 2719 723 2738 ex
744 2718 778 2739 co
790 2720 908 2747 namque
929 2713 1002 2747 quod

219 2755 405 2783 contentiosus
421 2756 458 2782 sit
473 2753 646 2790 pcrferlitur.
658 2757 725 2785 Cum
746 2758 819 2785 enim
844 2758 1001 2793 hujusmodi

219 2799 345 2828 homines
367 2802 486 2836 peccatis
500 2801 583 2830 dediti
601 2803 666 2836 sint,
680 2812 734 2838 qua
749 2804 855 2831 ratione
872 2812 887 2832 a
902 2804 1002 2833 virtute

219 2844 389 2880 dirigantur?
421 2846 508 2874 Virum
528 2849 653 2882 injustam
679 2849 748 2876 mala
765 2850 866 2884 capient
885 2851 911 2877 in
935 2851 1001 2878 inte~

1057 2254 1111 2289 γάρ
1127 2263 1179 2281 τινι
1194 2254 1260 2290 πυρὶ
1272 2255 1305 2290 τῇ
1323 2255 1391 2290 ὀργῇ
1408 2255 1607 2287 καταναλώσεις
1622 2255 1729 2287 αὐτούς.
1752 2257 1846 2283 Κατα-

1057 2299 1158 2333 ϐαλεῖς
1176 2300 1286 2333 αὐτοὺς
1299 2300 1334 2327 ἐν
1356 2301 1582 2334 τεωῐαιπιιψίαις,
1598 2301 1647 2328 καὶ
1666 2302 1702 2328 οὺ
1715 2301 1759 2336 μὴ
1773 2304 1844 2329 ὐπο-

1056 2346 1162 2373 στῶσι.
1182 2347 1396 2382 Περιπεσοῦνται
1417 2349 1581 2383 συμφοραῖς,
1602 2348 1691 2374 καὶού
1704 2349 1843 2384 περιέσον-

1055 2400 1100 2419 ται
1126 2392 1238 2420 τούτων.
1257 2392 1350 2419 Ταῦτα
1371 2393 1400 2419 δὲ
1424 2393 1568 2428 συμϐαίνει
1591 2393 1629 2428 τῷ
1649 2394 1736 2420 Σαοὺλ
1755 2395 1786 2421 ἐν
1805 2394 1843 2428 τῷ

1056 2438 1127 2465 κατὰ
1148 2439 1212 2471 τοὺς
1235 2438 1399 2473 ἀλλοφύλους
1424 2439 1543 2474 πολέμῳ.
1569 2439 1642 2466 Ἐκεῖ
1655 2439 1709 2475 γὰρ
1730 2439 1842 2474 σφαγεὶς

1054 2485 1160 2517 ἐδέξατο
1175 2484 1206 2512 τδ
1217 2484 1263 2512 τοῦ
1279 2485 1337 2520 βίου
1349 2485 1434 2516 τέλος.

1096 2531 1182 2566 Ἀνὴρ
1192 2531 1376 2566 τλωσσὼδης
1389 2532 1425 2558 οὐ
1439 2531 1710 2566 κατευθυνθήσεται
1726 2533 1775 2559 ἐπὶ
1788 2532 1841 2567 τῆς

1053 2577 1119 2612 τῆς.
1144 2578 1297 2613 Ἐκδέχεται
1321 2577 1369 2613 μὲν
1391 2578 1454 2609 τοὺς
1473 2578 1581 2610 ἀσεϐεῖς
1599 2578 1630 2605 τὸ
1646 2578 1753 2606 αἰώνιον
1776 2579 1839 2615 πῦρ.

1053 2625 1107 2650 Καὶ
1121 2625 1149 2650 ἐν
1161 2623 1248 2659 τούτῳ
1263 2623 1291 2650 δὲ
1306 2623 1345 2658 τῷ
1361 2623 1409 2659 βιῳ
1431 2624 1472 2655 εἰς
1495 2624 1570 2656 τέλος
1586 2624 1615 2650 ού
1631 2624 1841 2660 κατευθυνθήπ-

1052 2676 1097 2694 ται
1111 2667 1286 2703 γλωσσώδης.
1299 2668 1395 2699 οὐδεὶς
1407 2667 1461 2704 γὰρ
1478 2668 1594 2704 μάχιμος
1605 2677 1635 2695 τε
1649 2669 1696 2695 καὶ
1712 2669 1838 2704 λοίδορος,

1051 2714 1080 2745 ὃς
1094 2715 1167 2739 ἐστιν
1181 2714 1209 2740 ὲν
1226 2715 1259 2749 τῇ
1276 2713 1371 2748 γεώδει
1388 2715 1556 2749 προαιρέσει,
1573 2714 1775 2747 κατευθύνεται,
1789 2714 1839 2741 ὑπὸ

1051 2759 1098 2786 τοῦ
1125 2759 1243 2795 μάχιμος
1266 2758 1336 2786 εἶναι
1360 2760 1581 2796 στρεϐλούμενος,
1599 2761 1838 2796 Φιλαμαρτήμονες

1051 2806 1106 2840 γὰρ
1121 2805 1196 2838 ὄντες
1212 2806 1237 2832 οἱ
1257 2805 1387 2839 τοιοῦτοι,
1405 2806 1462 2838 ’πῶς
1485 2807 1530 2833 ὑπ’
1551 2806 1651 2842 ἀρετ-’ἧς
1667 2806 1838 2834 κατευθύνον-

1051 2860 1110 2885 ται;
1129 2852 1235 2886 Ἄνδρα
1248 2851 1353 2879 ἄδικον
1367 2853 1445 2880 κακὰ
1458 2853 1594 2887 θηρεύσει
1608 2855 1651 2886 εὶς
1665 2853 1834 2889 διαφθοράν.
