1926 3051
53 137 106 165 ωτ

604 137 786 166 EXPOSITIO
813 137 848 165 ΙΝ
872 138 1035 167 ΡεΑιΜωι
1057 139 1134 167 CXL.

1628 139 1678 167 55'!

55 195 164 230 Ὠσπερ
189 194 248 230 γὰρ
272 193 324 220 ὑπὸ
343 194 446 222 οίκείας
467 195 545 221 νόσου
572 195 756 232 διαφθείρεται
778 196 843 223 ἄνευ

903 198 960 224 -ίιιι,
984 196 1068 230 Quasi
1083 198 1156 224 enim
1183 197 1294 232 proprio
1321 196 1372 224 sibi
1390 195 1487 224 morbo
1504 203 1537 223 ex
1560 203 1609 223 sua
1629 195 1679 222 im-

54 243 104 277 τῆς
125 241 225 268 ἑαυτοῦ
251 241 365 272 κακίας,
384 241 464 276 δίκην
487 241 548 272 δοὺς
571 240 620 276 τὴν
645 242 844 277 προσήκουσαν.

59 286 156 318 Ὶκανὴ
175 286 229 323 γάρ
250 287 324 313 ἐστιν
338 286 398 313 ἀντὶ
413 287 503 322 πάσης
523 287 656 323 τιμωρίας
670 288 719 324 τὴν
732 288 846 324 ἔχουσαν

55 334 143 369 αὐτὴν
162 333 251 369 ψυχὴν
267 334 284 368 ἡ
301 333 385 359 κακία
398 333 575 369 διαφθείρειν.

251 380 404 407 nanos
419 378 459 412 τῷ
472 379 572 406 Δαυτδ.
587 381 657 407 PM'.

374 424 536 457 Ὑπόθεσις.

55 469 169 505 Ὀμοιος
197 470 244 496 καὶ
261 470 341 502 αὐτὸς
363 470 402 506 τῷ
419 471 507 498 ὀπίσω
526 473 630 503 κεῖται,
657 471 726 508 πλὴν
747 472 848 508 δογμα-

375 516 474 543 τικὼτε
479 525 533 552 ρος.

92 561 198 594 Κύριε,
222 561 370 595 ἐκέκραξα
394 562 469 596 πρὸς
491 562 545 595 σὲ,
570 561 755 589 εὶσείκουσόν
775 571 845 597 μου·

57 608 192 642 πρόσχες
205 607 243 642 τῇ
257 608 342 643 φωνῇ
355 607 410 642 τῆς
419 608 552 643 δεήσεώς
564 617 634 643 μου,
646 609 681 635 ἐν
693 608 733 641 τῷ
748 617 849 644 κεκρα-

57 653 142 688 γέναι
162 662 202 688 με
217 654 293 688 πρὸς
309 654 356 680 σέ.
374 654 408 680 Ἦ
425 654 531 690 κραυγὴ
545 654 576 681 τὸ
593 654 716 680 σύντονον
729 654 778 690 τῆς
791 655 847 682 δια-

57 699 134 730 νοίας
152 699 261 731 πάντως
281 699 365 735 δηλοῖ.
381 699 520 736 Εὐμενῶς,
533 700 611 736 φησὶ,
622 700 754 732 Δέσποτα,
771 700 846 733 δέξαι

57 745 108 779 τὴν
119 744 190 780 ἐμὴν
203 745 331 771 ἱκετείαν.

93 791 329 826 Κατευθυνθήτω
349 793 369 827 ἠ
391 793 546 827 προσευχὴ
567 801 626 827 μου
649 792 690 826 ὡς
717 793 847 827 θυμίαμα

55 838 188 865 ἐνώπιόν
201 847 270 866 σου.
282 839 322 865 Τὰ
336 839 390 866 ἀπὸ
408 838 526 871 διανοίας
547 839 700 874 θυμιάμασι
713 839 846 874 παρεικά-

56 885 111 917 ζει,
134 886 182 913 ἅτε
201 885 287 913 λεπτὰ
300 886 375 918 ὄντα,
390 886 437 912 καὶ
458 885 497 921 τῷ
518 886 590 921 μόνῳ
610 885 791 920 ἀνατιθέμενα
808 885 846 921 τῷ
861 877 882 905 Β

57 931 129 967 Θεῷ.
148 932 297 966 Ἐπαριγις
313 931 374 958 τῶν
388 932 494 966 χειρῶν
511 938 571 966 μου
585 932 675 958 θυσία
689 931 844 965 ἐσπερινή.

57 977 116 1009 Τὰς
129 977 244 1012 πράξεις
263 977 312 1010 τὰς
328 977 372 1004 διὰ
395 978 449 1004 τῶν
473 978 571 1013 χειρῶν
585 977 750 1013 δηλουμένας
766 977 846 1013 θυσίᾳ.

57 1023 232 1059 παρεικάζει,
249 1022 298 1050 ᾶτε
317 1022 459 1059 παχύτερα
477 1024 542 1050 ὄντα
563 1023 638 1060 παρὰ
652 1024 702 1054 τὰς
723 1024 771 1059 τῆς
789 1024 847 1051 δια-

56 1070 133 1101 νοίας
145 1069 276 1106 αἱρέσεις.
290 1069 326 1096 Τὸ
335 1069 363 1096 δὲ
376 1070 522 1112 ἑσπερινήν
536 1078 628 1105 φησιν,
643 1070 685 1097 ὅτι
697 1070 750 1106 χρὴ
766 1071 845 1107 μέχρι

56 1115 150 1147 τέλους
165 1114 280 1151 πράξεις
295 1115 462 1151 ἐπιτηδεύειν
474 1115 588 1150 ἀγαθάς.

92 1159 163 1192 Θοῦ,
180 1161 279 1194 Κύριε,
292 1160 434 1194 φυλακὴν
449 1160 488 1193 τῷ
501 1161 627 1195 στόματί
637 1170 708 1195 μου,
726 1161 776 1188 καί
795 1162 845 1189 θύ-

54 1215 114 1240 ραν
136 1205 280 1241 περιοχῆς
301 1207 367 1240 περὶ
387 1205 423 1232 τὰ
447 1206 532 1240 χείλη
550 1215 621 1241 μου.
643 1207 750 1243 Ἐπειδὴ
775 1208 845 1242 μέγα

55 1249 110 1278 οἶδε
120 1251 150 1278 τὸ
160 1251 309 1287 κατορθοῦν
322 1252 371 1287 τῆς
382 1250 507 1286 γλώσσης
517 1252 567 1286 τὴν
580 1252 711 1288 φυλακὴν,
723 1253 768 1279 τὸν
780 1253 846 1280 Θεὸν

55 1299 129 1324 αἰτεῖ
138 1297 239 1332 ταύτης
252 1297 302 1332 τὴν
314 1298 476 1333 ἐγκράτειαν
488 1297 562 1333 αὑτῷ
574 1298 747 1334 χαρίσασθαι.

94 1342 144 1376 Μὴ
157 1343 300 1376 ἐκκλίνῃς
316 1342 374 1376 τὴν
389 1343 515 1376 καρδίαν
533 1352 593 1378 μου
612 1345 657 1377 είς
670 1345 780 1379 λόγους
794 1351 846 1371 πο-

55 1389 173 1422 νηρίας.
188 1388 316 1415 Τουτέστι
333 1389 369 1424 μὴ
384 1389 565 1425 συγχωρήσῃς
580 1390 793 1426 παρατραπῆναι
806 1391 846 1421 εἰς

54 1434 87 1460 τὸ
103 1433 224 1460 ἐναντίον
242 1433 292 1470 τὴν
305 1433 379 1466 απαξ
400 1433 488 1465 καλῶς
509 1435 774 1462 κατασκευασθεῖσαν
796 1444 845 1471 μου

54 1483 187 1510 διάνοιαν*
198 1483 242 1509 ἵνα
257 1483 294 1518 μὴ
306 1483 370 1515 νοῶ,
386 1483 477 1518 φησὶν,
490 1483 593 1514 ἐννοίας
605 1481 786 1518 παρανομίας.

93 1528 252 1555 Παιδεύσει
266 1537 304 1563 με
320 1529 434 1562 δίκαιος
448 1529 483 1555 ἐν
497 1528 584 1561 ἐλέει,
599 1528 648 1555 καί
666 1527 781 1562 ἐλέγξει
794 1536 842 1562 με.
858 1551 878 1580 C

55 1575 152 1601 Πίσαν
169 1575 218 1610 μὲν
229 1575 353 1602 παιδείαν
368 1575 498 1611 δεξαίμην
515 1574 563 1601 τοῦ
575 1574 689 1606 δικαίου,
706 1574 755 1609 τὴν
767 1573 843 1600 εὐλο-

55 1621 119 1655 γίαν
135 1621 164 1647 δὲ
181 1621 228 1647 καὶ
247 1621 298 1656 τὴν
316 1621 460 1649 κολακείαν
484 1621 530 1648 τοῦ
556 1619 718 1656 ἁμαρτωλοῦ
735 1620 772 1655 μὴ
797 1619 845 1646 λά-

56 1667 144 1701 ϐοιμι,
160 1666 195 1693 δι’
213 1664 247 1702 ἦς
261 1666 356 1702 ὥσπερ
381 1666 470 1694 ἔλαιον
491 1667 540 1702 τὴν
556 1666 678 1701 κεφαλήν
693 1673 744 1700 μου
760 1673 845 1692 κατα-

57 1721 74 1747 χ
77 1712 133 1747 ρίου
138 1720 192 1738 σιν.

93 1758 156 1784 ὀτι
168 1757 213 1785 ἔτι
228 1757 279 1784 καὶ
289 1757 309 1791 ἡ
325 1756 479 1792 εροσευχή
495 1765 554 1791 μου
568 1756 603 1783 ἐν
616 1755 682 1789 ταῖς
695 1755 846 1788 εὐδοκίαις

56 1802 175 1835 αὐτῶν,
193 1804 404 1837 κατεπόθησαν
425 1804 554 1838 ἐχόμενα
579 1801 688 1836 πέτρας
707 1803 734 1828 οἱ
750 1801 846 1836 κριταὶ

56 1849 166 1876 αὐτῶν.
186 1849 294 1884 Ἐγγὺς,
315 1849 397 1885 φησὶ,
411 1850 514 1883 πέτρας
529 1847 668 1883 γενόμενοι
685 1856 847 1874 καταποντι-

58 1893 214 1928 σθήσονται.
232 1884 362 1929 Σημαίνει
376 1893 415 1924 δὲ,
431 1893 469 1925 ὡς
486 1893 567 1924 αὐτὸς
581 1884 708 1924 αὐτοὺςλό
729 1893 847 1928 Χριστὸς

57 1938 253 1966 urar-metam.
271 1939 311 1970 είς
337 1937 382 1974 τὴν
396 1938 523 1965 ἄϐυσσον.
544 1938 733 1965 Ἀκούσονται
747 1937 783 1964 τὰ
792 1937 848 1971 ρή-

55 1984 136 2020 ματά
158 1993 237 2019 μου,
259 1983 304 2011 ὅτι
327 1985 514 2018 ἡδύν-θησαν.
531 1983 676 2015 Ἔκσασις,
700 1983 783 2019 φησὶ,
799 1983 847 2018 τῆς

57 2031 118 2057 κατ’
134 2029 226 2057 αὐτῶν
245 2029 438 2066 προλεχθείσης
449 2030 593 2065 τιμωρίας,
611 2030 703 2056 πίστιν
720 2028 848 2064 ἀληθείας

59 2075 107 2102 καὶ
122 2074 289 2110 εὐπρεπείας
303 2075 338 2101 τὰ
356 2075 411 2110 ἐμὰ
424 2074 531 2101 λάϐοιεν
547 2076 666 2110 ῥήματα.

100 2120 180 2147 Ὠσεὶ
203 2119 300 2154 πάχος
325 2119 382 2155 γῆς
407 2119 517 2155 ἐρράγη
541 2120 589 2146 ἐπὶ
607 2119 663 2154 τῆς
685 2119 753 2154 τῆς.
775 2120 846 2153 Πᾶν,

59 2165 144 2201 φησὶ,
164 2165 195 2191 τὸ
214 2165 315 2199 γεῶδες
337 2164 414 2200 ἡμῶν
436 2163 634 2200 διερῤήξαμεν,
658 2163 849 2196 ταπεινοῦντες

898 243 1033 278 probitate
1047 243 1150 275 interit,
1170 243 1331 278 congruenti
1356 251 1436 278 pana
1453 242 1595 270 multatus.
1615 241 1679 270 Sola

898 289 971 316 enim
991 288 1151 323 improbitas
1169 288 1287 315 animam
1301 295 1332 316 ea
1354 287 1489 320 aﬂ‘cctam,
1504 288 1562 315 vice
1576 287 1680 322 suppli-

897 334 933 362 cii
947 334 1102 370 cujuslibet,
1122 334 1149 361 in
1170 335 1308 361 interitum
1323 334 1444 369 conjicit.

1091 379 1260 408 PSALJIUS
1290 379 1384 407 David.
1405 379 1487 407 CXL.

1190 428 1387 461 Argumentum.

900 472 1004 500 Similis
1017 477 1058 501 est
1075 473 1119 500 hic
1137 473 1259 512 psalmus
1279 472 1458 508 pratcedenti;
1477 479 1569 499 verum
1583 472 1616 499 ad
1633 472 1682 500 do-

1134 519 1248 546 ctrinam
1264 518 1441 546 commodior.

898 571 902 574 '
942 565 967 592 L
999 564 1120 597 Domine,
1136 564 1248 591 clamavi
1272 564 1306 590 ad
1322 569 1356 596 te,
1378 563 1475 590 exaudi
1494 571 1553 590 me:
1579 563 1682 590 intende

899 611 954 638 voci
975 610 1173 646 supplicationis
1189 618 1252 638 mete
1272 618 1331 637 cum
1354 611 1499 636 clumavero
1514 609 1548 635 ad
1574 614 1606 636 te.
1621 609 1681 636 Cla—

898 665 960 685 mor
975 657 1176 684 contentionem
1200 657 1298 684 mentis
1322 663 1434 691 prorsus
1456 655 1565 682 indicat.
1593 653 1681 681 Bene-

897 704 970 735 volo,
991 703 1088 737 inquit,
1108 703 1216 736 animo,
1242 701 1365 734 Domine,
1390 701 1485 736 excipe
1507 700 1682 735 supplicatio-

897 758 958 778 nem
976 757 1074 776 meatu.

931 795 959 822 ‘2.
992 794 1128 828 Dirigatur
1144 793 1229 820 oratio
1254 800 1312 819 mea
1337 793 1403 818 sicut
1428 792 1562 818 incensum
1579 791 1606 817 in
1620 798 1682 816 eon-

898 845 985 875 spectu
1003 845 1056 866 tuo.
1073 838 1139 872 Quae
1149 846 1182 865 ex
1195 841 1284 866 mente
1303 837 1463 873 procedunt,
1480 837 1591 863 incenso
1609 843 1682 862 com-

896 890 984 921 parat.
1002 890 1094 920 utpote
1108 892 1169 919 quae
1186 884 1295 911 subtilia
1313 883 1366 911 sint
1386 887 1413 910 et
1427 882 1480 909 Deo
1499 881 1549 909 soli
1565 880 1683 908 oﬂ‘eran-

896 936 950 958 tur.
973 930 1093 957 Elevatio
1112 938 1239 956 manuum
1259 937 1375 956 mearum
1398 928 1561 963 sacriﬁcium
1581 935 1682 965 vesper-

896 977 990 1004 linum.
1008 975 1095 1010 Opera
1109 983 1157 1010 per
1179 983 1277 1002 manus
1292 974 1363 1002 edita
1379 975 1514 1002 sacriﬁcio
1530 976 1680 1008 comparat.

896 1024 959 1058 quia
978 1022 1150 1050 sensibiliora
1166 1028 1229 1050 sunt
1243 1022 1327 1049 animi
1348 1021 1544 1049 voluntatibus.
1566 1019 1682 1056 Vesper-

897 1070 982 1096 tinum
999 1073 1088 1096 autem
1111 1069 1159 1101 ait,
1177 1068 1239 1103 quia
1255 1072 1360 1103 oportet
1375 1068 1408 1095 ad
1422 1068 1501 1094 linem
1525 1075 1611 1102 usque
1631 1067 1681 1094 bo-

896 1115 939 1142 nis
953 1114 1079 1149 operibus
1096 1121 1202 1142 vacare.

931 1162 958 1190 5.
991 1161 1073 1193 Pone,
1093 1160 1215 1192 Domine,
1231 1160 1379 1187 custodiant
1397 1160 1437 1186 ori
1457 1168 1523 1192 meo,
1539 1165 1562 1186 et
1586 1159 1682 1186 ostium

896 1207 1104 1234 circumstantiae
1119 1206 1196 1233 labiis
1213 1207 1287 1233 meis.
1303 1205 1373 1239 Quia
1391 1205 1465 1232 novit
1482 1212 1608 1240 magnam
1624 1212 1681 1231 rem

896 1261 957 1281 esse
982 1253 1100 1288 linguam
1126 1252 1245 1287 perfecte
1270 1252 1418 1284 custodire,
1437 1251 1522 1278 Deum
1551 1255 1629 1286 rogat
1654 1256 1684 1278 ut

897 1299 949 1327 sibi
966 1298 1097 1326 concedat
1116 1298 1215 1332 lingua;
1233 1297 1454 1332 temperantiam.

931 1345 959 1372 4.
988 1344 1050 1372 Νυη
1070 1344 1184 1371 declines
1201 1352 1246 1370 cor
1269 1351 1354 1370 meum
1369 1344 1396 1370 in
1417 1343 1495 1370 verba
1507 1342 1628 1369 malititz.
1653 1339 1682 1368 ld

896 1397 948 1425 est,
967 1399 1000 1419 ne
1016 1391 1149 1418 concedas
1171 1395 1288 1417 mentem
1311 1397 1399 1416 meam
1415 1389 1498 1416 semel
1519 1389 1602 1424 probe
1617 1395 1684 1415 con-

897 1439 1035 1466 cinnatam
1052 1437 1079 1464 in
1099 1436 1243 1464 adversum
1258 1443 1378 1470 vergere,
1405 1439 1436 1463 ut
1458 1442 1511 1462 non
1529 1435 1681 1467 admittam,

898 1483 996 1518 inquit.
1012 1483 1192 1518 cogitationes
1212 1481 1375 1516 iniquitatis.

933 1530 960 1557 5.
989 1529 1118 1564 Corripiet
1141 1537 1181 1555 me
1191 1528 1280 1563 justus
1296 1528 1323 1554 in
1344 1526 1537 1558 misericordia,
1556 1531 1580 1552 et
1598 1526 1682 1552 incre-

894 1576 967 1612 pabit
984 1584 1034 1608 me,
1056 1579 1109 1602 etc.
1130 1573 1244 1602 Omnem
1263 1574 1469 1608 castigationem
1486 1580 1500 1599 a
1520 1573 1594 1607 justo
1611 1572 1683 1598 acci-

896 1622 968 1657 piam
982 1631 989 1648 :
1008 1621 1224 1648 benedictionem
1241 1623 1331 1646 autem
1347 1624 1372 1646 et
1386 1618 1569 1645 adulationem
1584 1623 1682 1651 pecca-

896 1667 965 1694 toris
989 1674 1023 1694 ne
1040 1666 1195 1699 admittam,
1215 1673 1268 1699 qua
1295 1664 1378 1691 veluti
1398 1665 1458 1691 oleo
1482 1668 1564 1698 caput
1590 1670 1681 1689 meum

896 1712 1042 1747 iniungunt.

931 1759 958 1786 6.
985 1758 1116 1791 Quoniam
1133 1757 1218 1784 adhuc
1233 1763 1256 1784 et
1282 1757 1368 1784 oratio
1388 1764 1444 1783 mea
1468 1757 1495 1782 in
1511 1755 1681 1790 beneplacitis

895 1812 996 1836 eorum,
1020 1804 1138 1838 obsorptt’
1158 1809 1218 1830 sunt
1239 1802 1320 1837 juxta
1341 1806 1444 1836 petram
1459 1801 1562 1835 judice:
1579 1807 1680 1826 eorum.

896 1849 977 1876 Juxta
1003 1854 1105 1884 petram
1130 1848 1281 1879 constituti,
1301 1847 1350 1876 ait.
1380 1846 1608 1874 absorbebuntur.
1640 1844 1682 1872 Si-

897 1895 1008 1931 gniﬁcat
1022 1899 1112 1922 autem
1128 1894 1215 1928 ipsum
1232 1893 1372 1920 Christum
1390 1899 1436 1919 eos
1452 1891 1478 1918 in
1494 1892 1622 1926 abyssum
1635 1890 1683 1918 de-

897 1947 1061 1966 mersurum.
1076 1938 1190 1965 Audierit
1206 1938 1282 1965 verba
1300 1945 1357 1964 mea
1373 1937 1497 1972 quoniam
1517 1936 1681 1970 placuerunt.

898 1985 1036 2017 Eventus,
1064 1986 1112 2018 ait,
1141 1984 1314 2019 prtununtiati
1344 1988 1439 2011 contra
1467 1983 1528 2010 illos
1557 1982 1683 2017 supplicii

898 2032 1006 2059 aderit:
1031 2031 1095 2058 hinc
1118 2035 1208 2057 autem
1231 2029 1352 2057 veritatis
1382 2033 1410 2057 et
1434 2029 1576 2056 modestia:
1600 2028 1682 2055 ﬁdem

897 2078 980 2105 verba
995 2085 1056 2104 mea
1074 2077 1217 2112 accipient.

934 2124 960 2150 7.
989 2123 1062 2150 Sicut
1075 2123 1221 2150 crassitudo
1237 2127 1314 2149 terra:
1326 2126 1419 2157 erupta
1430 2125 1469 2148 est
1480 2129 1558 2156 super
1572 2126 1681 2148 terram.

898 2170 977 2204 Quod
994 2175 1130 2197 terrenum
1146 2173 1205 2197 erat
1228 2169 1254 2196 in
1276 2168 1366 2200 nobis,
1395 2168 1495 2202 inquit,
1519 2168 1683 2202 dirupimus.

59 2210 172 2241 ἑαυτοὺς
185 2209 228 2236 διὰ
240 2209 280 2236 σέ·
297 2208 382 2240 οὕτως
395 2209 432 2241 ὡς
447 2210 536 2236 πᾶσαν
551 2209 664 2244 δύναμιν
676 2209 754 2244 ἡμῶν
767 2209 845 2244 μέχρι

903 2217 1081 2251 nosmetipsos
1094 2220 1204 2250 propter
1226 2220 1252 2242 te
1278 2215 1469 2247 bumiliantes;
1490 2215 1526 2241 ita
1542 2218 1572 2241 ut
1593 2215 1685 2242 omnis

59 2254 123 2289 ᾅδου
137 2253 342 2288 κατενεχθῆναι.
354 2253 465 2288 Ὅμοιον
477 2252 505 2279 δὲ
517 2252 596 2279 τοῦτο
608 2252 658 2288 τῷ,
670 2253 776 2280 Ἕνεκα
788 2253 845 2280 σοῦ

59 2300 265 2334 θανατούμεθα
280 2299 355 2333 ὃλην
371 2298 428 2333 τὴν
440 2299 563 2334 ἡμέραν.

96 2399 158 2425 Ὅτι
175 2397 250 2431 πρὸς
263 2396 319 2428 σὲ,
336 2397 434 2431 Κύριε,
452 2397 550 2431 Κύριε,
572 2398 599 2424 οι
615 2397 763 2432 ὀφθαλμοί
776 2400 845 2432 μού.

67 2443 137 2478 Ἐγὼ
152 2443 181 2470 δὲ
191 2443 279 2469 οὐδενὶ
289 2442 342 2469 τῶν
355 2443 529 2478 ἀνθρωπίνων
543 2442 645 2479 θαρρῶ·
657 2443 725 2470 ἀλλὰ
737 2444 786 2478 τὴν
799 2444 849 2479 σὴν

61 2489 207 2524 προσμένω
221 2488 346 2524 βοήθειαν
357 2508 364 2520 ,
378 2489 426 2515 καὶ
440 2488 590 2524 παρακαλῶ
604 2489 704 2524 ταύτης
719 2489 768 2524 τὴν
780 2490 848 2525 ἐμὴν

63 2536 100 2570 μὴ
116 2534 292 2569 γυμνωθῆναι
309 2534 408 2570 ψυχήν.
430 2535 490 2560 Ἐπί
507 2534 557 2561 σοὶ
573 2534 688 2568 ἤλπισα
698 2554 706 2566 ,
719 2535 761 2569 μὴ
776 2536 848 2562 ἀντ-

61 2581 172 2614 ανέλῃς
194 2580 252 2614 τὴν
267 2580 373 2614 ψυχήν
391 2589 462 2615 μου.
489 2581 560 2607 Ἀντὶ
578 2580 641 2607 τοῦ·
663 2580 709 2616 Μὴ
730 2580 848 2618 ἑκχύσῃς

62 2626 78 2662 ἢ
94 2625 248 2661 ὲκκενώσῃς
263 2626 313 2661 τῆς
328 2626 434 2658 ἐλπίδος
450 2623 483 2661 ἧς
500 2625 553 2661 ἔχω
566 2625 633 2661 πρὸς
650 2626 690 2652 σέ.

96 2672 263 2699 Πεσοῦνται
281 2671 317 2697 ἐν
331 2671 544 2706 apetaan
558 2671 658 2698 αὐτῶν
679 2673 705 2698 οι
718 2672 849 2706 ἀμαρτωο

63 2718 119 2744 λοι.
150 2718 329 2752 Ἐμπέσοιεν,
355 2719 448 2754 φησιν,
470 2719 510 2750 είς
534 2718 568 2745 τὰ
588 2718 690 2745 ἑαυτῶν
714 2717 811 2745 δίκτυα
823 2719 848 2745 οἱ

62 2763 228 2798 ἁμαρτωλοί.
248 2765 422 2798 Καταμόνας
435 2765 491 2798 εἰμί
506 2764 563 2800 ἐγὼ
580 2764 634 2797 ἕως
648 2763 687 2791 ἂν
701 2764 846 2799 παρέλθω.

83 2852 104 2868 ’⁷
120 2851 201 2880 Rom.
218 2858 280 2882 \‘Hl,
301 2852 346 2879 36.

898 2268 991 2291 nostra
1006 2263 1091 2289 virtus
1108 2262 1140 2289 ad
1155 2260 1292 2288 infernum
1312 2269 1398 2295 usque
1415 2261 1622 2295 deprimeretur.
1639 2260 1685 2288 Si-

897 2309 961 2335 mile
974 2313 1016 2335 est
1030 2313 1120 2334 autem
1146 2306 1206 2334 illi:
1225 2306 1337 2339 Propter
1361 2311 1384 2333 te
1410 2306 1604 2340 mortiﬁcamur
1629 2310 1685 2334 tota

897 2355 938 2381 die
952 2353 987 2380 ³⁷.

933 2399 960 2426 8.
987 2398 1058 2431 Quia
1080 2398 1115 2425 ad
1129 2402 1162 2429 te,
1185 2397 1307 2430 Domine,
1324 2397 1445 2429 Domine,
1460 2396 1532 2423 oculi
1551 2396 1613 2423 mei.
1626 2395 1686 2432 Ego

898 2453 963 2472 \‘ero
979 2445 1044 2472 nulli
1059 2445 1185 2472 humana:
1198 2444 1237 2471 rei
1251 2444 1378 2476 conﬁdo;
1393 2443 1440 2470 sed
1457 2448 1533 2470 tuum
1555 2449 1686 2477 exspecto

898 2491 1040 2524 auxilium,
1060 2496 1087 2518 et
1108 2498 1172 2525 rogo
1188 2494 1218 2517 ut
1240 2497 1273 2517 ne
1289 2490 1379 2516 anima
1402 2497 1463 2516 mea
1487 2489 1533 2516 illo
1555 2488 1683 2515 nudetur.

899 2536 932 2564 In
954 2543 978 2563 te
1000 2537 1114 2571 speravi.
1133 2545 1184 2563 non
1203 2535 1310 2570 auferas
1333 2536 1452 2562 animum
1476 2543 1570 2561 meam.
1589 2533 1615 2561 Id
1631 2538 1684 2564 est,

899 2589 933 2608 t-e
953 2581 1075 2608 etl‘undas
1092 2585 1140 2608 aut
1151 2588 1266 2608 evacues
1282 2587 1364 2615 quam
1382 2580 1408 2607 in
1426 2584 1451 2606 te
1471 2580 1586 2614 positam
1606 2586 1684 2613 spem

899 2627 996 2654 habet).

934 2673 978 2700 10.
1009 2672 1109 2700 Cadent
1125 2674 1153 2700 in
1165 2672 1292 2700 retiaculo
1304 2672 1360 2706 ejus
1374 2676 1532 2707 peccatores.
1550 2670 1682 2702 lnciilant,

899 2720 998 2754 inquit,
1016 2719 1043 2746 in
1059 2727 1108 2746 sua
1133 2720 1198 2746 retia
1224 2725 1381 2754 peccatores
1398 2727 1404 2745 :
1427 2717 1604 2752 Singulariter
1623 2723 1681 2741 sum

899 2774 955 2802 ego,
973 2766 1053 2793 donec
1070 2771 1214 2794 transeam.
1229 2765 1317 2798 Tunc,
1333 2767 1380 2798 ait,
1392 2764 1452 2792 sine
1473 2764 1569 2790 timore
1587 2767 1613 2790 et
1627 2761 1683 2790 sol-
