1926 3051
244 139 297 167 559

657 138 686 166 S.
705 139 892 167 ATHANASH
912 139 988 167 OPP.
1009 139 1098 166 PARS
1117 137 1161 165 Ill.
1183 153 1216 158 ———
1236 135 1406 164 EXEGETIC
1416 137 1440 162 \.

1819 134 1871 162 510

244 199 384 226 licitudine
404 199 586 233 pertransibo,
609 206 671 226 cum
694 199 744 234 ipsi
767 205 924 234 peccatores
937 201 963 227 in
979 208 1028 228 sua

1088 200 1157 232 Γότε,
1175 199 1258 234 φησὶ,
1277 196 1481 233 παρελεύσομαι
1503 194 1612 229 ὰφόὸως
1632 193 1679 220 καὶ
1700 193 1869 229 ἀμερίμνως,

245 244 311 270 retia
343 243 496 271 inciderint.
515 243 571 278 Ego
591 251 656 270 vero
683 244 717 271 ab
739 244 773 272 iis
797 249 954 280 segregatus
981 244 1029 272 de-

245 297 317 323 gam,
335 290 422 317 donec
439 290 500 316 vita:
513 290 593 316 linem
609 297 750 324 accepero.

280 378 305 405 L
327 377 480 405 Intellectus
507 377 603 409 David,
630 387 689 405 cunt
714 383 780 406 esset
808 378 835 404 in
858 378 994 414 spelunca,

533 421 629 446 oratio.
650 419 749 446 CXLI.

540 466 560 492 Α
567 472 741 500 rgumentum.

244 510 336 537 Oxatio
351 516 376 538 et
391 511 456 537 nihil
471 510 543 537 aliud
560 516 625 538 sunt
648 512 751 538 isthmc.
770 510 871 538 Verum
893 511 1029 538 intellectu

279 564 347 590 opus
365 557 482 589 habent;
504 562 533 584 ut
548 557 704 584 ediscamus
724 565 773 584 nos
790 565 845 591 quo
863 561 942 592 pacto
962 558 1030 585 inter

276 602 367 629 varias
382 603 552 635 occasiones,
568 603 638 629 mala
655 602 773 637 effugere
786 603 935 630 valeamus.

276 678 334 705 2-5.
374 678 439 705 Voce
465 687 522 705 mea
541 680 575 705 ad
592 679 732 706 Dominum
753 680 876 711 clamavi,
899 688 958 707 vace
974 689 1031 706 mea

242 725 276 750 ad
296 723 437 750 Dominum
453 725 605 758 deprecatus
620 734 688 752 eum.
708 725 849 759 Effundam
873 727 900 752 in
924 735 1031 760 conspe-

241 776 285 796 ctu
306 771 362 804 ejus
389 771 534 797 orationem
563 780 657 798 meum.
681 771 776 799 Totam
801 777 920 799 mentem
941 781 1029 805 suam,

241 816 340 850 inquit,
364 815 479 843 Domino
500 816 612 843 dicavit.
639 816 846 844 Tribulationem
866 826 950 844 meam
971 823 1032 844 ante

241 862 327 892 ipsum
344 862 533 896 pronuntiabo.
563 861 591 888 ln
615 863 762 895 curriculo,
783 863 881 898 inquit,
899 871 949 898 pro
973 863 1029 898 ipsa

241 908 331 935 anima
363 913 541 939 concertans.
573 909 786 944 supplicationes
808 910 903 941 oll‘ero,
932 917 1029 944 rogans

241 955 432 982 tribulationes
450 955 546 983 minui.
569 954 646 983 Nosti
662 957 755 991 utique
774 963 818 983 me
843 956 943 990 injuria
969 963 1030 990 per—

242 991 408 1027 secutionem
424 1001 489 1036 pati.

276 1047 303 1073 4.
328 1046 360 1073 1η
379 1047 523 1082 deiicienda
539 1057 571 1075 ea:
586 1057 625 1075 me
641 1049 762 1083 spiritum
779 1057 873 1075 meum.
894 1048 965 1081 “me,
982 1049 1029 1080 ait,

240 1091 383 1124 faciebam,
401 1093 535 1120 malorum
568 1094 740 1121 vehementia
768 1099 934 1130 conspecta;
967 1103 1030 1122 nam

239 1145 322 1172 prope
339 1143 453 1166 mortem
471 1140 557 1173 ipsam
572 1141 709 1167 versabar.
731 1140 765 1167 Et
779 1146 807 1167 tu
824 1141 970 1175 cognovisti
987 1150 1030 1168 se-

239 1183 319 1209 mitas
344 1191 424 1209 meas.
450 1183 512 1211 Ilaec
538 1185 619 1211 verba
637 1194 644 1211 :
663 1185 696 1211 Et
712 1190 739 1212 tu
763 1187 905 1220 cognovisti
922 1187 1030 1212 semitas

239 1237 322 1261 meas,
338 1233 402 1256 sunt
426 1230 532 1257 lidontis
557 1231 583 1257 in
608 1231 668 1258 vita:
685 1239 767 1259 cursu
784 1237 811 1259 et
839 1233 864 1258 in
886 1233 1028 1266 operibus.

238 1275 307 1302 Cum
326 1276 429 1303 videret
446 1281 536 1303 autem
554 1278 712 1312 spirituales
733 1278 827 1305 hostes
843 1285 970 1306 curantes
987 1279 1030 1306 in-

239 1322 346 1349 troduci
371 1321 480 1350 Saulem
513 1324 540 1350 in
567 1324 745 1358 speluncam,
774 1324 884 1352 Daridis
907 1326 1030 1360 capiendi

239 1375 334 1400 causa,
347 1368 408 1403 jure
432 1369 562 1396 dicebat:
587 1369 784 1396 Absconderunt
809 1370 930 1404 laqueum
954 1371 1030 1404 mihi,

239 1422 322 1449 quem
339 1423 460 1449 prsesens
477 1416 565 1442 oratio
590 1415 744 1450 dissipavit.
769 1415 835 1442 Nam
853 1417 925 1451 quod
943 1417 1031 1444 homi-

240 1468 289 1488 nes
303 1461 451 1495 spectabat,
469 1461 684 1496 comprehensus
707 1462 848 1497 spelunca,
870 1464 943 1490 omni
963 1464 1028 1490 etIn-

240 1506 329 1541 giendi
352 1507 393 1533 via
417 1507 579 1535 interclusus
594 1514 664 1539 erat,
685 1516 735 1535 nec
757 1513 815 1535 erat
833 1509 879 1544 qui
903 1509 1031 1537 liberaret

239 1561 312 1585 eum,
330 1560 379 1579 nec
391 1553 437 1587 qui
457 1553 609 1588 requireret
629 1554 747 1581 animam
768 1555 838 1589 ejus.

273 1597 301 1624 5.
328 1596 417 1624 Invia
441 1597 490 1624 hac
512 1607 565 1633 qua
587 1599 755 1626 ambulabant
774 1600 965 1628 absconderant
985 1601 1027 1628 la-

239 1650 333 1678 queum
355 1644 429 1670 mihi.
454 1643 482 1670 Si
507 1644 570 1679 quis
585 1644 722 1679 spelunca?
750 1645 840 1672 locum
863 1647 1026 1679 consideret,

241 1689 299 1716 hac
324 1694 508 1723 congruenter
525 1690 596 1717 dicta
618 1689 701 1718 fuisse
722 1692 849 1725 reperiet.
869 1691 1028 1718 Considera-

240 1735 300 1762 bam
321 1735 355 1762 ad
370 1736 505 1763 dexteram
528 1741 552 1762 et
576 1737 706 1768 videbam,
729 1741 754 1763 et
777 1745 828 1764 non
852 1742 908 1764 erat
925 1739 970 1772 qui
985 1746 1028 1764 co-

239 1787 372 1816 gnosceret
388 1790 437 1809 me.
456 1782 635 1817 Apponebant
653 1783 778 1810 virtutem
796 1783 948 1811 colentibus
961 1792 1027 1811 con.-

239 1828 364 1860 gruentia
393 1828 503 1855 malitiae
529 1829 761 1862 machinamenta,
780 1829 906 1857 videlicet
929 1830 954 1856 ei
982 1831 1028 1865 qui

240 1880 302 1898 cum
325 1873 456 1906 sapientia
483 1873 656 1906 ambulabat;
683 1874 888 1901 abscondebam
915 1882 965 1908 pro
989 1875 1028 1901 la-

241 1925 323 1952 queo,
338 1918 498 1953 sapientiam
516 1927 576 1953 quae
601 1919 751 1946 secundum
777 1919 862 1946 Deum
889 1928 943 1946 non
968 1925 1028 1953 est;

240 1965 372 1998 qurerenli
393 1965 574 1999 cognitionem
606 1965 780 2000 apponebant
801 1974 862 1993 eam
878 1974 939 2001 qua:
960 1966 1028 1993 falso

243 2010 279 2036 ita
293 2015 416 2038 vocatur.
434 2010 492 2038 Hoc
507 2019 589 2046 porro
603 2011 704 2038 dictum
730 2012 848 2046 aliquam
865 2012 946 2038 habet
962 2020 1024 2039 cum

242 2055 288 2082 illo
316 2055 484 2087 afﬁnitatem.
509 2055 595 2083 Juxta
622 2057 673 2083 iter
700 2056 856 2083 scandalum
884 2062 1026 2091 posuerunt

241 2100 316 2128 mihi.
343 2100 462 2129 Possunt
491 2106 580 2129 autem
602 2103 647 2130 hic
670 2103 761 2137 laquei
785 2111 833 2137 per
862 2103 1026 2139 hyperbolen

240 2145 388 2178 declarari;
407 2146 434 2172 in
450 2154 517 2180 quos
533 2146 638 2173 scilicet
660 2147 754 2173 incidit
770 2147 815 2182 qui
832 2155 887 2175 non
915 2148 966 2175 sibi
985 2156 1026 2175 ca-

1081 245 1146 272 ὗταν
1169 244 1245 270 αὐτοὶ
1267 244 1293 269 oi
1316 241 1471 278 ἁμαρτωλοὶ
1494 241 1549 271 τοῖς
1574 238 1676 265 ἑαυτῶν
1700 238 1870 273 περιπέσωσι

1081 289 1208 321 δικτύοις.
1233 288 1301 323 Ἐγὼ
1322 289 1350 315 δὲ
1373 287 1475 314 τούτων
1499 285 1707 321 κεχωρισμένως
1727 284 1870 311 διατελέσαι

1081 336 1132 367 ἓως
1148 335 1180 362 ἂν
1195 335 1313 370 δέξωμαι
1328 333 1374 360 τοῦ
1389 333 1447 368 βίου
1458 332 1488 359 τδ
1506 332 1600 367 πέρας.

1115 382 1139 407 Σ
1142 380 1270 412 υνέσεως
1283 379 1322 412 τῷ
1336 378 1435 410 Δαυῒδ,
1449 378 1484 404 ἐν
1497 376 1536 410 τῷ
1550 375 1625 404 εἶναι
1640 376 1734 402 αὐτὸν
1747 375 1784 402 ἐν
1798 374 1838 407 τῷ

1256 421 1403 454 σπηλαίῳ,
1419 419 1585 454 προσευχὴ.
1599 419 1690 444 PMA'.

1400 463 1560 495 Ὺπόθεσις.

1081 511 1222 547 Προσευχὴ
1241 511 1290 546 μὲν
1308 511 1366 537 ἔστι
1381 510 1427 536 καὶ
1442 509 1516 535 οὐδὲν
1529 509 1621 544 ἕτερον
1635 508 1670 535 τὰ
1691 507 1869 543 προκείμενα.

1116 557 1190 593 Πλὴν
1207 557 1273 583 ἀλλὰ
1287 557 1371 584 δεῖται
1389 555 1532 586 συνέσεως·
1550 555 1624 586 ὅπως
1639 554 1671 581 ἂν
1684 555 1765 588 ἡμεῖς
1779 552 1869 588 μάθω-

1117 611 1166 638 μεν
1189 603 1241 629 τίνι
1262 602 1354 638 τρόπῳ
1377 603 1405 628 ὲν
1427 601 1618 637 περιστάσεσιν
1639 599 1714 631 ὄντες
1730 599 1869 633 διαφυγεῖν

1117 647 1274 683 δυνηθῶμεν
1289 647 1324 674 τὰ
1337 647 1451 682 πονηρά.

1116 694 1202 728 Φωνῇ
1215 703 1275 728 μου
1298 693 1371 728 πρὸς
1388 694 1496 727 Κύριον
1516 692 1675 726 ἐκέκραξα·
1700 690 1786 726 φωνῇ
1811 700 1868 726 μου

1081 739 1156 772 πρὸς
1167 740 1276 773 Κύριον
1288 738 1426 771 ἐδεήθην.
1446 737 1553 772 Ἐκχεῶ
1566 737 1693 764 ὲνιίιπιον
1707 735 1801 764 αὐτοῦ
1814 736 1870 768 τὴν

1081 784 1187 818 δέησίν
1206 793 1274 819 μου.
1295 783 1378 819 Ὅλην
1397 783 1490 819 ὥσπερ
1503 783 1552 818 τὴν
1567 783 1685 810 διάνοιαν
1705 782 1789 809 αὑτοῦ
1805 782 1869 808 ἁνα-

1081 830 1197 860 τέθεικε,
1213 830 1288 865 φησὶ,
1301 829 1340 864 τῷ
1355 829 1458 865 Κυρίῳ.
1478 829 1537 861 Τὴν
1549 829 1655 862 θλίψιν
1666 836 1725 862 μου
1743 826 1869 854 ἐνώπιον

1081 876 1174 903 αὐτοῦ
1188 875 1354 910 ἀπαγγελῶ.
1371 875 1423 902 Τὸν
1440 876 1503 910 περὶ
1515 875 1609 910 αὐτῆς,
1626 875 1703 910 φησὶ,
1716 873 1765 909 τῆς
1782 873 1868 908 ψυχῆς

1081 921 1277 957 ἀγωνιζόμενος
1302 921 1418 956 δρόμον,
1448 921 1497 953 τὰς
1521 922 1627 956 δεήσεις
1649 921 1794 957 ἀναφέρω,
1822 922 1868 952 τὰς

1080 967 1183 1002 θλίψεις
1206 967 1341 994 διαδοῦναι
1364 967 1517 1002 εὐχόμενος.
1539 968 1582 999 Ὡς
1599 967 1629 994 οὐ
1650 967 1760 999 δικαίως
1776 966 1870 994 διώκο-

1082 1022 1141 1048 μαι,
1160 1013 1315 1044 ἐπίστασαι,
1332 1014 1423 1048 φησίν.

1122 1058 1173 1085 Ἑν
1186 1059 1226 1092 τῷ
1236 1059 1386 1086 ἐκλείπειν
1399 1060 1432 1092 ἐξ
1446 1059 1517 1094 ἐμοῦ
1529 1059 1561 1087 τὸ
1572 1059 1689 1094 πνεῦμά
1699 1069 1768 1094 μου.
1778 1059 1869 1086 Ταῦτα

1079 1105 1107 1131 δὲ
1122 1105 1214 1140 ἔδρων,
1233 1106 1282 1140 τὴν
1299 1106 1450 1142 ὑπερϐολὴν
1471 1106 1605 1141 θεώμενος
1618 1106 1672 1132 τῶν
1685 1106 1788 1132 κακῶν·
1806 1107 1868 1142 παρ’

1081 1151 1160 1177 αὐτὸν
1174 1151 1229 1186 γὰρ
1245 1151 1416 1187 ἐσκηνοὺμην
1431 1152 1476 1178 τὸν
1494 1151 1617 1178 θάνατον.
1638 1151 1694 1178 Kal
1710 1151 1751 1178 σὺ
1775 1152 1882 1191 ἔγνως.

1080 1196 1134 1228 τὰς
1156 1197 1274 1230 τρίϐους
1290 1206 1366 1231 μου,
1385 1197 1547 1233 θαρροῦντος
1568 1199 1601 1233 τῇ
1622 1197 1668 1224 τοῦ
1693 1196 1751 1231 βίου
1774 1197 1870 1232 πορεία

1081 1242 1128 1267 καὶ
1143 1243 1201 1273 ταῖς
1222 1242 1337 1277 πράξεσι
1353 1243 1400 1274 τὸ,
1417 1243 1458 1269 Σὺ
1474 1243 1568 1277 ἔγνως
1589 1243 1642 1275 τὰς
1662 1243 1781 1277 τρίϐους
1799 1252 1867 1277 μου.

1087 1286 1171 1322 Ὁρῶν
1181 1287 1209 1313 δὲ
1217 1289 1278 1319 τοὺς
1287 1288 1397 1323 νοητοὺς
1407 1288 1456 1322 τῆς
1468 1288 1556 1323 ψυχῆς
1569 1288 1682 1324 ἐχθροὺς
1695 1288 1871 1325 παρασκευὰ-

1082 1341 1180 1365 σαντας
1204 1333 1334 1360 εἰσελθεῖν
1359 1333 1404 1360 τὸν
1429 1334 1514 1360 Σαοὺλ
1535 1334 1575 1365 εἰς
1598 1333 1628 1360 τὸ
1653 1334 1783 1369 σπήλαιον
1800 1333 1868 1369 ὑπὲρ

1079 1378 1126 1406 τοῦ
1143 1379 1326 1415 συλληφθῆναι
1339 1381 1384 1406 τὸν
1398 1379 1489 1411 Δαυῒδ,
1504 1380 1614 1412 είκότως
1629 1380 1747 1414 ὲλέγετο“
1761 1380 1868 1414 Ἔκριν-

1080 1426 1143 1459 urar
1167 1424 1278 1459 παγίδα
1297 1433 1358 1459 μοι,
1380 1425 1413 1460 ἢν
1436 1425 1590 1461 ήπαροῦσα
1612 1425 1771 1460 κατήργησε
1786 1433 1866 1459 προσ-

1081 1470 1158 1505 ευχή.
1173 1470 1209 1496 Τὸ
1224 1470 1277 1505 γὰρ
1293 1470 1336 1496 ὲπ*
1353 1469 1515 1504 ἀνθρώποις,
1532 1468 1691 1504 συλληφθεὶς
1703 1470 1732 1495 ὲν
1749 1469 1788 1504 τῷ
1803 1477 1870 1502 σπη’

1080 1515 1158 1550 λαίῳ,
1181 1515 1302 1551 δρασμοῦ
1326 1515 1426 1546 παντὸς
1449 1515 1661 1546 ἀποκέκλειστο,
1678 1515 1726 1541 καὶ
1747 1515 1798 1541 οὐκ
1812 1512 1867 1549 ﬁve

1042 1564 1062 1593 C
1080 1561 1221 1596 ῥυόμενος.
1235 1561 1250 1596 ἣ
1267 1560 1388 1595 ἐκζητῶν
1402 1560 1483 1588 αὑτοῦ
1495 1562 1544 1596 τὴν
1555 1560 1653 1596 ψυχήν.

1121 1607 1169 1632 Ἐν
1179 1606 1237 1638 ὀδῷ
1258 1607 1350 1639 ταύτῃ
1364 1603 1384 1641 ᾖ
1397 1606 1584 1640 ἐπορευόμην
1603 1606 1741 1639 ἔκρυψαν
1760 1605 1867 1640 παγίδα

1078 1660 1137 1686 μοι.
1155 1652 1188 1678 Εἴ
1201 1661 1243 1684 τις
1256 1652 1302 1679 τὸν
1316 1652 1344 1679 ὲν
1365 1651 1403 1687 τῷ
1421 1651 1545 1686 σπηλαίῳ
1561 1651 1701 1686 λογίσηται
1717 1651 1808 1682 τόπον,
1827 1651 1869 1677 εὐ-

1082 1698 1160 1732 ρήσει
1175 1698 1368 1733 προσηκόντως
1383 1697 1417 1725 τὰ
1432 1697 1572 1733 εἰρημένα.
1594 1698 1763 1724 Κατενόουν
1775 1698 1818 1730 εις
1834 1697 1867 1724 τὰ

1080 1743 1164 1775 δεξιὰ
1182 1744 1230 1770 καὶ
1244 1743 1419 1775 ἐπέὸλεπον,
1435 1743 1483 1770 καὶ
1503 1743 1558 1770 οὐκ
1573 1741 1612 1778 ἦν
1635 1745 1651 1770 ὁ
1665 1743 1867 1778 emrth

1078 1798 1126 1824 με.
1139 1790 1336 1825 Παρατιθέντες
1349 1790 1398 1822 τὰς
1411 1790 1575 1826 ὰγχιθύρους
1589 1790 1688 1821 κακίας
1700 1791 1759 1821 τοῖς
1772 1791 1869 1816 ἀσκου-

1083 1836 1173 1870 μένοις
1189 1836 1309 1870 ἀρεταῖς.
1332 1833 1394 1862 Οἷον
1413 1835 1530 1862 ὁδεύοντι
1553 1836 1599 1862 ἐπὶ
1613 1835 1719 1870 σοφίαν,
1735 1836 1866 1871 ἔκρυπτον

1081 1880 1191 1914 παγίδα,
1211 1880 1306 1914 σοφίαν
1320 1880 1351 1906 οὐ
1365 1879 1443 1906 Θεοῦ·
1458 1880 1505 1906 καὶ
1519 1879 1642 1915 ζητοῦντι
1658 1879 1760 1914 γνῶσιν
1769 1900 1777 1912 ,
1803 1889 1866 1915 παρ-

1081 1925 1201 1951 ετίθεσαν
1216 1925 1265 1961 τὴν
1287 1924 1471 1959 ψευδώνυμον.
1494 1925 1568 1959 Ἔχει
1586 1924 1616 1950 δέ
1641 1933 1702 1951 τινα
1724 1925 1866 1960 ὁμοιότητα

1080 1970 1110 1996 τὸ
1133 1969 1213 2005 ῥητὸν
1237 1969 1306 2005 πρὸς
1323 1969 1371 2001 τὸ,
1398 1969 1543 2003 Ἑχόμενα
1567 1969 1686 2002 τρίϐου,
1711 1968 1866 1996 σκάνδαλα

1079 2015 1181 2042 ἕθεντό
1192 2023 1252 2049 μοι.
1268 2014 1399 2040 Δύνανται
1413 2014 1441 2040 δὲ
1457 2015 1504 2041 καὶ
1517 2014 1544 2040 αἱ
1559 2013 1707 2048 ὑπερϐολαὶ
1723 2013 1864 2049 δηλοῦσθαι

1080 2061 1201 2095 παγίδες,
1226 2062 1265 2093 εἰς
1279 2061 1312 2093 ἃς
1329 2062 1458 2097 ἐμπίπτει
1476 2063 1490 2089 ό
1512 2062 1549 2098 μὴ
1571 2061 1783 2096 φυλαττόμενος,
1806 2062 1866 2097 περὶ

1080 2102 1118 2133 ὧν
1133 2106 1218 2141 λέγει.⁹
1233 2108 1403 2135 Κατενόουν
1424 2109 1464 2140 εἰς
1481 2108 1517 2135 τὰ
1535 2107 1628 2140 δεξιά.
1644 2108 1706 2139 Τοῖς
1720 2107 1775 2143 γὰρ
1796 2107 1866 2142 φιλο-

1079 2152 1233 2188 τιμοτέροις
1249 2153 1288 2184 εἰς
1304 2153 1377 2186 δεξιὰ
1394 2153 1516 2188 παγίδες.

241 2195 296 2224 vet,
326 2192 359 2219 de
380 2191 479 2224 quibus
505 2191 573 2219 dicit
594 2201 600 2219 :
623 2192 828 2219 Considerabam
859 2193 893 2219 ad
916 2193 1061 2223 dewtemm.
1091 2197 1331 2226 ΛηιωιῙοςίοτίιιυε
1354 2199 1426 2226 enim
1455 2199 1489 2226 ad
1510 2195 1648 2226 dexteram
1673 2198 1764 2233 laquei
1789 2198 1864 2233 positi

240 2242 305 2266 sunt

276 2294 359 2321 Periit
375 2294 438 2329 fuga
451 2303 467 2321 a
483 2302 533 2326 me,
548 2300 573 2322 et
588 2302 640 2320 non
656 2297 694 2320 est
711 2294 755 2328 qui
771 2293 885 2328 requirat
907 2295 1025 2321 animam
1041 2298 1062 2325 D

241 2349 335 2367 meam.
352 2340 430 2368 Nulla
443 2341 543 2376 quippe
558 2346 698 2375 supererat
722 2340 840 2375 fugiendi
856 2340 898 2366 via
919 2340 946 2367 in
965 2348 1026 2374 spe-

241 2387 332 2416 lunca.
356 2395 418 2414 cum
445 2393 508 2414 ante
541 2388 641 2414 ostium
670 2387 860 2414 obsiderentur
890 2393 905 2413 a
934 2386 1024 2414 Saule.

241 2432 336 2464 Nemo,
354 2432 402 2464 ait,
417 2433 515 2459 anima:
531 2439 598 2459 mea:
615 2431 729 2459 salutent
746 2431 853 2465 quaerit.

274 2524 301 2552 6.
328 2524 447 2552 Clamuvi
463 2524 497 2550 ad
509 2529 542 2555 te,
558 2523 678 2550 Domine.
697 2523 724 2550 In
746 2523 834 2558 ipsum
850 2523 923 2550 enim
937 2523 1024 2550 solum

242 2579 316 2606 spem
337 2571 432 2598 salutis
445 2577 576 2605 reponere
590 2569 729 2597 convenit.

277 2618 304 2646 8.
337 2616 412 2643 Educ
438 2617 469 2644 de
488 2616 608 2643 custodia
634 2616 751 2642 intimam
782 2623 875 2641 meant.
903 2614 965 2642 Haec
988 2614 1027 2641 ait

242 2664 320 2698 quasi
346 2663 379 2690 ad
405 2663 562 2698 speluncam
587 2662 745 2697 respiciens.
772 2661 953 2697 Symmachus
977 2669 1028 2688 au-

244 2717 297 2739 lem
316 2721 322 2738 :
343 2711 419 2738 Educ
435 2719 451 2738 a
467 2711 633 2737 conclusione
647 2710 764 2736 animam
780 2717 874 2736 meum.
886 2709 926 2736 Ad
941 2709 1024 2743 conﬁ-

244 2756 469 2783 undumnomiui
485 2761 540 2782 tuo.
557 2755 674 2788 Quando
690 2762 743 2787 me,
758 2754 805 2786 ait.
824 2754 858 2781 ab
871 2754 1026 2788 hujusmodi

243 2810 365 2830 :erumna
389 2807 416 2830 et
441 2810 455 2829 a
488 2802 612 2829 custodia
644 2801 776 2834 liberasti,
802 2800 850 2828 tibi
878 2800 1025 2834 gratiarum

244 2848 359 2876 actionis
373 2848 477 2876 cantica
495 2848 652 2883 rependam.
676 2847 716 2874 Me
731 2850 881 2881 exspectant
895 2845 958 2876 iuin
979 2844 1027 2872 do-

1119 2291 1260 2323 Ἀπώλετο
1281 2296 1362 2331 φυγὴ
1379 2297 1429 2323 ἀπ’
1444 2296 1532 2330 ἐμοῦ,
1549 2297 1598 2323 καὶ
1615 2297 1671 2323 οὐκ
1686 2297 1774 2324 ἔστιν
1788 2299 1805 2324 ό
1818 2298 1861 2324 ἐι-

1079 2341 1173 2375 ζὴτὼν
1193 2341 1250 2376 τὴν
1269 2341 1375 2377 ψυχήν
1386 2350 1456 2376 μου.
1473 2343 1510 2368 Οὺ
1527 2342 1580 2377 γὰρ
1601 2340 1634 2377 ἦν
1658 2342 1862 2378 ἀποδιδράσκειν

1079 2387 1110 2413 ὲκ
1122 2387 1167 2413 τοῦ
1181 2387 1313 2422 σπηλαίου
1323 2387 1376 2414 τῶν
1388 2386 1542 2422 ἔμπροσθεν
1555 2387 1742 2422 κατεχομένων
1756 2388 1809 2414 ὑπὸ
1819 2387 1861 2414 τοῦ

1079 2433 1176 2461 Σαούλ.
1193 2433 1301 2465 Οὐδεὶς,
1319 2433 1395 2469 φησὶ,
1414 2433 1462 2468 τῆς
1481 2434 1549 2469 ἐμῆς
1564 2433 1652 2469 ψυχῆς
1666 2433 1714 2469 τὴν
1730 2434 1861 2470 σωτηρίαν

1078 2479 1202 2514 ἐπιζητεῖ

1121 2525 1282 2559 Ἐκέκραξα
1298 2525 1374 2560 πρὸς
1386 2525 1434 2558 σὲ,
1450 2526 1548 2559 Κύριε.
1568 2525 1625 2551 Ἐπ’
1638 2524 1712 2554 αὺτῶ
1726 2524 1781 2562 γὰρ
1793 2525 1860 2560 μόνῳ

1078 2571 1161 2597 δεῖται
1173 2571 1223 2603 τὰς
1238 2571 1348 2603 ἐλπίδας
1360 2572 1408 2607 τῆς
1424 2571 1567 2607 σωτηρίας.

1121 2617 1262 2652 Ἐξάγιιγε
1282 2619 1315 2644 ἐκ
1339 2617 1479 2652 φυλακῆς
1492 2617 1549 2650 τὴν
1565 2618 1670 2651 ψυχήν
1686 2626 1757 2651 μου.
1773 2616 1860 2644 Ταῦτά

1079 2671 1160 2698 φησιν
1174 2662 1211 2694 ὠς
1228 2668 1295 2698 προς
1310 2663 1354 2689 τὸν
1369 2662 1415 2689 τοῦ
1433 2661 1565 2698 σπηλαίου
1587 2662 1678 2698 τόπον..
1701 2663 1730 2688 ’0
1750 2662 1779 2688 δὲ
1794 2661 1858 2696 Σύμ-

1081 2717 1173 2744 μαχος·
1202 2709 1280 2740 Ἓξω
1300 2708 1429 2741 ποίησον
1455 2707 1659 2741 ἀποκλεισμοῦ
1683 2706 1741 2740 τὴν
1760 2706 1859 2741 ψυχήν

1075 2762 1145 2788 μου.
1177 2753 1231 2780 Τοῦ
1260 2752 1539 2788 ἐξομολογήσασθαι
1567 2750 1607 2784 τῷ
1641 2751 1765 2786 ὀνόματί
1795 2759 1856 2778 σοιν.

1088 2798 1219 2830 Ἐπειδὰν,
1245 2799 1322 2834 φησὶ,
1343 2798 1444 2833 ταύτης
1469 2806 1502 2834 με
1518 2798 1567 2834 τῆς
1591 2797 1706 2832 θλίψεως
1727 2797 1858 2827 ἀπέλυσας

1081 2846 1127 2872 καὶ
1146 2854 1193 2880 της
1217 2846 1343 2881 εἱρκτῆς,
1367 2845 1587 2880 εὐχαριστηρίους
1609 2843 1761 2879 ἀναπέμψω
1780 2842 1857 2878 ᾠδάς.
