1926 3051
62 137 108 164 541

592 135 776 164 EXPOSITIO
795 134 828 162 ΙΝ
849 133 1016 162 PSALMU!
1035 132 1147 161 CXLIII.

1631 128 1684 156 5‘2

67 197 130 232 Ἐμὲ
142 195 327 231 ὑπομένουσι
341 196 446 222 δίκαιοι
462 196 518 229 ἕως
541 194 577 224 οὗ
600 195 774 229 ἀνταποδῷς
783 204 843 230 μοι.

912 203 945 221 rec
958 194 1090 221 retribuas
1110 192 1185 219 mihi.
1211 191 1240 218 Si
1258 198 1300 218 me
1316 190 1415 219 exhinc
1431 188 1570 219 eduxeris.
1585 187 1684 222 inquit,

67 243 127 270 Ἐὰν
140 242 275 279 ἔξαγάγῃς
288 251 331 278 με,
347 242 438 277 φησὶν,
456 242 579 269 ἐντεῦθεν
593 242 778 278 ἀμειψάμενος
793 250 843 277 μου

61 290 109 322 τὰς
123 289 224 324 ἀγαθὰς
240 289 364 325 πράξεις,
386 289 433 315 καὶ
457 289 482 315 οἱ
496 289 584 315 λοιποὶ
596 289 694 315 δίκαιοι
708 289 756 323 ἐμὲ
777 288 843 314 ὑπό-

62 337 156 371 δειγμα
171 336 222 371 πρὸ
236 335 383 371 ὀφθαλμῶν
395 335 517 370 ἔχοντες,
535 335 582 362 καὶ
601 336 633 362 ὲκ
647 335 702 361 τῶν
719 336 779 362 κατ’
795 335 844 370 ἐμὲ

62 382 94 408 τὰ
108 383 166 408 κατ’
179 382 278 413 αὐτοὺς
291 381 549 417 ἁποταμιευόμενοι,
561 381 730 409 ἀποδώσουσι
742 389 782 408 σοι
796 381 845 412 τὰς

62 429 133 460 λιτὰς
147 428 192 455 καί
205 437 246 456 σοι
264 429 511 465 προσδραμοῦνται.

66 483 214 511 ΨΑΔΜΟΣ
231 483 312 518 ᾠδῆς
325 483 365 516 τῷ
381 485 481 517 Δαυῒδ,
497 485 546 511 ὅτε
559 485 738 512 κατεδίωκεν
752 485 845 512 αὑτὸν

187 529 204 555 ὁ
215 528 280 561 υιὸς
291 529 384 556 αὑτοῦ
403 529 602 564 Ἀϐεσσαλώμ.
615 531 707 556 PMB'.

369 575 532 608 Ὑπόθεσις.

64 620 112 646 Καὶ
125 616 199 652 οὗτος
214 621 312 656 ὁμοίαν
333 621 389 656 ἔχει
409 621 456 648 τοῦ
471 621 524 657 πρὸ
544 622 627 648 αὑτοῦ
643 622 691 657 τὴν
706 622 843 650 ὑπόθεσιν.

93 665 204 702 Εὕχεται
226 667 281 704 γὰρ
303 668 356 694 ἀπὸ
373 668 427 694 τῶν
449 668 600 695 διωκόντων
622 669 766 704 ρυσθῆναι“,
781 670 818 701 ὼς
831 671 845 696 ὁ

101 713 255 745 ’Δπόστολὸς
277 722 354 749 φησι.
379 714 506 745 Τυπικῶς
520 714 548 740 δὲ
567 714 654 742 ταῦτα
675 715 773 750 συνέϐη
790 717 845 747 τοῖς

93 757 294 793 ἀρχαιοτέροις’
321 759 430 794 ἐγράφη
450 760 478 786 δὲ
505 760 573 795 πρὸς
596 759 737 787 νουθεσίαν
755 760 843 795 ἡμῶν.

93 802 276 839 Διδασκόμεθα
290 804 378 831 τοίνυν
397 806 425 831 ὲν
437 805 628 840 περιστάσεσιν
644 805 690 831 ἐπὶ
706 805 784 840 μόνον
797 814 846 832 κα-

94 848 233 883 ταφεύγειν
254 849 301 876 τὸν
316 849 391 877 Θεόν.
415 850 513 877 Ίστέον
529 850 557 877 δὲ
572 851 612 877 ὅτι
626 851 790 886 ἀναφέρεται
806 852 846 882 εἰς

93 894 121 920 τὸ
131 895 178 930 τῆς
192 895 402 933 ἀνθρωπότητος
417 897 560 931 πρόσωπον
575 898 592 932 ή
610 897 746 933 προσευχὴ
761 906 846 924 κατα-

93 939 253 976 διωκομὲνης
269 941 318 967 καὶ
334 940 494 977 θλιϐομένης
509 942 560 968 ὑπὸ
573 941 619 968 τοῦ
636 941 846 977 πλεονεκτήσαν-

93 993 134 1016 τος
147 985 261 1017 Σατανᾶ,
278 983 309 1013 οὖ
322 987 368 1013 καὶ
383 987 515 1022 ρυσθῆναι
529 986 639 1022 εὔχεται
655 987 698 1014 διὰ
712 988 760 1023 τῆς
775 996 845 1023 πσρ-

94 1030 178 1061 ουσίας
191 1030 238 1056 τοῦ
255 1031 436 1065 Μονογενοῦς.

94 1077 189 1110 Κύριε,
211 1078 398 1105 εἰσάκουσον
420 1078 476 1113 τῆς
492 1079 666 1114 προσευχῆς
684 1088 755 1114 μου.
779 1080 842 1106 Εἰσ-

66 1123 226 1158 ακουσθῆναι,
237 1124 331 1159 φησὶν,
341 1124 408 1156 ἁξιῶ
418 1124 461 1151 διὰ
468 1125 517 1160 τῆς
531 1125 579 1160 σῆς
589 1125 842 1160 ἀληθεία;.“ομοιον

65 1165 87 1191 δὲ
101 1166 160 1193 ὡσεὶ
173 1167 256 1202 λέγοι·
279 1169 345 1195 "Eoo
365 1178 408 1204 μοι
424 1169 558 1204 ὑπήκοος,
576 1169 620 1196 τὸν
637 1170 777 1206 Μονογενῆ
795 1179 842 1197 σου

66 1211 222 1248 ἀποστεῖλας,
238 1214 268 1246 ὃς
285 1215 358 1242 ἐστιν
370 1215 481 1251 ἀλήθεια
496 1216 542 1242 καὶ
558 1215 725 1251 δικαιοσύνη.

567 1274 657 1309 (Deest
676 1283 761 1302 unum
787 1274 881 1302 folium

100 1318 229 1346 Ἐκάθισέ
248 1329 290 1354 με
313 1321 348 1347 ἐν
368 1321 535 1354 σκοτεινοῖς
550 1321 621 1348 ὡσεὶ
638 1322 763 1356 νεκροὺς
776 1321 844 1348 alt?)-

66 1371 118 1396 νος.
131 1365 239 1393 Σκοτὶαν
254 1367 305 1402 τὴν
319 1367 454 1400 ἀγνωσίαν
465 1368 498 1403 ἣν
514 1367 575 1403 ἔσχε
590 1368 654 1394 ποτὲ
665 1367 748 1404 δηλοῖ.
762 1368 844 1394 Οὐδὲν

66 1409 111 1443 γὰρ
125 1411 287 1448 διεφερόμην
304 1413 413 1449 νεκροῦ.
427 1414 549 1450 Νεκροὺς
566 1415 691 1446 αἰωνίους
714 1415 777 1446 τοὺς
793 1415 845 1441 πά-

65 1455 103 1482 λαι
116 1457 308 1494 εἰδωλολάτρας
323 1460 414 1495 φησιν.

97 1545 168 1579 Ταχὺ
185 1546 371 1574 εὶσάκουσόν
382 1556 452 1587 μου,
465 1547 563 1583 Κύριε,
575 1547 695 1580 ἐξέλιπε
707 1549 738 1576 τὸ
752 1550 841 1577 πνεῦ-

65 1589 100 1622 μά
115 1599 181 1625 μου.
204 1593 248 1619 Ἐν
270 1595 334 1624 ταῖς
358 1594 485 1629 ἐσχάταις
510 1595 711 1630 περιστάσεσιν,
735 1597 843 1624 ἐπειδὰν

68 1635 251 1665 ἀνακινδυνεύει
273 1639 346 1671 τινὸς
367 1641 383 1675 ἠ
402 1640 485 1676 ψυχὴ,
502 1641 636 1677 προσήκει
650 1642 728 1669 τοῦτο
744 1643 843 1678 λέγειν,

67 1681 91 1707 αὑ
111 1683 159 1719 μὴν
179 1686 207 1712 ἐν
225 1686 410 1721 ἀνθρωπίνοις
433 1687 594 1723 πράγμασιν
617 1689 774 1724 ἀναγκαίως
796 1698 844 1716 χε-

67 1729 178 1765 χρῆσθαι.

101 1775 252 1804 Ἀκουστὸν
268 1777 401 1810 ποίησόν
410 1787 460 1813 μοι
475 1778 508 1804 τὸ
532 1779 608 1813 πρωῒ
622 1779 654 1806 τὸ
671 1781 756 1813 ἔλεός
775 1789 843 1808 σου.

69 1818 114 1856 Tir:
135 1823 253 1858 πρωῐνὴν
278 1823 426 1851 ἀνάστασιν
446 1824 494 1850 τοῦ
511 1825 614 1860 Κυρίου
637 1826 728 1860 λέγει·
745 1827 844 1862 ἤτάχα

68 1866 108 1891 καὶ
127 1867 173 1903 τὴν
199 1870 322 1904 πρωῖνὴν
343 1870 491 1896 ἀνάστασιν
512 1870 620 1906 εὔχεται
644 1872 844 1907 παραγενέσθαι

69 1910 184 1946 Χριστοῦ,
197 1914 230 1940 δι’
246 1912 279 1950 ἦ,
298 1915 455 1951 ἐλεούμεοα.

97 1958 244 1993 Γνὼρισόν
255 1970 321 1995 μοι,
338 1961 445 1995 Κύριε,
463 1961 535 1988 ὁδὸν
555 1963 590 1990 ἐν
612 1959 632 1999 ᾗ
651 1963 841 1998 πορεύσομαι.

69 2000 116 2037 Τῆς
131 2005 310 2042 εὐαγγελικῆς
323 2006 493 2039 διδασκαλίας
509 2007 618 2043 εὔχεται
633 2010 733 2043 τυχεῖν.

69 2093 81 2121 ὁ
103 2049 219 2082 ἐξέλου
242 2060 283 2087 με
307 2052 341 2079 ἐκ
358 2052 416 2079 τῶν
439 2053 553 2088 ἐχθρῶν
571 2062 642 2089 μου.
663 2053 723 2081 Τῶν
744 2053 845 2090 νοητῶν

82 2094 184 2121 ηλονότι.

82 2094 185 2130 ηλονότι.

581 2158 642 2194 (Hic
657 2159 755 2187 desunt
770 2159 797 2186 in
817 2159 892 2187 Colb.
905 2159 922 2186 5
933 2159 1056 2195 qumdam
1070 2158 1156 2193 folia.)

183 2204 225 2237 Τῷ
238 2204 329 2232 Δαυῒδ
344 2204 418 2238 πρὸς
431 2204 484 2231 τὸν
496 2205 618 2231 Γολιάθ.
632 2207 726 2232 PMF'.

100 2248 262 2283 Εὐλογητὸς
276 2249 386 2283 Κύριος
401 2251 416 2276 ὁ
430 2250 502 2283 Θεός
514 2259 583 2284 μου.
608 2251 655 2276 Ἐκ
668 2251 844 2286 περιχαρείας

69 2291 95 2319 τὸ
106 2294 249 2330 προοίμιον.
270 2296 301 2322 '0
315 2295 466 2322 διδάσκων
478 2295 531 2328 τὰς
544 2295 644 2330 χεῖράς
655 2305 714 2331 μου
732 2297 776 2328 εὶς
790 2304 844 2323 πα-

67 2338 188 2372 ράταξιν.
203 2342 305 2377 Χεῖρας
321 2342 370 2374 τὰς
392 2342 504 2377 πράξεις
526 2343 608 2377 φησὶν
627 2341 696 2368 εἶναι
709 2342 758 2374 τὰς
774 2342 844 2369 κατὰ

71 2383 209 2413 θεοσέϐειαν
217 2388 376 2423 γενομένας,
388 2388 420 2414 δι’
428 2385 464 2414 ὧν
476 2387 646 2423 πολεμοῦμεν
658 2388 703 2415 τὸν
712 2389 842 2415 Σατανᾶν.

102 2431 259 2467 Ἀνθρωπος
278 2435 451 2469 ματαιότητι
471 2434 614 2469 ὡμοιώθη.
637 2435 770 2467 Ἕκαστος
789 2435 844 2462 τῶν

72 2475 206 2512 ἀνθρώπων
219 2480 259 2516 τῷ
272 2481 367 2516 κόσμῳ
377 2481 463 2516 τούτῳ
474 2480 612 2516 ὡμοιώθη.

104 2524 268 2561 Ἀστραψον
286 2527 456 2562 ἀστραπὴν,
482 2527 531 2554 καὶ
551 2527 703 2562 caepa/sic
722 2528 841 2560 αὐτούς.

78 2566 216 2606 ’Ᾱπραπὴν
231 2573 261 2598 τὸ
274 2573 450 2607 εὐαγγελικὺν
466 2573 597 2608 κήρυγμά
610 2581 701 2608 φησιν.

109 2613 330 2646 ἐξαπόστειλον
350 2618 408 2652 τὴν
422 2618 506 2652 χεῖρά
527 2626 585 2645 σου
605 2618 640 2650 ἐξ
661 2619 775 2652 ὕψους·
794 2618 843 2650 ἐξ-

73 2656 136 2686 έλου
145 2670 188 2695 με,
200 2664 350 2698 καὶ.ρῦσαί
360 2674 398 2700 με
407 2665 442 2696 ἐξ
457 2665 573 2692 ὑδάτων
588 2664 721 2697 πολλῶν,
736 2665 769 2692 ἐκ
783 2673 842 2698 χει-

70 2702 118 2736 ρὸς
132 2706 199 2734 vitiiv-
212 2709 385 2744 ἀλλοτρίων,
401 2707 456 2737 Ὧν
469 2710 503 2736 τὸ
522 2711 619 2745 στόμα
639 2711 773 2743 summa
787 2718 844 2744 μα-

74 2751 224 2786 ταιότητος.
245 2755 304 2782 Τῶν
321 2755 584 2791 περικυκλωσάντων
608 2756 681 2791 ἡμᾶς
706 2756 842 2791 λογισμῶν

76 2793 121 2822 ὑπὸ
133 2799 178 2832 τῆς
197 2799 248 2827 τῶν
269 2801 401 2837 δαιμόνων
418 2802 571 2837 ἐπιϐουλῆς.
588 2803 622 2829 Ἣ
637 2802 684 2829 καὶ
702 2802 783 2829 ὕδατα
797 2802 843 2830 τὸν

75 2838 123 2866 τῶν
142 2842 268 2872 Ἰουδαίων
282 2847 348 2882 φησὶ
368 2847 431 2874 λαὸν
448 2847 493 2874 τὸν
507 2847 683 2875 κυκλώσαντα
698 2847 760 2880 τοὺς
776 2849 842 2875 ἁπο-

896 240 923 267 ἱιι
940 240 1092 268 mercedem
1115 239 1248 266 bonorum
1264 244 1388 272 operum.
1402 235 1499 270 reliqui
1511 234 1579 270 justi
1599 241 1641 261 me
1657 233 1685 260 in

896 286 1052 320 exemplum
1069 292 1125 320 prae
1139 284 1226 311 oculis
1238 283 1380 314 habentes,
1395 286 1422 309 et
1439 289 1473 309 ex
1487 281 1521 308 iis
1537 287 1598 315 qua:
1615 278 1685 307 mihi

895 332 1069 366 contigerunt
1087 338 1148 365 qua!
1171 330 1243 364 ipsos
1267 332 1390 363 spectant
1406 335 1498 355 secum
1516 330 1683 360 reputantes,

897 378 1110 413 supplicationes
1123 376 1234 404 oﬂ'erent
1249 375 1297 402 tibi
1310 379 1337 402 et
1353 374 1386 401 ad
1399 379 1425 401 te
1439 378 1595 401 accurrent.

896 487 923 514 I.
946 484 1118 513 PSALMUS
1132 485 1229 511 cantici
1249 485 1346 516 David,
1362 481 1466 519 quando
1481 487 1684 517 persequentur

1002 539 1060 558 eum
1085 530 1237 558 Abessalon;
1265 530 1337 565 ﬁlius
1364 529 1432 564 ejus.
1459 527 1575 556 CXLII.

1189 578 1387 612 Argumentum.

899 625 1002 653 Similis
1030 624 1185 659 argumenti
1212 631 1274 650 cum
1303 623 1394 657 priore
1418 625 1460 648 est
1479 620 1523 648 hic
1547 619 1681 655 psalmus.

932 671 1020 705 Rogat
1049 670 1122 698 enim
1150 670 1259 696 liberari
1288 676 1303 695 ιι
1330 666 1566 703 persequentibus,
1593 669 1625 692 ut
1645 666 1684 692 ait

931 717 1089 752 Apostolus.
1114 715 1241 750 Figurate
1261 720 1352 742 autem
1374 714 1468 741 isthmc
1482 711 1684 747 antiquioribus

931 762 1077 796 contigere,
1099 761 1255 795 scriptaque
1280 764 1344 787 sunt
1367 758 1400 786 ad
1423 757 1602 785 munitionem
1631 765 1683 784 no-

938 812 1036 835 stram.
1059 807 1195 834 Docemur
1219 807 1313 841 itaque
1334 805 1360 833 in
1381 805 1571 833 occasionibus
1590 803 1623 831 ad
1640 812 1683 831 so-

939 854 996 881 lum
1030 853 1115 880 Deum
1143 852 1300 888 confugere.
1334 851 1480 879 Sciendum
1513 854 1603 877 autem
1629 853 1682 883 est,

943 900 1097 927 orationem
1112 899 1209 927 referri
1228 899 1261 926 ad
1278 906 1421 933 personam
1438 898 1564 925 humana:
1577 901 1683 924 natum

938 947 1048 981 agitata:
1065 950 1091 973 et
1108 946 1213 973 alllictaa
1235 946 1269 972 ab
1297 949 1440 981 arrogante
1462 944 1508 971 illo
1530 942 1642 976 Satana,
1666 951 1683 970 ιι

937 1001 992 1028 quo
1008 1000 1056 1027 per
1072 991 1207 1027 Unigeniti
1224 992 1370 1019 adventum
1389 990 1485 1018 redimi
1505 997 1536 1017 se
1551 989 1681 1024 postulat.

931 1079 958 1106 2.
991 1079 1120 1112 Domine,
1148 1079 1245 1106 exaudi
1270 1079 1413 1106 orationem
1436 1087 1530 1106 meam.
1552 1077 1682 1105 Exaudiri

896 1133 949 1158 me,
974 1125 1072 1160 inquit,
1098 1126 1205 1160 postulo
1232 1133 1278 1160 per
1296 1126 1437 1153 veritatem
1455 1129 1541 1152 tuam.
1566 1124 1683 1152 Perinde

895 1177 986 1199 autem
1000 1176 1042 1199 est
1059 1179 1090 1198 ac
1105 1172 1127 1198 si
1144 1171 1261 1198 diceret:
1278 1171 1382 1203 Exaudi
1399 1179 1452 1203 me.
1470 1172 1600 1206 mitteque
1615 1170 1683 1198 Uni-

896 1217 1016 1252 genitum
1031 1222 1118 1250 tuum,
1135 1217 1182 1252 qui
1198 1221 1241 1244 est
1260 1217 1359 1244 veritas
1377 1221 1404 1244 et
1416 1217 1534 1252 iustitia.

907 1275 934 1302 in
955 1275 1032 1302 Colb.
1055 1275 1073 1302 2
1089 1279 1116 1303 et
1135 1275 1173 1310 5.)

931 1323 957 1350 5.
988 1323 1131 1350 Collocavit
1161 1331 1200 1349 me
1225 1323 1253 1349 in
1278 1322 1396 1349 obscuris
1415 1325 1482 1348 sicut
1500 1324 1617 1347 mortuos
1631 1328 1680 1347 ειε-

899 1370 964 1398 culi.
979 1369 1030 1397 Per
1048 1370 1240 1397 obscuritatem
1256 1369 1357 1396 indicat
1374 1367 1564 1403 ignorantiam,
1583 1367 1609 1393 in
1628 1373 1683 1401 qua

895 1417 960 1444 olim
977 1417 1144 1443 versabalur.
1169 1415 1240 1442 Nihil
1263 1416 1347 1448 enim,
1370 1414 1467 1450 inquit,
1492 1414 1649 1441 dill'erebam
1665 1422 1681 1439 a

896 1468 1016 1491 mortuo.
1044 1463 1166 1490 Mortuus
1193 1462 1297 1495 szeculi,
1323 1466 1402 1488 vocat
1431 1461 1590 1488 idololatras
1620 1460 1683 1487 illos

895 1515 1010 1536 veteres.

932 1555 956 1581 7.
991 1554 1223 1581 Velociterexaudi
1244 1563 1294 1585 me.
1317 1553 1436 1585 Domine,
1456 1553 1550 1588 defecit
1570 1553 1682 1588 spiritus

895 1609 977 1628 meus.
1005 1600 1033 1628 In
1064 1601 1209 1636 postremis
1235 1600 1425 1627 occasionibus
1453 1599 1563 1634 quando
1587 1599 1677 1633 cujus-

896 1647 968 1682 piam
988 1646 1078 1674 anima
1102 1646 1269 1681 periclitatur
1284 1646 1308 1673 id
1323 1645 1449 1673 convenit
1465 1645 1572 1677 dicere;
1593 1651 1682 1678 neque

895 1697 984 1720 tamen
1010 1693 1037 1720 in
1058 1693 1186 1720 humanis
1198 1692 1314 1727 negotiis
1330 1692 1363 1719 iis
1384 1691 1422 1718 uti
1438 1698 1548 1718 necesse
1564 1694 1614 1717 est.

931 1780 957 1807 8.
987 1780 1113 1806 Auditam
1132 1779 1175 1814 fac
1193 1779 1257 1806 milii
1278 1787 1354 1805 mane
1370 1778 1580 1805 misericordiam
1596 1782 1680 1805 tuam.

896 1824 1056 1851 Matutinam
1080 1824 1187 1851 Domini
1211 1825 1439 1851 resurrectionem
1454 1823 1610 1856 signiﬁcat:
1634 1827 1682 1849 aut

896 1870 1013 1897 fortasse
1037 1873 1114 1904 rogat
1138 1869 1266 1896 advenire
1283 1869 1443 1896 matutinum
1464 1868 1565 1895 Christi
1590 1876 1682 1895 resur-

896 1917 1056 1949 rectionem,
1086 1923 1140 1950 qua
1157 1915 1373 1942 misericordiam
1401 1914 1541 1941 consecuti
1573 1921 1680 1941 sumus.

932 1961 1033 1988 Natant
1046 1961 1088 1996 {ac
1103 1962 1177 1993 mihi,
1192 1961 1312 1991 Domine.
1330 1961 1398 1987 vium
1420 1962 1447 1987 in
1467 1969 1519 1995 qua
1539 1960 1679 1987 ambulent.

897 2006 1086 2041 Evangelicam
1108 2005 1260 2032 doctrinam
1278 2005 1406 2039 consequi
1425 2008 1510 2039 rogat.

931 2053 956 2080 9.
976 2053 1057 2087 Eripe
1079 2060 1118 2079 me
1135 2052 1166 2078 de
1188 2051 1303 2078 inimici:
1327 2051 1401 2077 meis.
1430 2048 1623 2085 Spiritualihus
1638 2049 1680 2075 vi-

895 2100 1003 2130 delicet.

1009 2204 1106 2232 Dacidi
1131 2204 1256 2230 adversus
1284 2202 1400 2230 Goliam.
1431 2201 1553 2229 CXLIII

931 2251 957 2278 I.
981 2250 1138 2278 Benedictus
1156 2250 1283 2277 Dominus
1307 2249 1377 2276 Deus
1404 2257 1487 2276 meus.
1514 2248 1553 2275 Ex
1582 2249 1681 2284 gaudio

896 2298 949 2325 tale
975 2298 1137 2332 proemium
1160 2296 1302 2324 emittitur.
1322 2296 1374 2328 Qui
1399 2294 1473 2322 docet
1497 2303 1590 2322 manus
1609 2303 1680 2322 mem

897 2344 931 2370 ad
948 2344 1080 2379 prwlium.
1106 2343 1203 2370 Manus
1220 2347 1299 2370 vocat
1314 2350 1395 2376 opera
1420 2349 1482 2369 cum
1499 2341 1597 2376 pietate
1615 2348 1680 2376 erga

898 2390 980 2417 Deum
997 2390 1077 2423 facta,
1090 2397 1138 2424 per
1152 2397 1212 2423 qum
1231 2389 1358 2415 Satanam
1370 2389 1574 2423 impugnamus.

929 2437 957 2464 5.
985 2436 1070 2463 IIomo
1084 2436 1197 2463 vatiitati
1219 2435 1314 2462 similis
1337 2435 1423 2470 {actus
1438 2441 1485 2462 est.
1502 2435 1607 2470 Singuli
1631 2434 1680 2461 h0-

894 2483 982 2510 mines
1001 2483 1063 2509 huic
1078 2482 1179 2509 mundo
1199 2481 1300 2508 similes
1315 2485 1388 2508 sunt.

929 2529 955 2557 6.
999 2529 1120 2564 Fulgura
1153 2529 1376 2558 coruscatioucm,
1402 2532 1426 2554 et
1453 2528 1596 2562 dissipabit
1623 2534 1678 2554 eos.

895 2575 998 2610 Fulgur
1010 2578 1089 2601 vocat
1106 2574 1288 2608 evangelica")
1306 2573 1536 2607 praedicationem.

929 2619 955 2646 7.
985 2618 1085 2646 Emitte
1101 2627 1208 2645 manum
1234 2624 1306 2645 tuam
1322 2617 1353 2645 de
1373 2618 1438 2650 alto,
1456 2618 1526 2652 eripe
1542 2625 1581 2644 me
1599 2621 1624 2643 et
1644 2617 1680 2643 li-

893 2664 955 2691 bera
969 2672 1008 2690 me
1028 2664 1060 2690 da
1076 2664 1150 2699 aquis
1168 2663 1269 2696 multis,
1287 2664 1319 2690 de
1343 2672 1423 2690 manu
1441 2663 1557 2698 ﬁliorum
1575 2662 1677 2688 alieno-

894 2718 962 2736 rum.
988 2708 1107 2741 Qitorum
1135 2717 1163 2736 os
1187 2709 1309 2736 locutum
1335 2714 1373 2736 est
1398 2709 1535 2736 vanitates.
1558 2706 1619 2741 Agit
1644 2707 1678 2734 de

893 2755 1104 2791 cogitationibus
1124 2763 1185 2790 quae
1204 2763 1238 2782 ex
1255 2755 1407 2782 daemonum
1430 2752 1535 2780 insidiis
1557 2759 1607 2778 nos
1623 2751 1678 2778 cir-

893 2802 1066 2829 cumsistunt.
1089 2802 1141 2829 Aut
1155 2801 1222 2829 forte
1240 2809 1325 2836 aquas
1337 2800 1401 2827 dicit
1416 2799 1570 2826 Iudaeorum
1588 2805 1677 2832 popu-

894 2849 948 2875 lum
971 2847 1018 2882 qui
1042 2847 1228 2875 circumdabat
1255 2846 1402 2881 apostolos.
1431 2849 1460 2872 ut
1485 2843 1623 2871 cohiberet
1645 2849 1677 2870 ac
