1926 3051
63 142 117 170 555

100 201 169 229 Καθ’
182 200 318 234 ἑκάστην
335 208 451 235 ημεραν
466 201 623 235 εὐλογήσω
634 209 681 228 σε.
691 202 773 238 Ἀρχη
787 203 852 238 παρ’
869 211 891 234 Α

68 247 205 282 Ἑϐραίοις
224 246 272 273 τοῦ
288 246 421 282 παρόντος
438 245 529 281 στίχου
551 245 581 272 τὸ
596 246 667 281 Βήθ.
685 247 809 274 Διδάσκει
825 248 853 275 δὲ

61 292 102 323 ὡς
115 291 146 319 οὐ
158 291 220 326 μίαν
233 291 341 326 ἡμέραν
353 291 569 326 παραπεμπτέον
584 291 676 326 ὓμνων
687 293 853 329 χωρίς.”ολῃ

65 339 117 373 μὲν
131 336 176 365 οὖν
187 338 259 373 ψυχῇ
274 338 321 364 καὶ
338 336 441 371 διανοίᾳ
454 336 537 370 ὑψοῦν
552 337 592 363 δεῖ
614 338 660 364 καὶ⁸
673 338 792 372 εὐλογεῖν
808 339 852 366 τὸν

62 384 131 411 θεόν
141 392 147 398 ·
161 383 190 410 τὺ
204 384 290 418 δνομα
304 382 331 409 δὲ
344 382 426 409 αὑτοῦ
438 382 557 414 δοξάζειν
575 382 681 418 θνητοῖς
696 383 808 419 ὀνόμασί
822 393 851 411 τε

62 430 112 456 καὶ
127 430 256 465 ῥήμασιν.

99 476 194 503 Γενεὰ
216 475 267 502 καὶ
291 475 378 510 τενεὰ
400 475 550 502 ἐπαινέσει
565 475 600 502 τὰ
620 475 691 511 ἔργα
711 483 779 502 σου.
794 475 849 512 Τὴν

60 522 224 558 ἀμφοτέρων
239 522 306 557 φησὶ
318 521 389 548 λαῶν
403 521 579 556 συναχθεῖσαν
598 521 761 556 Ἐκκλησίαν
775 521 805 548 ἐκ
818 530 848 548 τε

60 568 116 595 τῶν
130 569 162 594 ὲκ
176 567 326 603 περιτομῆς
346 567 392 593 καὶ
404 566 457 592 τῶν
472 566 501 600 ἐξ
514 566 608 593 ἐθνῶν.
614 567 702 602 Ἔργα
713 567 741 593 δὲ
754 567 846 600 αὐτοῦ,

59 614 78 641 ἃ
96 614 241 648 πεποίηται
266 613 296 639 ὲν
317 614 351 648 τῇ
376 612 507 647 ἐπιδημίᾳ
533 611 599 647 φησι
611 620 617 627 ·
631 612 806 647 πολυτρόπως
821 612 849 639 δὲ

59 660 132 686 αὐτὰ
155 660 251 695 ὑμνεῖ·
268 659 392 694 δύναμιν,
408 658 455 685 καὶ
471 657 715 694 μεγαλοπρέπειαν,
737 659 784 684 καὶ
806 658 850 685 δό-

60 704 120 737 ξαν,
143 704 190 731 καὶ
204 703 368 738 ἁγιωσύνην,
383 703 429 730 καὶ
451 703 601 738 θαυμάσια·
621 703 667 729 καὶ
679 703 758 730 πάλιν
770 703 849 730 δύνα-

61 760 109 786 μιν
123 752 171 778 καὶ
187 750 379 786 μεγαλωσύνην
393 750 439 776 καὶ
453 749 634 786 χρηστότητα,
649 749 696 776 κςιῖ⁵
712 749 847 776 δικαιοσύ-

59 806 109 832 νην
122 797 169 824 καὶ
183 797 340 833 οἰκτιρμοὺς
354 796 573 832 προσαγορεύων.

594 140 775 169 EXPOSlTIO
793 141 828 169 IN
847 141 1011 170 PSALMUM
1031 143 1144 172 CXLVI.

1631 144 1682 173 545

939 204 964 231 2.
984 204 1038 231 Per
1059 205 1174 240 singulos
1198 205 1252 232 dies
1276 205 1425 232 benetlicam
1450 204 1506 232 tibi.
1527 204 1604 240 Apud
1631 204 1683 233 ile-

901 248 988 277 brzros
1011 249 1117 276 initium
1141 250 1281 284 praesentis
1303 249 1428 276 versiculi
1452 255 1493 277 est
1506 249 1580 277 Belli.
1600 249 1683 278 Doect

900 297 1001 326 autem,
1018 293 1117 320 nullam
1141 301 1201 321 esse
1224 293 1294 320 diem
1318 294 1419 328 absque
1440 294 1548 329 hymnis
1571 299 1683 328 prmter-

900 339 1068 366 mittendam.
1083 338 1150 366 Tota
1166 339 1248 374 igitur
1262 340 1364 371 anima,
1382 345 1438 366 tota
1450 345 1549 374 tuente,
1562 341 1684 368 exaltare

899 383 995 415 Deum.
1015 389 1041 411 et
1067 385 1226 412 benedicere
1250 385 1288 412 illi
1312 390 1428 420 oportet,
1447 394 1600 422 nomenque
1623 388 1683 421 ejus

901 429 1050 464 gloriﬁcare
1065 430 1226 458 mortalibus
1242 431 1397 458 nominibus
1412 437 1492 465 atque
1505 432 1605 459 verbis.

936 474 962 502 4.
984 474 1122 502 Gener-alio
1136 480 1159 502 et
1173 476 1305 510 generatio
1323 476 1442 503 laudabit
1460 485 1538 510 opera
1559 482 1614 510 tua,
1628 481 1680 504 etc.

900 519 1047 547 Ecelesiam
1063 521 1101 548 ait
1115 529 1147 549 ex
1163 522 1294 549 ambobus
1310 522 1417 556 populis
1432 527 1632 557 congregatam,
1648 530 1680 549 cx

900 566 1106 594 circumcisione
1130 567 1232 594 scilicet
1254 572 1281 594 et
1302 575 1334 594 ex
1360 568 1493 602 gentibus.
1514 567 1579 603 Ejus
1593 573 1681 595 autem

899 618 980 646 opera
998 616 1090 639 narrat
1104 621 1165 646 qua:
1180 613 1206 639 in
1222 613 1337 640 adventu
1362 621 1412 640 suo
1435 613 1498 640 fecit
1516 613 1683 648 :multisque

900 658 988 686 modis
1010 666 1042 686 ea
1065 659 1195 691 celebrat,
1208 659 1346 691 virtutem,
1362 659 1602 694 magniﬁcentiam,
1625 659 1682 693 glo-

899 703 979 736 riam,
997 704 1177 736 sanctitatem,
1191 709 1218 732 et
1241 705 1374 732 mirabilia
1400 705 1508 738 dicens,
1524 713 1556 733 ac
1571 713 1681 733 rursum

899 749 1036 781 virtutem.
1063 750 1288 785 magnitudinem,
1313 751 1483 785 suavitatem,
1507 751 1639 784 justitiam
1655 755 1682 778 et

900 794 1098 822 miserationes.

573 843 695 878 (desunt
709 842 831 878 quaedam
849 841 912 868 l'olia
926 840 953 867 in
970 840 1022 868 line
1038 841 1062 868 in
1079 840 1110 868 C.
1126 840 1164 870 5.)

94 889 150 917 Kal
173 889 232 924 τὴν
258 889 386 924 δύναμιν
409 888 470 916 τῶν
494 889 626 924 φοϐερῶν
650 898 708 917 σου
731 886 844 924 ὲροῦσιζ

931 888 957 915 6.
979 887 1012 914 Et
1036 889 1160 915 virtutem
1183 888 1341 915 terribilium
1367 893 1471 915 tuorum
1495 888 1590 915 dicent.
1611 889 1678 916 Cum

58 936 222 973 Πρακτικῶς
245 935 336 971 ἐροῦσι
353 935 400 962 καὶ
416 935 484 970 μετὰ
498 935 577 971 ὀρθοῦ
593 936 772 972 φρονήματος.
784 933 845 962 οἷόν

58 983 117 1008 ἐστι
127 991 134 997 ·
152 980 282 1015 Φοόερὸν·
304 980 338 1007 τὸ
357 980 499 1014 ἐμπεσεῖν
516 981 559 1013 εἰς
576 981 677 1015 χεῖρας
689 981 762 1008 Θεοῦ
779 980 848 1011 ζῶν-

58 1037 118 1061 τος.
142 1027 198 1054 Καὶ
216 1026 445 1058 τὺ,Ἁλα.λάξατε
465 1025 526 1058 Θεῷ
546 1026 580 1052 ἐν
602 1026 687 1060 φωνῇ
703 1026 845 1060 ἀγαλλιά-

56 1082 150 1106 σεως·
176 1072 220 1099 ὅτι
243 1071 351 1106 Κύριος
372 1072 501 1106 ὕψιστος
525 1072 659 1106 φοϐερός.
681 1071 772 1098 Ταῦτα
792 1071 846 1107 γὰρ

57 1119 150 1155 ἐροῦσι
168 1119 201 1145 δι’
216 1118 299 1145 αὑτοῦ
314 1118 360 1144 τοῦ
375 1117 514 1153 φοϐεῖσθαι
529 1118 575 1144 καὶ
588 1118 668 1150 σέϐας
682 1117 752 1153 ἔχειν
767 1117 843 1144 Θεοῦ.

56 1165 238 1200 Διηγήσονται
253 1163 282 1189 δὲ
296 1162 343 1190 καὶ
357 1162 393 1194 ὡς
410 1162 497 1198 πέρας
512 1162 562 1189 οὐκ
577 1161 690 1197 ἔχουσαν
704 1162 784 1189 αὐτοῦ
797 1163 846 1198 τὴν

58 1208 266 1244 μεγαλωσύνην,
282 1209 313 1235 οὐ
333 1207 551 1244 περιγράψαντες
561 1207 670 1242 γνώσει,
684 1208 742 1234 ἀλλ’
754 1208 791 1240 ὡς
804 1207 846 1236 οὗ·

56 1264 106 1282 σαν
132 1254 342 1290 ἀκατάληπτον·
371 1254 450 1289 μόνος
465 1253 519 1288 γὰρ
543 1254 557 1280 ό
577 1254 640 1285 Υἱὸς
654 1254 780 1287 γινώσκει
799 1254 845 1281 τὸν

56 1301 177 1336 Πατέρα,
195 1300 242 1326 καὶ
260 1301 275 1326 ὁ
296 1299 389 1335 Πατὴρ
403 1299 449 1326 τὸν
465 1299 537 1326 Υἰόν.
556 1300 586 1325 El
598 1299 627 1326 δὲ
640 1300 687 1326 καὶ
704 1299 844 1326 ἀποκαλύ-

55 1356 118 1373 πτει
138 1347 183 1373 τὸν
200 1346 309 1381 Πατέρα
332 1342 372 1376 οἷς
394 1345 526 1380 βούλεται,
541 1344 597 1371 ἀλλ’
612 1343 658 1371 οὖν
679 1345 716 1377 ὡς
736 1345 843 1379 ἐφικτὸν

53 1393 179 1427 γενητοῖς
195 1391 269 1424 ἰδεῖν,
285 1390 355 1417 κατὰ
371 1390 515 1424 ἀναλογίαν
529 1388 562 1426 ἦς
574 1399 615 1422 τις
630 1391 685 1426 ἔχει
700 1399 844 1427 προπαρα-

54 1439 169 1473 σκευῆς.

87 1483 220 1518 Μνήμην
241 1483 295 1510 τοῦ
319 1483 455 1515 πλήθους
479 1481 533 1516 τῆς
552 1482 757 1516 χρηστότητός
784 1489 842 1510 σου

52 1529 271 1564 ὲξερεύξονται.
289 1528 422 1571 Πᾶσιχμὲν
437 1527 526 1559 αὐτὸς,
543 1527 590 1553 ἅτε
599 1527 663 1559 Θεὸς
679 1527 717 1554 ὢν
730 1528 840 1562 ἀγαθὸς,

896 934 974 961 bonis
994 934 1121 968 operibus
1139 934 1174 961 ita
1193 934 1347 968 loquentur,
1361 939 1387 961 et
1400 942 1461 962 cum
1481 939 1554 962 recta
1569 941 1679 962 senten-

897 980 942 1006 tia.
957 978 1041 1012 Quale
1054 984 1095 1006 est
1113 979 1177 1006 illud
1196 988 1203 1006 :
1224 979 1350 1006 Terribile
1362 984 1399 1006 est
1412 979 1526 1005 incidere
1543 979 1571 1005 in
1587 987 1679 1005 manus

896 1024 944 1051 Dei
968 1025 1074 1051 viventis
1084 1026 1104 1051 ⁵.
1122 1024 1154 1051 ΕΙ.
1171 1024 1236 1051 illud
1251 1024 1387 1052 :Jubilate
1400 1020 1459 1051 Deo.
1469 1026 1496 1051 in
1510 1032 1568 1051 voce
1588 1024 1678 1051 exsul-

896 1070 1003 1097 tationis
1017 1078 1026 1097 :
1039 1070 1161 1105 quoniam
1176 1069 1302 1097 Dominus
1315 1070 1432 1097 excelsus
1448 1069 1572 1097 terribilis
1579 1070 1600 1098 '.
1616 1069 1678 1097 Haec

894 1116 966 1143 enim
983 1116 1073 1143 dicent
1088 1116 1159 1150 quod
1176 1116 1288 1143 timeant
1301 1121 1327 1144 et
1340 1116 1475 1143 honorent
1498 1115 1591 1143 Dcum.
1608 1115 1678 1143 Νη*-

894 1162 993 1190 rabunt
1017 1166 1107 1189 autem
1122 1162 1181 1196 ejus
1197 1161 1422 1197 magnitudinem,
1439 1166 1531 1197 utputc
1549 1169 1610 1197 quae
1625 1166 1674 1189 ter-

894 1208 997 1234 minum
1013 1215 1066 1234 non
1082 1207 1189 1240 habeat,
1207 1215 1260 1234 non
1276 1207 1527 1234 circumscribcntes
1549 1215 1608 1234 eam
1629 1214 1678 1234 co-

894 1253 1013 1288 gnitione
1028 1261 1088 1284 sua,
1107 1253 1153 1280 sed
1179 1257 1209 1279 ut
1224 1252 1524 1287 incomprehensibilem
1542 1251 1610 1287 (52).
1627 1250 1678 1278 So-

894 1300 936 1327 lus
961 1307 1078 1334 namque
1102 1298 1187 1326 Filius
1212 1298 1351 1333 cognoscit
1367 1297 1481 1331 Patrem,
1497 1303 1522 1325 ct
1538 1296 1618 1325 Pater
1633 1297 1678 1323 Fi-

894 1344 969 1371 lium.
986 1343 1097 1371 Etiamsi
1115 1352 1178 1370 vero
1196 1343 1300 1370 Patrem
1317 1342 1471 1370 manil'cslct
1484 1343 1584 1377 quibus
1598 1343 1678 1376 vult,

893 1393 920 1417 at
933 1395 963 1417 ut
977 1390 1092 1424 opiliciis
1104 1389 1233 1425 possibile
1252 1393 1293 1417 cst
1309 1389 1396 1424 ipsum
1413 1388 1513 1421 videre,
1529 1388 1619 1415 habita
1633 1395 1677 1414 ta-

892 1435 967 1463 tione
984 1435 1189 1471 prteparalionis
1203 1435 1335 1470 cujusque
1347 1435 1477 1462 hominis.

929 1481 954 1508 7.
977 1481 1132 1508 Memoriam
1155 1481 1326 1508 abundantiw
1347 1481 1485 1508 suavitatis
1501 1485 1553 1508 tua:
1573 1485 1678 1508 eruet/ip

894 1527 966 1554 bunt.
984 1526 1114 1555 Omnibus
1136 1527 1193 1562 ipse
1218 1527 1386 1559 hominibus,
1414 1532 1507 1562 utpote
1533 1527 1580 1562 qui
1606 1527 1676 1554 Dens

52 1575 201 1602 ἐπιδέδωκε
223 1574 273 1610 τὴν
297 1564 476 1609 χρηστότητα,
491 1572 538 1600 καὶ
560 1573 688 1608 οἰκτείρει
703 1573 791 1600 πάντα
808 1573 842 1600 τὰ

903 1579 981 1599 ionus
995 1573 1040 1604 sit,
1055 1573 1214 1600 suavitatem
1239 1580 1318 1600 suam
1340 1572 1499 1607 impertivit,
1518 1577 1545 1599 et
1559 1573 1676 1600 miseru-

52 1621 123 1656 ἔργα
144 1619 236 1647 αὑτοῦ.
251 1619 384 1652 Σώζονται
404 1619 432 1645 δὲ
451 1619 475 1645 οἳ
491 1618 540 1653 τῆς
565 1618 747 1654 χρηστότητος
762 1618 842 1645 αὑτοῦ

53 1664 202 1692 ἁὴολαύειν
216 1663 362 1691 ἐθέλουσιν.

317 1711 423 1737 ΨΑΛΜ
425 1708 472 1737 ΟΣ
490 1710 542 1735 ΡΜ
544 1710 584 1736 E'.

88 1756 184 1788 Αινει,
205 1755 224 1789 ἠ
247 1753 332 1788 ψυχή
351 1763 422 1788 μου,
443 1753 496 1780 τὸν
512 1752 635 1788 Κύριον·
655 1753 766 1780 αἰνέσω
790 1753 844 1780 τὸν

56 1801 169 1836 Κύριον
185 1801 220 1827 ὲν
232 1799 268 1834 τῇ
284 1799 340 1834 ζ’ωῇ
350 1808 421 1834 μου.

96 1848 143 1874 Ἑν
153 1847 255 1880 ἐκείνῃ
270 1845 307 1879 τῇ
320 1845 413 1880 ἡμέρᾳ
425 1844 610 1872 ἀπολοῦνται
623 1843 732 1878 πάντες
743 1846 769 1872 οὶ
782 1844 843 1872 διαμ

55 1893 194 1928 λογισμοὶ
210 1891 366 1920 αὑτοῦ,¹Εν
388 1891 427 1926 τῷ
448 1890 536 1927 καιρῷ
555 1891 602 1917 τοῦ
625 1890 751 1922 θανάτου,
765 1892 840 1928 φησὶ,

55 1940 142 1966 πάντα
160 1938 211 1964 ὅσα
227 1937 374 1973 ἐφρόνησεν
391 1937 547 1971 ἡχήσονται,
565 1937 612 1963 καὶ
627 1936 702 1963 οὐδὲν
717 1936 791 1964 ἔσται
805 1934 842 1964 ὧν

55 1984 218 2018 ἐφαντάζετο
234 1983 281 2009 ὲπ).
296 1982 357 2017 γῆς.

90 2029 215 2056 Διὸόντα
232 2026 348 2061 τροφὴν
362 2025 424 2059 τοῖς
437 2025 570 2053 πεινῶσι.
587 2027 778 2064 Πνευματικὴν
793 2027 841 2064 δη-

55 2077 140 2104 λονότι
153 2078 210 2108 τοῖς
226 2074 373 2110 λιμώξουσι
391 2074 490 2107 παντὸς
507 2074 619 2109 ἀγαθοῦ.

172 2152 175 2155 _
316 2121 469 2147 ΨΑΛΜΟΣ
485 2121 583 2153 ΡΜςε

89 2167 203 2195 Αἰνεῖτε
230 2167 283 2194 τὸν
308 2167 427 2200 Κύριον,
452 2166 495 2193 ὅτι
518 2167 628 2201 ἀγαθὸν
650 2168 779 2202 ψαλμός.
797 2168 842 2195 Ἐν

895 1623 938 1646 tur
951 1618 1135 1653 omnia-opera
1155 1627 1215 1646 sua.
1231 1618 1350 1646 Salutem
1367 1623 1457 1646 autern
1472 1624 1678 1653 consequuntur

894 1666 939 1700 qui
951 1666 1084 1693 suavitate
1100 1665 1159 1700 ejus
1172 1665 1225 1692 frui
1239 1665 1343 1692 volunt.

1132 1711 1301 1739 PSALMUS
1322 1711 1431 1739 CXLV.

929 1757 953 1784 Ι.
976 1757 1078 1789 Lauda,
1094 1758 1184 1784 anima
1198 1766 1266 1790 mea,
1283 1757 1442 1789 Demittunt;
1455 1757 1569 1784 laudabo
1586 1757 1676 1785 Domi-

893 1810 955 1829 num
967 1803 993 1829 in
1004 1804 1057 1830 vita
1071 1811 1136 1829 utea.

927 1848 954 1876 4.
976 1847 1008 1874 In
1025 1848 1072 1874 illa
1095 1848 1136 1874 die
1148 1847 1268 1882 peribunt
1285 1855 1372 1874 omnes
1393 1847 1562 1882 cogitationes
1573 1855 1673 1874 eorum.

894 1893 921 1920 In
936 1893 1002 1921 hora
1018 1895 1123 1926 mortis,
1138 1893 1235 1928 inquit,
1253 1894 1345 1920 omnia
1362 1894 1476 1928 cogitata
1489 1893 1548 1928 ejus
1565 1893 1674 1928 publica

893 1940 966 1970 ﬁent.
984 1947 1034 1967 nec
1057 1939 1192 1967 occultum
1217 1939 1269 1967 erit
1293 1939 1431 1974 quidpiam
1459 1947 1554 1966 eorum
1571 1947 1632 1974 qua:
1645 1939 1672 1966 in

893 1991 962 2014 terra
977 1986 1113 2021 cogitavit.

927 2031 953 2058 7.
975 2030 1028 2058 Dat
1056 2038 1142 2057 earum
1162 2029 1345 2057 esurientibus.
1365 2029 1537 2065 Spiritualem
1557 2029 1670 2061 scilicet.

892 2076 926 2103 iis
939 2077 985 2112 qui
1003 2084 1083 2103 omne
1095 2076 1194 2103 bonum
1210 2080 1348 2110 expetent.

1127 2121 1191 2148 PSA
1197 2121 1246 2148 LM
1252 2121 1295 2149 US
1313 2121 1383 2149 CXL
1390 2121 1438 2150 VI.

927 2169 952 2196 Ι.
973 2168 1092 2196 Laudale
1110 2167 1248 2195 Dominum
1265 2169 1388 2203 quoniam
1400 2169 1480 2195 bonus
1493 2173 1531 2195 est
1542 2168 1670 2202 psalmus.

57 2213 104 2248 μὲν
125 2212 165 2248 τῷ
179 2211 342 2248 προλαϐόντι
365 2212 445 2243 αὐτὸς
459 2211 554 2238 ἑαυτὸν
569 2212 683 2248 παρῄνει
700 2213 740 2244 εἰς
763 2213 840 2248 μόνον

905 2222 921 2240 n
936 2213 1096 2248 ρεπιιοάοωί
1118 2213 1222 2248 psalmo
1237 2220 1297 2240 sese
1309 2213 1469 2240 hortabatur
1482 2213 1508 2239 in
1522 2213 1604 2240 Deum
1626 2220 1672 2239 so-

53 2258 99 2284 τὸν
111 2258 177 2284 Θεὸν
191 2258 263 2292 ἔχειν
277 2257 325 2293 τὴν
340 2257 433 2283 ἐλπίδα
442 2266 448 2272 ·
465 2258 493 2283 ὲν
507 2257 535 2283 δὲ
545 2257 631 2292 τούτῳ
643 2257 688 2284 τὸν
699 2258 841 2285 ἀποστολι-

55 2304 102 2330 κδν
118 2303 197 2338 χορὸν
216 2303 336 2329 δείκνυσι
353 2302 510 2329 διδάσκοντα
525 2302 555 2328 τὸ
571 2301 672 2337 πλῆθος
691 2304 774 2330 αἰνεῖν
795 2303 840 2330 τὸν

55 2347 129 2379 Θιδν,
144 2347 186 2381 ἐφ’
202 2344 242 2378 οἷς
256 2347 286 2373 τὸ
297 2346 376 2381 γένος
391 2347 582 2382 εὐηργέτησεν.

96 2393 323 2427 Ἀναλαμσάνων
334 2393 437 2427 πραεῖς
446 2394 462 2419 ὁ
477 2392 594 2427 Κύριος.
606 2393 706 2428 Πρσείς
718 2393 766 2428 μὲν
776 2402 839 2426 τους

54 2439 101 2474 τὴν
116 2439 208 2466 πίστιν
224 2439 306 2466 αὺτοῦ
318 2439 480 2474 δεξαμένους
495 2439 571 2475 φησι,
594 2439 657 2470 τοὺς
681 2441 839 2475 μιμησαμέι

55 2493 116 2516 von;
137 2484 184 2511 τὸν
207 2485 329 2511 εἰπόντα⁸
353 2483 451 2518 Πρᾷός
468 2485 526 2519 ειμι
548 2484 614 2519 ἐγώ.
633 2484 702 2518 Ἐγὼ
725 2484 752 2511 δὲ
776 2486 838 2516 τοὺς

54 2530 232 2566 ἁμαρτωλοὺς
247 2530 328 2565 μισῶ,
343 2531 435 2565 φησὶν,
449 2530 545 2561 οἵτινές
559 2531 626 2556 εἰσιν
645 2531 670 2556 οἱ
688 2530 837 2566 ἀκάθαρτοι

53 2576 188 2611 δαίμονες,
202 2577 226 2602 οἱ
240 2575 280 2611 τῷ
295 2577 361 2611 πυρὶ
374 2575 550 2607 ἐνοικοῦντες.

89 2621 147 2648 Καὶ
160 2621 258 2656 χλόην
272 2620 309 2655 τῇ
325 2621 447 2655 δουλείᾳ
460 2620 519 2648 τῶν
529 2620 698 2654 ἀνθρώπων.
712 2620 838 2648 Δουλειαν

53 2667 107 2694 τῶν
122 2666 273 2702 ἀνθρώπων
283 2667 349 2702 φησὶ
360 2667 432 2702 βοῦς,
444 2667 490 2694 καὶ
506 2667 632 2702 ἡμιόνους
646 2666 692 2693 καὶ
708 2666 741 2693 τὰ
757 2666 837 2702 ἕτερα

52 2713 107 2740 τῶν
123 2712 240 2748 κτηνῶν.

88 2793 100 2808 ⁸
120 2791 202 2820 Hebr.
217 2799 246 2823 ι,
260 2791 305 2819 5|.
343 2791 354 2807 ‘
373 2790 444 2818 Psal.
460 2797 533 2824 XLVI,
547 2789 575 2817 2.
613 2790 624 2806 ⁶
643 2789 738 2817 Matth.
753 2797 791 2823 ιι,
805 2788 850 2818 29.

89 2847 145 2884 (62)
164 2847 234 2875 Nota
248 2846 422 2875 Athanasiani
437 2846 508 2881 styli.

895 2260 949 2286 lum
965 2267 1038 2293 spem
1054 2265 1172 2293 ponere;
1195 2259 1221 2285 in
1236 2258 1287 2285 hoc
1300 2263 1389 2286 autem
1412 2258 1588 2293 apostolicum
1605 2258 1672 2285 cho-

893 2313 953 2332 rum
967 2305 1076 2331 exhibet
1087 2305 1225 2332 docentem
1239 2304 1449 2336 multitudinem,
1464 2304 1574 2332 laudare
1587 2304 1672 2331 Deum

892 2351 926 2378 de.
942 2351 1079 2378 beneﬁciis
1093 2350 1183 2385 generi
1198 2351 1337 2377 hominum
1353 2351 1468 2378 collatis.

926 2395 952 2422 6.
974 2394 1123 2430 Suscipiem
1144 2399 1292 2422 mansuetos
1305 2394 1444 2422 Dominus.
1458 2394 1610 2422 Mansuetos
1622 2401 1671 2421 vo-

892 2446 935 2469 cat
945 2448 992 2469 eos
1005 2442 1050 2474 qui
1067 2441 1146 2468 ﬁdem
1162 2441 1221 2475 ejus
1235 2446 1422 2476 susceperunt,
1441 2441 1537 2468 imitati
1551 2449 1612 2468 eum
1623 2440 1670 2475 qui

891 2487 959 2514 dixit
972 2495 980 2514 :
992 2487 1066 2514 Mitis
1087 2494 1133 2522 ego
1149 2487 1238 2514 sum“.
1254 2486 1309 2522 Ego
1328 2491 1417 2514 autem
1434 2491 1588 2522 peccatores
1607 2486 1671 2513 odio

889 2533 987 2565 habeo.
1004 2533 1101 2568 inquit,
1116 2533 1162 2568 qui
1185 2538 1249 2560 sunt
1273 2533 1372 2568 impuri
1396 2533 1533 2560 daemones
1556 2532 1584 2559 in
1608 2532 1672 2567 igne

889 2577 1051 2606 habitantes.

923 2622 950 2650 8.
971 2622 1005 2649 Et
1020 2622 1126 2650 herbam
1138 2623 1258 2651 servituti
1279 2623 1422 2651 hominum.
1444 2623 1604 2652 Servitutem
1619 2624 1670 2650 lio-

888 2669 992 2696 minum
1009 2673 1089 2697 vocat
1103 2669 1196 2703 boves.
1209 2669 1297 2698 mulos
1309 2674 1336 2698 et
1349 2670 1452 2706 reliqua
1464 2670 1596 2705 jumenta.
