1926 3051
269 151 322 181 ΕΠ
705 153 734 181 S.
753 154 938 183 ATIIANASII
956 155 1030 183 OPP.
1051 155 1140 182 PARS
1155 155 1198 183 Ill.
1217 171 1250 176 —
1271 155 1476 185 EXEGETICA.

641 323 682 354 IN
711 325 849 355 FBAGM
856 326 960 356 ΕΝΤΛ
983 325 1045 355 SUI

1096 325 1282 362 EQUENTIA
1312 325 1513 355 MONITL'M.

271 484 336 516 Quen
350 484 541 518 subsequuntur
560 484 708 519 fragmenta
728 485 985 512 Commentariorum
1004 486 1145 513 Athanasii
1158 487 1184 513 in
1203 486 1318 521 psalmos
1334 486 1406 520 prior
1420 486 1502 513 edidit
1516 485 1611 513 Petrus
1629 485 1825 514 Felckmannus
1844 487 1893 514 sub

426 533 505 567 finem
518 533 667 568 appendicis
684 534 718 560 ad
732 533 871 562 editionem
882 535 1130 567 Commelinianam,
1146 535 1194 561 hac
1207 535 1346 569 prazmissa
1362 534 1395 560 ad
1411 534 1531 560 lectorem
1544 535 1732 561 admonitione.

850 588 954 608 PETRUS
973 589 1164 608 FELCEXANNUS
1181 589 1306 608 LECTORI.

307 639 316 655 ε
330 628 395 656 Cum
408 630 573 664 pra'missam
589 629 755 664 appendicem
771 629 901 665 hucusque
912 630 970 664 jam
985 629 1176 664 perduxissent,
1188 630 1268 656 incidi
1284 630 1310 656 in
1324 637 1401 663 opera
1413 629 1528 663 Luciferi
1544 629 1658 663 episcopi
1668 628 1836 659 Calaritani,
1847 638 1893 656 cu-

266 675 310 710 jus
327 675 417 702 crebra
431 680 455 702 et
476 675 585 702 laudata
602 676 628 702 in
646 676 793 702 Athanasio
805 681 894 702 ttostro
910 678 1017 707 mentio,
1031 677 1088 710 jam
1100 677 1161 703 olim
1176 676 1286 703 Late/ita
1301 685 1316 702 a
1331 676 1433 702 Joanne
1451 675 1518 702 Tilio
1530 676 1649 710 episcopo
1665 675 1894 702 Meldensiedita.

270 722 335 754 Qua:
349 730 407 748 cum
423 723 606 756 pertvoloerem,
624 722 703 748 incidi
721 723 746 748 in
769 727 820 749 tres
839 722 978 748 Athanasii
993 722 1129 756 epistolas,
1147 722 1214 749 duas
1236 723 1269 748 ad
1292 721 1453 755 Luciferum,
1467 726 1491 748 et
1516 721 1621 748 tertiam
1637 721 1671 747 ad
1687 722 1820 748 solitaria
1835 722 1895 748 rittr

268 768 410 798 studiosos,
424 775 536 802 quarum
551 775 582 794 ne
595 767 668 801 fama
682 767 784 801 quidem
799 772 859 794 ante
874 767 907 793 ad
923 775 969 793 nos
982 772 1142 800 pervenerat.
1161 767 1233 799 Quas
1248 775 1307 793 cum
1322 774 1354 793 ea:
1368 775 1454 793 rerum
1469 774 1527 792 cum
1541 767 1602 793 aliis
1618 767 1760 794 Athanasii
1775 767 1895 801 epistolis

267 816 441 843 similitudine
453 820 477 842 et
493 816 646 842 tractatione
662 817 786 851 genuinas
801 824 856 843 esse
871 817 1028 847 existimem,
1042 816 1083 842 hic
1100 816 1293 850 subjungendas
1308 823 1364 842 esse
1379 816 1478 850 putavi.
1492 815 1524 841 Et
1538 814 1601 847 quia
1615 813 1703 839 eodem
1713 821 1815 847 quoque
1827 818 1895 839 tem-

267 872 329 898 pore
347 864 493 898 fragmenta
506 862 626 897 qua-dum
639 862 892 890 Commentariorum
908 862 994 888 sancti
1010 861 1087 896 hujus
1102 862 1186 888 nostri
1199 862 1225 888 in
1239 862 1354 895 psalmos
1371 862 1397 887 in
1411 859 1549 895 συλλογῇ
1565 858 1665 886 Nicette
1686 859 1852 886 Heracleottc
1869 860 1896 885 in

272 908 396 936 Biblioth.
412 908 538 935 Palatina
554 908 647 942 reperi,
663 907 753 934 eadem
764 908 897 939 similiter,
912 909 992 934 donec
1005 908 1106 942 integra
1117 907 1224 934 aliunde
1239 908 1377 942 prodeant,
1388 907 1472 942 atljeci
1488 906 1660 934 tumultuario
1672 913 1747 939 opere
1760 906 1897 939 festinan-

270 953 336 979 tibus
348 954 427 988 prelis
444 963 460 980 a
473 962 512 980 me
528 962 611 980 versa.
631 953 787 988 Quanquam
805 953 918 988 fortasse
933 962 982 980 non
1001 954 1089 980 omnia
1101 962 1159 988 quce
1177 953 1285 980 Nicetas
1308 961 1341 980 ea:
1361 953 1414 981 illis
1439 953 1578 988 decerpsit,
1595 953 1700 980 damus.
1723 952 1797 979 Nam
1813 953 1898 979 code:

267 1007 318 1033 quo
334 1001 375 1026 usi
389 1008 479 1026 sumus
498 1001 524 1026 in
543 999 638 1034 psalm.
657 1007 735 1026 Lxxvx
750 999 895 1033 deficiebat.
911 999 943 1025 Et
960 1000 1099 1026 verisimile
1117 1008 1167 1026 nott
1180 1004 1218 1026 est
1235 998 1357 1026 Nicetam
1369 999 1397 1025 in
1416 999 1517 1034 reliqua
1541 999 1705 1033 psalmorum
1719 1003 1796 1032 parte
1810 998 1897 1024 Allia-

267 1049 337 1075 nasii
348 1049 545 1083 explicationes,
562 1057 627 1084 quas
644 1053 751 1075 eatenus
769 1053 822 1075 tam
835 1049 981 1082 frequenter
993 1048 1067 1079 citat,
1080 1048 1210 1075 omisisse.

304 1104 314 1120 ι
329 1094 444 1130 Denique
464 1095 562 1122 brevem
577 1095 717 1122 Athanasii
735 1095 927 1124 senlentiolam.
942 1100 966 1121 et
988 1094 1105 1121 locorum
1129 1094 1305 1129 quoruntdam
1322 1095 1408 1120 uarias
1428 1093 1550 1120 lectiones
1566 1094 1601 1120 ad
1616 1093 1695 1128 finem
1713 1092 1833 1124 subdidi,
1852 1093 1897 1119 de—

267 1147 400 1177 promptas
415 1150 446 1169 ex
458 1143 630 1169 uetustissimo
643 1143 730 1169 codice
741 1142 865 1168 Biblioth.
878 1141 1022 1173 Palatium,
1040 1143 1085 1176 qui
1107 1141 1253 1168 continebat
1271 1142 1382 1169 similem
1395 1147 1512 1168 catenam
1525 1141 1717 1176 expositionum
1733 1141 1758 1167 in
1784 1139 1894 1169 Jobum.

268 1187 300 1215 ab
314 1189 412 1215 incerto
431 1192 538 1214 auctore
553 1189 746 1214 concinnatam.
761 1186 799 1213 Tu
812 1195 880 1219 vero,
894 1186 1010 1213 benevole
1023 1186 1114 1218 lector,
1130 1187 1279 1213 unctorium
1292 1186 1368 1212 hocce
1380 1186 1498 1212 benevole
1511 1191 1655 1220 acceptare,
1668 1185 1819 1220 nostrisque
1838 1191 1896 1211 stu-

266 1236 320 1262 diis
335 1236 422 1270 favere
439 1235 501 1262 velis
515 1243 571 1262 oro.
588 1245 596 1260 I
615 1234 679 1261 Hac
696 1234 901 1260 Felckmannus.

304 1283 437 1319 Epistolas
461 1291 539 1318 porro
562 1288 721 1310 memoratas
739 1292 755 1309 (ι
773 1281 949 1309 Felcltmanno
975 1282 1010 1309 ad
1033 1281 1186 1316 Luciferum
1209 1286 1232 1308 et
1256 1282 1290 1308 ad
1310 1282 1462 1314 monachos,
1477 1282 1606 1308 edidimus
1619 1288 1709 1314 supra.
1728 1280 1796 1308 Hau:
1808 1287 1896 1308 autem

268 1330 416 1365 fragmenta
432 1330 500 1365 quod
512 1334 621 1364 spectat,
633 1328 821 1355 consimillima
838 1328 884 1354 illa
900 1333 971 1360 sunt,
985 1328 1150 1362 paucissimis
1173 1328 1298 1362 exceptis,
1321 1328 1527 1363 expositionibus
1549 1327 1690 1354 Athanasii
1705 1335 1790 1360 supra
1804 1328 1893 1354 editis.

268 1376 344 1408 Quod
359 1377 382 1402 si
394 1376 548 1410 quandoque
564 1374 689 1401 nonnulla
701 1378 838 1400 occurrant
851 1381 908 1408 qua:
922 1374 949 1399 in
965 1372 1180 1406 Expositionibus
1194 1381 1245 1399 non
1258 1378 1435 1407 compareant,
1449 1381 1500 1400 non
1516 1374 1573 1400 ideo
1584 1373 1760 1408 repudianda.
1774 1379 1801 1400 et
1809 1374 1895 1400 Atha-

267 1422 343 1448 nasia
357 1421 554 1456 abjudtcanda;
571 1428 643 1453 nam,
658 1423 726 1455 quod
738 1421 886 1447 observasse
895 1419 1012 1455 juvabit,
1025 1419 1059 1446 ad
1070 1427 1113 1446 eos
1130 1420 1292 1454 psalmorum
1304 1429 1393 1448 versus
1405 1423 1545 1456 pertinent.
1559 1429 1669 1456 quorum
1682 1422 1832 1456 explicatio
1843 1431 1895 1449 ncn

267 1473 354 1495 exstat
368 1469 394 1495 in
407 1467 632 1503 Expositionibus,
646 1473 733 1502 utpote
746 1476 797 1495 non
820 1469 926 1502 integris
937 1476 968 1494 ac
985 1475 1100 1502 perswpe
1113 1468 1303 1502 deﬁcientibus.
1321 1469 1452 1496 Cceterum
1467 1470 1522 1496 [nec
1539 1475 1660 1504 excerpta
1671 1478 1722 1496 non
1735 1470 1772 1496 ad
1789 1471 1895 1497 uerbum

268 1515 348 1550 refert
359 1514 476 1546 Nicetas,
492 1514 537 1542 sed
547 1514 696 1549 plerumque
709 1514 796 1549 quoad
809 1514 964 1540 sententiam
978 1518 1081 1540 tantum
1094 1523 1140 1540 nec
1154 1523 1214 1541 raro
1229 1516 1353 1549 permista
1364 1523 1422 1541 cum
1434 1515 1547 1542 aliorum
1561 1515 1670 1542 Patrum
1681 1518 1894 1549 commentariis,

267 1571 377 1598 quorum
392 1564 446 1598 ipse
460 1564 564 1590 nomina
582 1563 669 1597 affert.
682 1562 784 1589 Etenim
797 1562 902 1597 quando
917 1562 1007 1589 eadem
1020 1564 1136 1594 omnitto,
1148 1571 1194 1589 nec
1204 1564 1343 1590 immutata
1364 1571 1409 1589 nec
1428 1563 1548 1590 auctiora
1564 1568 1622 1589 sunt
1637 1571 1716 1598 quam
1736 1563 1765 1590 in
1778 1563 1894 1598 Exposi-

269 1609 391 1642 tionibus,
411 1618 441 1636 ea
453 1610 598 1643 omisimus,
611 1617 642 1636 ne
655 1609 694 1635 bis
710 1609 778 1636 idem
791 1608 921 1644 inutiliter
933 1613 1076 1643 repetatur.

363 1771 721 1817 FRAGMENTA
758 1769 1337 1818 COMMENTARIORUM
1379 1773 1435 1816 D.
1468 1769 1799 1818 ATHANASII

946 1869 988 1900 IN
1012 1870 1207 1901 PSALMOS.

318 2027 357 2056 Ex
372 2027 473 2056 Nicette
485 2028 662 2063 metropolitze
677 2027 814 2056 Heracleae
828 2032 923 2055 catena
935 2027 1045 2062 expositi

1096 2036 1153 2061 tm,
1167 2028 1224 2056 sive
1239 2032 1268 2055 ut
1296 2027 1354 2062 ipse
1373 2031 1462 2061 vocat,
1484 2029 1631 2065 Συναγωγῇ
1658 2029 1833 2065 ἐξηγήσεων,
1857 2038 1888 2057 es

793 2073 894 2100 Grazcis
916 2072 1043 2100 Panibus
1057 2073 1084 2099 in
1099 2072 1222 2100 Psalmos
1236 2073 1349 2100 collecta

319 2119 427 2147 Nicetas
439 2120 481 2146 hic
492 2120 519 2146 in
532 2121 655 2154 prommio
670 2121 773 2147 tertiam
785 2129 816 2147 ea:
826 2122 948 2156 quinque,
957 2129 1022 2156 quas
1034 2121 1086 2148 sibi
1101 2122 1298 2154 prwmittendas
1308 2130 1363 2148 esse
1377 2123 1532 2157 quaestiones
1543 2124 1654 2158 censuit,
1667 2124 1747 2157 hanc,
1761 2125 1790 2152 tl
1802 2125 1839 2152 τὸ

556 2166 734 2201 Ψαλτήριον,
752 2167 896 2201 explicans.
911 2167 1002 2193 addito
1017 2167 1120 2193 nomine
1138 2167 1325 2201 Ἀθανασιου,
1340 2169 1474 2203 sequentia
1486 2170 1602 2204 subjicit.

303 2213 351 2241 Est
384 2214 466 2248 igitur
489 2213 646 2247 psalterium
676 2214 885 2241 instrumentum
912 2215 1045 2241 tnusicum

1136 2215 1213 2241 Ἔστι
1227 2215 1313 2241 τοίνυν
1325 2216 1355 2242 τὸ
1373 2215 1520 2252 ψαλτήριον
1532 2217 1647 2253 ὄργανον
1661 2221 1794 2254 μουσικὸν
1812 2221 1889 2249 Bani-

268 2264 395 2287 constans
408 2259 500 2287 decem
522 2260 640 2291 chordis,
655 2259 689 2287 de
710 2260 824 2287 summis
841 2260 926 2294 ipsius
939 2267 1050 2294 compa~

267 2305 308 2340 gis
327 2305 448 2339 partibus
470 2313 567 2332 sonum
591 2305 743 2340 perliciens,
757 2313 904 2340 vocumque
927 2313 1048 2333 consona

265 2351 382 2386 qundam
398 2351 514 2378 melodia
527 2352 676 2378 articulatm
692 2352 751 2378 voci
767 2352 882 2378 similem
905 2352 1021 2379 reddens
1039 2361 1045 2378 :

267 2403 298 2423 ac
322 2396 430 2429 dicitur,
448 2396 566 2424 Hebrmis
590 2397 710 2432 quidem,
733 2397 831 2430 naula;
857 2397 958 2424 Graecis
972 2405 1046 2429 vero,

265 2443 379 2470 cithara.
401 2442 550 2470 Conﬁcitur
562 2450 626 2470 vero
651 2443 703 2470 hoc
727 2443 807 2470 modo
826 2452 833 2470 :
849 2447 958 2477 sumpto
973 2443 1047 2477 ligno

263 2494 350 2519 recto,
364 2489 484 2523 nihilque
495 2489 602 2523 penitus
616 2489 724 2522 inﬂexo,
739 2489 831 2516 decem
852 2489 878 2515 in
894 2496 926 2516 eo
938 2488 1047 2516 chorda:

264 2534 460 2568 tendebantur;
488 2541 520 2561 ac
544 2534 657 2568 singulae
682 2533 796 2561 scorsim
829 2534 856 2560 in
892 2535 1047 2561 summitate

265 2577 351 2612 ipsius
376 2578 495 2612 psalterii
517 2579 577 2605 lixae
599 2578 854 2612 constringebantur
871 2585 984 2606 :earum
997 2587 1046 2606 au-

264 2629 318 2651 tem
349 2625 480 2659 principia
513 2625 657 2653 desursum
684 2626 872 2654 demittuntur.
902 2626 930 2653 In
955 2626 1046 2654 cubito

263 2669 328 2705 (sive
343 2669 422 2704 collo)
439 2677 557 2705 namque
568 2670 652 2705 ipsius
666 2672 784 2706 psaltet-ii
800 2673 892 2699 decem
907 2672 1045 2700 claviculas

263 2716 320 2744 sive
335 2715 425 2750 paxilli
443 2715 547 2750 trajecti
562 2721 714 2749 vertuntur,
728 2717 774 2752 qui
788 2717 904 2745 chordas
920 2718 1042 2751 tendunt,

262 2762 445 2793 rctnittuntve,
461 2766 539 2795 prout
551 2769 648 2790 vocum
664 2764 841 2790 consonantia
861 2769 887 2791 et
904 2765 1044 2799 proportio

262 2809 386 2843 requirit,
402 2814 427 2836 et
443 2809 476 2836 ad
491 2809 628 2844 psallentis
653 2809 767 2838 libitum.
788 2809 820 2838 Et
838 2810 888 2838 hoc
901 2816 953 2843 est,
969 2812 1041 2846 quod

262 2862 376 2889 magnus
395 2853 510 2883 Basilius
525 2855 572 2889 ait,
587 2860 638 2884 etc.

1100 2261 1203 2297 χορδον,
1215 2263 1248 2289 ὲκ
1264 2262 1316 2289 τῶν
1329 2263 1431 2290 ἄνωθεν
1449 2264 1539 2299 μερῶν
1555 2265 1604 2300 τῆς
1625 2268 1802 2303 κατασκευῆς
1821 2270 1887 2296 ἀπο·

1098 2307 1190 2334 τελοῦν
1202 2308 1248 2334 τὸν
1258 2306 1334 2343 ἦχον,
1348 2310 1515 2345 ὲναρμονίως
1531 2310 1592 2342 τοὺς
1607 2311 1742 2345 φθόγγους
1756 2314 1828 2349 πρὸς
1844 2315 1887 2350 τὴν

1099 2354 1130 2379 ὲκ
1141 2353 1190 2388 τῆς
1199 2353 1291 2388 φωνῆς
1302 2354 1434 2389 μελῳδίαν
1446 2355 1570 2383 ὰποδιδόν
1581 2364 1587 2371 ·
1603 2356 1677 2392 παρὰ
1687 2357 1737 2392 μὲν
1753 2359 1887 2394 Ἑϐραίοις

1098 2398 1182 2425 ναῦλα
1196 2399 1350 2434 λεγόμενον,
1363 2401 1426 2436 παρ’
1442 2401 1552 2437 Ἕλλησι
1566 2402 1594 2428 δὲ
1607 2402 1706 2438 κιθάρα
1719 2404 1887 2440 ὀνομαζόμε-

1098 2453 1151 2472 νον.
1165 2446 1372 2473 Κατεσκεύαστο
1386 2447 1439 2483 γὰρ
1452 2448 1542 2480 αὐτοῖς
1552 2448 1630 2484 ὀρθὸν
1645 2449 1722 2481 ξύλον
1736 2451 1784 2478 καὶ
1799 2452 1886 2487 ἀπαρ-

1097 2491 1228 2525 έγχλιτον,
1250 2492 1343 2527 χορδαὶ
1357 2491 1385 2519 δὲ
1397 2494 1426 2519 ὲν
1439 2493 1525 2529 τούτῳ
1536 2494 1602 2521 δέκα,
1616 2495 1759 2523 ὲτείνοντο.
1768 2497 1884 2532 Ἑκάστη

1096 2537 1125 2563 δὲ
1149 2537 1202 2564 τῶν
1223 2537 1324 2573 χορδῶν
1340 2539 1380 2570 εἰς
1395 2539 1426 2565 τὸ
1440 2539 1642 2574 ἀκροτελεύτιον
1664 2540 1711 2566 τοῦ
1734 2541 1883 2578 ψαλτηρίου

1096 2583 1266 2620 διῃρημένως
1280 2585 1494 2619 ἐναπεσφίγγετο
1503 2594 1509 2600 ·
1530 2586 1559 2612 αἱ
1575 2585 1602 2612 δὲ
1616 2586 1698 2622 ἀρχαὶ
1711 2587 1766 2614 τῶν
1784 2588 1884 2624 χορδῶν

1096 2629 1220 2656 καθίεντο
1231 2630 1341 2658 ἄνωθεν.
1358 2631 1429 2658 Δέκα
1445 2631 1498 2667 γὰρ
1511 2632 1633 2658 κόλλαεοι
1649 2632 1740 2660 εἶτουν
1754 2633 1883 2661 πασσαλὶ-

1096 2684 1165 2708 σκοι,
1183 2677 1246 2712 περὶ
1270 2676 1314 2702 τὸν
1338 2677 1427 2711 πῆχυν
1452 2677 1498 2704 τοῦ
1524 2677 1672 2713 ψαλτηρίου
1691 2680 1880 2715 στρεφόμενοι,

1095 2722 1193 2748 ἕτεινόν
1209 2731 1238 2748 τε
1253 2722 1300 2757 τὴν
1312 2723 1408 2759 χορδὴν
1425 2723 1472 2750 καὶ
1488 2724 1590 2759 ὲχάλων
1604 2724 1671 2759 πρός
1680 2733 1711 2751 τε
1722 2726 1769 2752 τὸν
1782 2726 1880 2761 ῥυθμὸν

1094 2767 1142 2800 τῆς
1165 2767 1294 2802 ἁρμονίας
1321 2768 1367 2794 καὶ
1391 2769 1458 2804 πρὸς
1473 2769 1503 2795 τὸ
1524 2769 1570 2796 τοῦ
1589 2769 1729 2804 ψαλτῳδοῦ
1747 2771 1877 2806 βούλημα.

1094 2813 1146 2839 Καὶ
1159 2812 1236 2839 τοῦτὸ
1249 2814 1321 2840 ἐστιν
1338 2814 1352 2840 ὃ
1367 2822 1448 2849 φησιν
1464 2815 1478 2840 ὁ
1495 2815 1580 2849 μέγας
1592 2815 1742 2848 Βασίλειος,
1757 2822 1811 2844 etc.
