1926 3051
52 143 103 173 549

546 146 756 176 FRAGMENTA
775 149 954 177 COMMENT.
976 150 1008 177 IN
1027 151 1197 180 PSALMOS.

1620 154 1673 183 δεῖ)

305 218 318 227 ν
338 201 412 228 Idem
425 202 559 237 explicans
571 204 622 230 ista
637 204 734 238 psalmi
746 203 789 237 II,
806 214 816 230 ι
831 205 1008 234 Conrcnerunt
1021 216 1091 243 reges
1103 214 1189 242 terras,
1207 220 1215 235 ι
1230 215 1293 241 etc.,
1305 212 1397 244 ponit:

91 259 270 292 Ἀθανάσιος.
279 259 328 286 Διέι
339 260 364 286 τί
378 259 405 285 δὲ
415 259 440 285 οἱ
452 259 699 297 βασιλεῖςἩρώδης
713 263 727 288 ὁ
735 262 825 288 Ἀσκα-

920 265 1089 292 Athanasius.
1111 265 1176 298 Quae
1198 274 1262 293 vero
1289 274 1370 294 causa
1395 271 1464 299 erat,
1486 267 1559 302 quod
1583 276 1671 303 reges,

51 308 165 341 λωνίτης
177 307 220 333 καὶ
234 306 346 338 Πιλᾶτος
360 308 374 333 ὁ
386 307 496 339 Πόντιος
512 302 698 343 παρέστησανξ
712 309 834 336 τουτέστι

52 352 234 388 παρετάξαντο
248 352 294 378 καὶ
307 352 422 388 ἐπῆλθον
437 352 507 379 κατὰ
521 352 655 387 Χριστοῦς
672 353 719 379 Διὰ
730 354 756 380 τί
771 353 798 380 δὲ
810 355 834 380 οἱ

50 399 178 433 ἄρχοντες
201 398 254 424 τῶν
272 397 404 424 Ἰουδαίων
427 398 451 434 οί
475 398 592 429 ἀσεϐεῖς,
611 399 656 425 καὶ
673 398 770 434 λοιμοὶ,
788 400 834 426 καὶ

51 443 215 479 ἁμαρτωλοὶ,
229 443 414 478 Γραμματείς,
431 444 476 470 καὶ
490 444 641 479 Φαρισαῖοι,
654 445 700 470 καὶ
715 445 832 479 νομικοὶ,

50 491 87 521 et;
101 489 196 515 ταύτὸν
220 489 396 524 συνέδραμον,
412 489 458 515 καὶ
477 488 547 515 κατὰ
564 489 610 515 τοῦ
628 490 741 524 Κυρίου,
757 499 834 517 τουτ-

50 536 104 561 in:
123 535 170 562 τοῦ
186 535 300 570 Πατρός,
316 535 363 561 καὶ
387 535 458 561 κατὰ
480 535 526 561 τοῦ
541 535 659 570 Χριστοῦ
673 536 831 572 ὲλύττησαν,

49 581 166 608 τουτέστι
181 580 228 607 τοῦ
242 581 307 607 Υἱοῦ
321 580 422 613 altrm};
446 581 474 607 '0
487 581 540 618 γὰρ
554 581 591 616 μὴ
605 581 692 616 τιμῶν
710 582 755 609 τὸν
770 583 832 610 Υἰὺν

48 627 104 653 οὐδὲ
116 626 161 652 τὸν
177 626 286 660 Πατέρα
300 627 376 661 τιμᾷ.
392 626 466 660 Τάχα
484 627 533 661 μὲν
545 624 600 658 οὖν,
613 627 705 662 ἐπειδὴ
719 627 752 654 τὰ
767 629 831 663 παρ’

49 673 158 704 ἐκείνοις
180 672 367 707 τετολμημένα
390 671 436 698 τοῦ
454 672 556 708 Κυρίου
574 672 674 708 μᾶλλον
690 674 738 709 τὴν
753 674 832 701 δύνα-

50 729 91 754 μιν
101 719 196 752 ἔδειξε,
209 719 256 746 καὶ
269 720 308 750 εἰς
317 719 471 745 τούναντίον
485 719 574 750 αὐτοῖς
584 718 618 745 τὰ
630 720 832 755 ἐπιχειρήματα

48 765 161 800 γέγονεν,
178 764 262 791 οἱονεὶ
279 764 438 800 μυκτηρίξει
463 765 560 796 αὐτοὺς
586 765 601 791 ὁ
622 765 712 797 Δαυῖδ,
729 765 766 797 ὡς
791 767 831 797 εἰς

49 812 118 838 κενὸν
129 811 221 838 πάντα
233 811 420 846 τολμήσαντας
431 819 436 825 ·
452 811 523 846 τάχα
537 811 565 837 δὲ
578 812 626 838 καὶ
640 812 785 847 μέμφεται.
798 812 831 838 Τί

48 857 96 892 γὰρ
105 857 205 892 δήποτε
219 856 374 892 αἰτιώμενοι
384 857 407 883 οε
423 857 493 884 κατὰ
503 856 620 892 Χριστοῦ
633 858 830 893 συνδραμόντες

50 902 148 938 σταυρῷ
169 902 265 928 τοῦτον
291 903 462 938 ἁνήρτησανς
489 903 544 938 οὐχ
567 900 643 935 οὗτός
660 905 758 930 temo
773 905 828 936 τοῖς

49 935 126 976 ἔθνεσι
134 935 189 984 μὲν
204 935 394 984 δεδωκὼς-τὴν
413 948 518 982 σοφίαν,
528 935 593 979 ’τοῖς
605 949 632 975 δὲ
647 949 786 984 βασιλεῦσι
798 935 828 976 τὸ
845 935 865 964 Β

49 994 137 1028 κράτος
153 993 316 1029 παρασχὼν,
335 993 381 1020 καὶ
400 994 457 1024 τοῖς
473 993 584 1028 ἄρχουσι
595 994 644 1029 τὴν
660 994 746 1029 ἀρχὴν
761 1003 830 1029 κρα-

49 1040 190 1076 τυνάμενος,
213 1040 262 1067 καὶ
280 1041 336 1071 τοῖς
355 1039 492 1071 Ἰουδαίοις
506 1040 540 1066 τὰ
556 1039 671 1076 μέγιστα
683 1049 829 1076 τερατουρ-

49 1086 124 1120 ﬁsa;
137 1085 184 1112 καὶ
198 1084 325 1120 βοώμενα
338 1084 481 1120 θαύματα;
574 1075 579 1082 ’

886 307 1005 336 Herodes
1021 310 1176 337 Ascalonita
1192 316 1217 337 et
1233 310 1345 338 Pontius
1362 311 1463 339 Pilatus
1482 313 1670 346 convenirent,

885 355 937 382 hoc
959 358 1010 387 est,
1032 356 1229 390 conspirarent,
1247 361 1274 383 et
1289 357 1419 391 impetum
1438 357 1559 385 iacerent
1574 364 1671 386 contra

884 399 1040 427 Christum?
1053 401 1106 427 Aut
1118 401 1183 435 quid
1201 401 1239 428 rei
1252 406 1319 432 erat,
1332 402 1403 436 quod
1416 402 1551 436 principes
1563 402 1671 430 Iudaeo-

885 452 957 477 rum,
979 446 1054 479 impii
1081 446 1130 479 illi,
1155 447 1369 480 pestilentissimi
1393 452 1419 474 et
1445 447 1669 475 facinorosissinti

885 491 1017 524 homines,
1037 492 1147 520 Scribas
1161 492 1235 525 dico,
1250 492 1402 520 Pharisaaos
1410 497 1436 520 et
1450 493 1630 529 legisperitos,
1642 495 1670 521 in

883 545 965 564 unum
980 539 1134 573 congregati
1149 543 1222 570 sunt,
1237 543 1262 566 et
1278 544 1372 566 contra
1389 539 1546 572 Dominum,
1563 540 1614 567 hoc
1628 545 1670 566 est

882 582 1001 615 Patrem,
1018 583 1196 618 insanierunt,
1217 589 1366 619 contraque
1378 585 1516 612 Christum
1532 585 1601 620 ejus,
1616 587 1669 613 sci-

882 628 944 655 licet
958 628 1075 655 Filium?
1090 628 1158 656 Nam
1183 630 1229 663 qui
1254 637 1307 656 non
1325 631 1442 657 honorat
1454 630 1564 662 Filium,
1583 631 1605 658 is
1621 639 1669 658 nc—

882 682 934 708 que
947 674 1053 701 Patrem
1068 675 1213 702 honorat’.
1229 675 1454 710 Quandoquidem
1470 677 1553 712 igitur
1564 681 1592 704 et
1606 685 1668 711 quae

881 721 915 748 ab
932 721 985 748 illis
1000 725 1102 755 patrata
1119 726 1193 753 sunt,
1211 721 1317 749 Domini
1333 723 1481 756 potentiam
1501 723 1591 750 adhuc
1613 731 1668 750 ma-

881 767 922 801 gis
936 767 1169 801 demonstrarunt,
1186 768 1364 802 ipsorumque
1379 773 1494 795 conatus
1511 769 1590 803 plane
1603 776 1668 796 con-

881 813 992 840 trarium
1015 813 1116 840 exitum
1140 814 1230 841 sortiti
1256 818 1320 841 sunt
1341 823 1348 840 :
1367 814 1468 841 idcirco
1483 814 1590 842 videtur
1607 815 1667 842 illos

880 857 963 886 David
980 859 1056 893 quasi
1075 859 1198 891 irridere,
1221 863 1251 886 ut
1267 859 1312 894 qui
1329 859 1358 886 in
1381 868 1480 886 vanum
1502 861 1593 887 omnia
1610 865 1668 887 len-

881 907 972 931 tarunt
995 913 1001 931 :
1027 905 1067 932 vel
1094 904 1209 932 fortasse
1235 905 1316 932 etiam
1345 913 1484 933 accusare.
1501 906 1558 938 Qua
1580 906 1666 939 enim,

879 958 981 985 quaeso,
996 959 1079 978 causa
1104 951 1216 986 culpave
1235 952 1262 978 in
1279 951 1388 978 Christo
1411 951 1577 986 deprehensa
1599 960 1666 980 con—

879 1004 962 1024 cursu
986 996 1057 1024 facto
1083 997 1171 1032 ipsum
1195 997 1223 1024 in
1245 1005 1353 1024 crucem
1368 998 1558 1024 sustulerunt?
1572 997 1668 1026 Nonne

879 1043 937 1077 ipse
951 1047 1002 1073 est,
1014 1042 1060 1077 qui
1076 1042 1201 1077 gentibus
1218 1043 1379 1078 sapientiam
1396 1043 1480 1074 dedit,
1497 1043 1543 1078 qui
1558 1044 1666 1079 regibus

879 1088 1024 1123 imperium
1043 1088 1146 1118 tribuit,
1161 1088 1206 1122 qui
1220 1088 1388 1123 principibus
1404 1088 1575 1116 dominatum
1598 1097 1666 1116 con-

878 1135 989 1162 ﬁrmat?
1004 1134 1049 1168 qui
1062 1134 1180 1168 denique
1194 1133 1295 1161 ludatis
1308 1143 1414 1162 summa
1431 1139 1457 1162 et
1475 1136 1666 1170 proclamans-

878 1181 947 1207 sima
959 1179 1005 1206 illa
1021 1183 1149 1214 operatus
1163 1183 1206 1206 est
1219 1179 1370 1207 miracula?

605 1235 637 1263 Et
653 1237 680 1264 in
696 1245 798 1263 versum
812 1242 959 1272 sequente»:
971 1235 1104 1262 scribens:

80 1284 259 1316 Ἀθανάσιος.
269 1283 324 1318 (53)
333 1283 462 1310 Ἐνταῦθα
469 1283 497 1310 λε
502 1284 602 1313 ίπειτδ.
612 1283 743 1318 λέγοντες,
753 1285 796 1311 ἵνα

47 1329 60 1363 ὴ
72 1329 167 1356 διάνοια
182 1329 255 1364 αὕτη
266 1338 272 1344 ·
291 1328 490 1363 Συνήχθησαν
502 1329 576 1356 κατὰ
586 1329 640 1356 τοῦ
655 1329 765 1365 Κυρίου
776 1331 825 1357 καὶ

48 1375 111 1402 κατὰ
131 1375 183 1402 τοῦ
202 1375 334 1409 Χριστοῦ
349 1375 452 1406 αὑτοῦ,
468 1375 609 1409 λέγοντες·
634 1377 826 1411 Maudio-(utter

47 1420 106 1452 τοὺς
123 1420 257 1456 δεσμοὺς
279 1419 386 1447 αὐτῶν.
401 1421 503 1453 Τίνων;
527 1421 574 1447 τοῦ
597 1422 702 1457 Πατρὸς
718 1422 764 1448 καὶ
778 1422 825 1448 τοῦ

47 1466 116 1493 Υξοῦο
132 1467 161 1493 οὐ
176 1468 234 1503 γὰρ
247 1466 340 1501 ήθελον
363 1466 428 1493 εἴσω
443 1466 492 1501 τῆς
508 1467 583 1502 ἱερᾶς
600 1467 725 1501 γενέσθαι
741 1469 825 1503 σαγή-

46 1521 100 1548 νης·
118 1513 342 1547 Ἀποῤῥίψωμεν
358 1512 392 1538 δὲ
407 1512 461 1539 τὸν
474 1512 572 1547 (uror,
588 1514 711 1540 τουτέστι
724 1514 768 1541 τὸν
781 1514 825 1540 εὐ-

46 1559 176 1593 meum
192 1559 277 1594 νόμον
290 1559 336 1584 καὶ
346 1558 394 1593 τὴν
408 1558 527 1593 ἐντολὴν,
541 1559 604 1594 περὶ
615 1556 645 1586 οὗ
659 1560 822 1595 γέγραπται·

51 1605 72 1630 ’0
85 1605 165 1640 ζυγός
178 1613 242 1639 μου
255 1604 386 1638 χρηστός
397 1604 472 1630 ἐστι.
491 1603 575 1630 Τοῦτο
593 1604 620 1631 δὲ
636 1605 717 1637 αὐτὸς
731 1605 825 1632 ὀνειδί-

46 1649 90 1680 ζων
99 1651 186 1683 αὐτοῖς
199 1650 247 1678 διὰ
256 1650 388 1685 Ἰερεμίου
404 1650 495 1684 ἔλεγεν
505 1659 511 1665 ·
529 1649 640 1684 Εἶπαςν
654 1653 694 1678 Οὐ
705 1651 829 1678 δουλεύ-
842 1651 863 1680 C

47 1703 82 1721 σω
97 1703 156 1722 σοι·
172 1695 325 1727 τουτέστιν,
339 1694 431 1726 Οὕτως
441 1695 616 1727 ὲπολιτεύσω,
631 1695 699 1722 ὥστε
713 1696 823 1722 ἀποσεί-

48 1742 130 1769 sudat
150 1743 199 1778 τὴν
220 1742 293 1777 ἐμὴν
306 1742 474 1768 δουλείαν.“Η
491 1742 579 1768 τοίνυν
591 1742 675 1768 ταῦτα
692 1744 724 1769 ὲκ
741 1751 824 1778 προσ-

47 1786 108 1814 ώπου
121 1788 173 1815 τῶν
189 1788 327 1815 Ἰουδαίων
349 1788 454 1823 εἴρηται
470 1788 635 1815 ἀθετούντων
651 1789 700 1825 τὴν
723 1790 762 1821 εἰς
777 1789 825 1816 τὸν

48 1832 133 1867 Κύριον
147 1833 300 1869 ὑποταγὴν,
312 1833 359 1860 καὶ
369 1833 430 1860 οὔτε
444 1834 517 1869 αὐτῷ
532 1834 593 1861 οὔτε
607 1834 646 1870 τῷ
655 1835 741 1870 Πατρὶ
758 1836 828 1862 ὑπο-

47 1877 142 1914 ζεῦχθαι
154 1880 287 1907 θελόντων
297 1888 304 1896 ·
362 1880 408 1906 καὶ
424 1882 480 1912 τοῖς
495 1880 653 1907 πιστεύσασι
665 1880 696 1907 τὺ
711 1881 822 1916 Πνεῦμα

48 1927 175 1961 παρεγγυᾷ
189 1926 238 1952 καὶ
251 1925 325 1960 λέγει
334 1934 340 1940 ·
352 1926 398 1961 Μὴ
412 1926 588 1961 όμοιωθῶμεν
599 1927 654 1957 τοῖς
667 1926 824 1953 ὲπιὸουλεύ-

48 1978 98 1996 om.
111 1971 148 2006 τῷ
165 1971 288 2007 Χριστῷ,
306 1972 373 2007 μηδὲ
396 1972 567 2007 συνδεθῶμεν
583 1973 673 2003 αὐτοῖς
689 1971 758 1998 κατὰ
774 1973 823 2008 τὴν

47 2017 156 2050 ὁμόνοιαν
166 2026 172 2032 ·
186 2017 256 2044 ἀλλὰ
272 2017 319 2044 καὶ
332 2018 376 2043 τὸν
392 2017 476 2054 βαρὺν
489 2017 535 2044 τοῦ
551 2016 665 2044 παλαιοῦ
683 2018 763 2053 νόμου
778 2017 823 2050 ζυ-

48 2062 84 2093 γὸν
100 2063 334 2099 ἀποτιναξώμεθα,
352 2063 433 2098 μηδὲν
457 2063 603 2098 ἡγούμενοι
624 2063 657 2089 τὰ
674 2063 702 2090 ἐν
716 2063 822 2095 τύποις,

48 2106 66 2130 ιί
78 2107 109 2142 μὴ
124 2109 223 2134 νοοῖντο
238 2108 440 2143 πνευματικῶς.
450 2108 605 2140 ’Λσυντελὲς
619 2108 673 2144 γὰρ
684 2108 750 2144 πρὸς
762 2108 824 2145 ὄνη-

49 2153 110 2188 σινὴ
128 2153 200 2187 σκιὰ,
218 2155 243 2181 εἰ
261 2153 299 2189 μὴ
316 2153 347 2180 τὸ
363 2153 480 2189 Χριστοῦ
498 2154 643 2189 μυστήριον
656 2153 803 2189 ζωγραφεῖ.

915 1285 1087 1312 Athanasius.
1108 1283 1191 1311 Deest
1213 1283 1258 1310 hic
1285 1283 1361 1316 illud,
1375 1283 1505 1316 dicentes,
1518 1287 1549 1310 ut
1570 1283 1613 1310 hic
1631 1284 1667 1311 sit

879 1337 986 1361 sensus,
1001 1330 1157 1364 Congregati
1179 1333 1241 1355 sunt
1262 1334 1354 1355 contra
1374 1328 1516 1356 Dominum
1532 1334 1556 1355 et
1573 1335 1667 1357 contra

879 1376 1014 1404 Christum
1036 1375 1103 1410 ejus,
1123 1375 1265 1402 dicentes:
1287 1374 1472 1409 Dirumpamus
1495 1375 1599 1402 vincula
1622 1383 1666 1402 eo-

879 1428 946 1447 rum.
964 1420 1103 1453 Quorum?
1125 1418 1214 1447 Patris
1236 1419 1365 1446 nimirum
1387 1425 1413 1446 et
1433 1419 1494 1446 Filii
1514 1428 1520 1446 :
1538 1421 1666 1447 nolebant

878 1466 949 1494 enim
975 1466 1046 1492 intra
1063 1473 1168 1492 sacram
1185 1464 1292 1492 Domini
1310 1473 1437 1500 sagenam
1453 1473 1513 1492 esse
1530 1475 1535 1492 :
1552 1466 1664 1500 objiciu-

878 1519 936 1538 mus
961 1518 1024 1538 vero
1048 1510 1128 1538 etiam
1144 1510 1239 1544 jugum
1254 1511 1380 1544 ipsorum,
1397 1509 1448 1536 hoc
1470 1515 1521 1542 est,
1538 1509 1622 1544 legem
1638 1513 1666 1536 rt

878 1561 1010 1592 praecepta
1035 1555 1182 1590 Evangelii,
1207 1555 1239 1582 de
1264 1563 1318 1591 quo
1340 1555 1471 1589 scriptum
1488 1558 1548 1581 est:
1565 1553 1664 1588 Jugth

877 1610 962 1630 meum
982 1610 1059 1628 suave
1070 1602 1136 1629 est'.
1152 1600 1208 1628 Hoc
1223 1609 1288 1628 vero
1305 1601 1386 1628 etiam
1402 1601 1516 1635 ipsemet
1534 1600 1665 1629 Dominus

880 1649 946 1683 ipsis
972 1648 1117 1682 exprobrat
1135 1655 1182 1682 per
1197 1646 1353 1678 Jeremiam,
1376 1647 1439 1673 dum
1465 1646 1524 1673 ait:
1544 1647 1663 1673 Dixisti:

878 1693 939 1720 Non
951 1693 1061 1720 serviam
1076 1692 1149 1724 tibi“,
1158 1692 1235 1727 quasi
1246 1692 1327 1722 dicat,
1337 1690 1383 1718 Sic
1399 1695 1423 1717 te
1433 1691 1550 1726 gessisti,
1563 1695 1591 1717 ut
1604 1698 1662 1718 scr-

875 1741 988 1768 vitutem
1006 1747 1093 1766 meam
1111 1743 1262 1766 excuteres.
1285 1738 1340 1764 Aut
1356 1737 1437 1772 igitur
1457 1737 1513 1763 haec
1530 1741 1660 1771 tauquam

874 1793 908 1812 ex
922 1784 1076 1811 Judaaorum
1093 1791 1208 1818 persona
1222 1783 1361 1814 dicuntur,
1375 1782 1421 1816 qui
1439 1781 1551 1808 subesse
1569 1781 1662 1808 Domi-

875 1838 910 1858 no
926 1834 1063 1860 recusant,
1078 1833 1105 1856 et
1126 1836 1175 1856 nec
1198 1829 1260 1864 ipsi,
1276 1835 1364 1863 neque
1384 1827 1457 1854 Patri
1480 1828 1538 1862 ejus
1562 1827 1661 1862 subjici

873 1877 990 1904 volunt:
1008 1880 1054 1903 aut
1076 1880 1148 1903 certe
1174 1875 1291 1909 Spiritus
1317 1873 1458 1902 credentes
1481 1874 1609 1900 admonet
1634 1877 1662 1900 ct

876 1923 960 1950 dicit:
974 1921 1012 1949 Ne
1027 1921 1209 1949 assimilemur
1224 1921 1257 1948 iis
1270 1920 1317 1955 qui
1329 1920 1437 1948 Christo
1451 1919 1571 1946 insidiati
1583 1924 1658 1952 sunt,

875 1976 962 2002 neque
985 1972 1179 1995 connectamur
1205 1967 1271 2000 ipsis
1288 1965 1483 1993 consentiendo
1499 1974 1505 1992 :
1522 1965 1588 1999 quin
1611 1973 1660 1999 po-

871 2015 928 2042 tius
943 2021 1022 2049 grave
1037 2013 1101 2040 illud
1118 2013 1217 2040 veteris
1233 2012 1299 2046 legis
1316 2019 1385 2039 unus
1403 2011 1576 2046 abjiciamus,
1590 2011 1659 2038 nihil

873 2060 1038 2088 aestimantes
1053 2063 1132 2094 typos
1150 2059 1221 2091 illos,
1236 2059 1288 2085 nisi
1311 2057 1487 2092 spiritualiter
1502 2056 1658 2091 intelligan-

873 2111 927 2134 tur.
943 2105 1044 2132 Umbra
1063 2112 1181 2139 namque
1195 2112 1238 2132 res
1251 2104 1375 2139 quadam
1387 2107 1429 2130 est
1444 2103 1601 2138 imperfecta
1617 2107 1658 2129 at-

874 2156 926 2186 que
943 2151 1057 2181 inutilis.
1072 2151 1094 2178 si
1108 2150 1209 2177 Christi
1224 2150 1382 2185 mysterium
1397 2157 1450 2177 non
1465 2149 1602 2176 describit.

404 2210 440 2237 Et
459 2211 487 2236 in
500 2210 547 2236 illa
562 2209 656 2237 verba:
671 2219 679 2235 ι
696 2209 767 2237 Tum:
782 2209 902 2244 loquetur
920 2208 954 2235 ad
968 2217 1012 2235 eos
1030 2209 1057 2234 in
1071 2209 1112 2234 ira
1125 2216 1184 2240 sua,
1200 2216 1209 2233 ›
1224 2215 1247 2234 υ.
1262 2207 1287 2234 5.

79 2268 256 2297 Ἆθανασιου.
266 2270 321 2305 (54)
329 2270 404 2296 Τότε.
416 2270 494 2302 Πότε,
505 2270 521 2305 ἢ
534 2270 576 2296 ὅτε
586 2269 676 2304 ἔλεγον
685 2278 692 2286 ’
702 2269 822 2304 Διαρῤή-
838 2271 860 2298 D

48 2310 129 2346 ἕωμεν
143 2315 213 2347 τοὺς
226 2314 358 2349 δεσμοὺς
370 2313 484 2346 uincor;
501 2314 567 2341 Τίνα
580 2314 608 2340 δέ
624 2315 697 2340 ἐστιν
707 2315 736 2340 ὲν
747 2315 814 2350 ὀργῇ

48 2360 100 2393 παρ’
115 2360 193 2387 αὐτοῦ
207 2361 373 2396 λαληθέντα;
393 2360 464 2387 Οὐαὶ
480 2360 559 2394 ὑμῖν,
572 2360 755 2394 Γραλιματεῖς
766 2361 815 2387 καὶ

49 2402 192 2437 ‘l’apwaiot,
213 2405 259 2431 ὅτι
281 2403 443 2439 ἀρθήσεται
465 2405 515 2439 ἀφ’
530 2403 613 2439 ὑμῶν
635 2404 654 2437 ἡ
672 2405 815 2436 βασιλεία

48 2447 91 2473 τοῦ
104 2449 181 2476 Θεοῦ.
204 2449 261 2477 Kal
275 2451 337 2483 τοῖς
349 2450 491 2485 νομικοῖς,
505 2450 621 2477 οὐαί.“Η
633 2450 673 2483 τὸ,
687 2449 764 2480 Τότε,
776 2450 815 2481 εἰς

48 2492 84 2518 τὸν
102 2496 190 2530 καιρὸν
211 2496 262 2531 τῆς
282 2496 397 2532 κρίσεως
412 2497 586 2532 ἀναφέρεται,
604 2496 677 2523 ὅταν
690 2496 814 2529 ὄψονται

48 2538 83 2569 εὶς
103 2539 135 2565 ὃν
155 2541 364 2576 ἐξεκέντησαν.
381 2543 446 2569 Τότε
463 2542 517 2578 γὰρ
531 2542 640 2579 ταράξει
656 2542 755 2573 αὐτοὺς
769 2541 814 2568 λέ-

49 2590 108 2615 γων’
121 2588 285 2621 Πορεύεσθε
307 2589 357 2615 ἀπ’
373 2589 445 2624 ἐμοῦ
461 2591 488 2616 οὶ
507 2589 814 2624 κατηραμένοι.Ἐπει-

50 2629 154 2665 ράθησαν
169 2633 197 2659 δὲ
215 2634 288 2666 θείας
304 2635 397 2670 ὀργῆς,
410 2636 455 2661 καὶ
468 2635 512 2662 ὅτε
529 2637 545 2670 ἡ
570 2634 710 2670 Ῥωμαῖκὴ
723 2635 815 2666 αὐτοῖς

49 2674 166 2705 ἐπιστᾶσα
187 2681 300 2716 στρατιὰ
320 2682 370 2717 τήν
391 2690 421 2708 τε
443 2681 520 2708 πόλιν
543 2681 687 2717 ἐνέπρησε,
705 2680 813 2707 καὶτὸν

78 2744 126 2780 (55)
143 2745 204 2774 Haec
220 2747 350 2775 habentur
363 2748 498 2782 superius,
508 2746 556 2775 sed
568 2746 703 2774 breviora.

78 2801 86 2815 ⁷
103 2800 179 2838 toan.
192 2811 218 2834 v,
234 2803 278 2830 23.
314 2804 324 2820 ³
342 2805 439 2832 Matth.
455 2813 494 2838 xi,
513 2803 556 2831 50.
596 2803 607 2819 ⁹
626 2801 727 2830 Ierem.
741 2800 828 2836 11,20.

48 2834 84 2862 δῖ.
120 2838 139 2853 ¹³
158 2837 252 2866 Matth.
269 2847 328 2872 xxv,
347 2840 388 2866 Η.

909 2269 1058 2296 Athanasii.
1074 2267 1159 2295 Tunc.
1176 2267 1300 2300 Quando,
1312 2267 1363 2294 nisi
1377 2275 1438 2294 cum
1452 2267 1573 2294 dicerent
1585 2276 1592 2295 :
1606 2266 1656 2294 Di-

870 2323 1020 2349 rumpamus
1039 2314 1142 2341 uincula
1157 2313 1295 2348 ipsorum?
1316 2312 1402 2340 Porro
1428 2320 1489 2348 quae
1511 2317 1575 2340 sunt
1598 2312 1656 2345 illa,

869 2369 930 2396 qua:
951 2361 977 2387 in
1001 2361 1040 2387 ira
1059 2359 1092 2387 ab
1117 2360 1177 2394 ipso
1202 2359 1273 2386 dicta
1290 2358 1372 2385 sunt?
1388 2358 1449 2385 Haec
1464 2357 1589 2386 scilicet:
1611 2357 1656 2385 Va:

868 2406 949 2438 vobis,
966 2405 1066 2433 Scriba:
1085 2410 1110 2432 et
1128 2405 1270 2437 Pharisaei,
1293 2405 1355 2439 quia
1373 2404 1479 2431 tolletur
1491 2413 1507 2431 α
1519 2403 1589 2430 vobis
1611 2412 1654 2430 re-

868 2460 947 2486 gnum
961 2451 1008 2477 Dei
1019 2451 1049 2477 ”.
1067 2450 1101 2477 Et
1114 2450 1184 2477 vobis
1197 2449 1365 2484 legisperitis,
1377 2457 1415 2476 vw
1426 2449 1457 2475 “.
1473 2448 1522 2475 Vel
1534 2453 1606 2475 certe
1623 2448 1655 2475 i1-

867 2497 923 2529 lud,
941 2501 1014 2528 tunc,
1031 2495 1147 2523 refertur
1166 2496 1199 2522 ad
1217 2500 1322 2529 tempus
1337 2495 1443 2528 judirii,
1461 2493 1569 2528 quando
1580 2493 1653 2520 uide-

868 2541 930 2568 bunt
944 2542 971 2568 in
986 2549 1061 2576 quem
1076 2540 1264 2574 trans/izerunt
1278 2539 1310 2564 ”.
1328 2538 1406 2566 Tunc
1419 2539 1490 2566 enim
1506 2538 1653 2565 conturba-

867 2587 908 2614 bit
923 2595 980 2619 eos,
995 2587 1088 2614 dicens
1104 2595 1111 2612 :
1130 2585 1262 2612 Discedite
1285 2593 1301 2611 a
1324 2593 1373 2615 me,
1396 2584 1530 2611 maledicti
1540 2583 1570 2610 ”.
1585 2582 1655 2609 Divi-

868 2641 930 2660 nam
947 2636 1037 2659 autem
1052 2632 1120 2658 iram
1133 2630 1218 2658 Judaei
1229 2630 1333 2664 experti
1347 2636 1420 2662 sunt,
1437 2637 1498 2656 cum
1513 2629 1652 2655 Romanus

867 2678 894 2705 in
908 2677 980 2712 ipsos
996 2677 1102 2704 irruens
1113 2676 1249 2703 exercitus
1263 2676 1356 2703 urbem
1373 2675 1502 2707 incendit,
1519 2673 1650 2707 templum

900 2743 954 2780 (St)
975 2743 1038 2770 llzec
1051 2743 1114 2770 item
1127 2743 1264 2778 superius,
1280 2742 1326 2770 sed
1339 2742 1478 2777 pauciora.

869 2800 890 2816 ¹⁶
912 2799 1006 2828 Matth.
1027 2807 1084 2832 xxi,
1100 2799 1146 2826 45.
1185 2799 1205 2815 “
1226 2797 1293 2826 Luc.
1311 2805 1350 2832 ιι,
1364 2797 1407 2824 46.
1448 2797 1468 2813 η
1488 2795 1564 2824 Joan.
1589 2802 1649 2827 x13.
