  <div class='ocr_page' id='page_1' title='image "/cluster/home/n/w/nwhite01/storage/ocr_20150623/27/njp.32101010944609/299.png"; bbox 0 0 1926 3051; ppageno 0'>
   <div class='ocr_carea' id='block_1_1' title="bbox 268 151 1475 184">
    <p class='ocr_par' dir='ltr' id='par_1_1' title="bbox 268 151 1475 184">
     <span class='ocr_line' id='line_1_1' title="bbox 268 151 1475 184; baseline 0.003 -5"><span class='ocrx_word' id='word_1_1' title='bbox 268 151 320 180; x_wconf 57' lang='grc' dir='ltr'><strong><em>ἔνΞῖ</em></strong></span> <span class='ocrx_word' id='word_1_2' title='bbox 704 153 733 180; x_wconf 83' lang='grc'>8.</span> <span class='ocrx_word' id='word_1_3' title='bbox 753 153 937 182; x_wconf 81' lang='lat' dir='ltr'><strong><em>ATHANASII</em></strong></span> <span class='ocrx_word' id='word_1_4' title='bbox 955 153 1030 182; x_wconf 85' lang='lat' dir='ltr'><strong><em>OPP.</em></strong></span> <span class='ocrx_word' id='word_1_5' title='bbox 1050 154 1140 182; x_wconf 76' lang='lat' dir='ltr'><strong><em>PARS</em></strong></span> <span class='ocrx_word' id='word_1_6' title='bbox 1154 155 1197 182; x_wconf 83' lang='lat' dir='ltr'><strong><em>Ill.</em></strong></span> <span class='ocrx_word' id='word_1_7' title='bbox 1216 171 1250 175; x_wconf 96' lang='lat'><strong>—</strong></span> <span class='ocrx_word' id='word_1_8' title='bbox 1270 155 1475 184; x_wconf 67' lang='lat' dir='ltr'><strong><em>EXEGETICA.</em></strong></span> 
     </span>
    </p>
   </div>
   <div class='ocr_carea' id='block_1_2' title="bbox 640 323 1511 361">
    <p class='ocr_par' dir='ltr' id='par_1_2' title="bbox 640 323 1511 361">
     <span class='ocr_line' id='line_1_2' title="bbox 640 323 1511 361; baseline 0.001 -9"><span class='ocrx_word' id='word_1_9' title='bbox 640 323 681 353; x_wconf 85' lang='grc' dir='ltr'>ΙΝ</span> <span class='ocrx_word' id='word_1_10' title='bbox 710 324 959 355; x_wconf 72' lang='lat' dir='ltr'><strong><em>FRAGMENTA</em></strong></span> <span class='ocrx_word' id='word_1_11' title='bbox 982 324 1281 361; x_wconf 78' lang='lat' dir='ltr'><strong><em>SUBSEQUENTIA</em></strong></span> <span class='ocrx_word' id='word_1_12' title='bbox 1311 323 1511 354; x_wconf 76' lang='lat' dir='ltr'><strong><em>MONITUM.</em></strong></span> 
     </span>
    </p>
   </div>
   <div class='ocr_carea' id='block_1_3' title="bbox 270 483 1893 520">
    <p class='ocr_par' dir='ltr' id='par_1_3' title="bbox 270 483 1893 520">
     <span class='ocr_line' id='line_1_3' title="bbox 270 483 1893 520; baseline 0.003 -12"><span class='ocrx_word' id='word_1_13' title='bbox 270 483 334 515; x_wconf 71' lang='lat' dir='ltr'><strong><em>Qua-</em></strong></span> <span class='ocrx_word' id='word_1_14' title='bbox 349 483 540 517; x_wconf 77' lang='lat' dir='ltr'><strong><em>snbsequuntur</em></strong></span> <span class='ocrx_word' id='word_1_15' title='bbox 559 483 707 518; x_wconf 82' lang='lat' dir='ltr'><strong><em>fragmenta</em></strong></span> <span class='ocrx_word' id='word_1_16' title='bbox 727 484 984 511; x_wconf 74' lang='lat' dir='ltr'><strong><em>Commentariorum</em></strong></span> <span class='ocrx_word' id='word_1_17' title='bbox 1003 485 1144 512; x_wconf 73' lang='lat' dir='ltr'><strong><em>Athanasii</em></strong></span> <span class='ocrx_word' id='word_1_18' title='bbox 1157 486 1184 512; x_wconf 86' lang='lat' dir='ltr'><strong><em>in</em></strong></span> <span class='ocrx_word' id='word_1_19' title='bbox 1202 485 1317 520; x_wconf 76' lang='lat' dir='ltr'><strong><em>psalmos</em></strong></span> <span class='ocrx_word' id='word_1_20' title='bbox 1333 485 1406 520; x_wconf 87' lang='lat' dir='ltr'><strong><em>prior</em></strong></span> <span class='ocrx_word' id='word_1_21' title='bbox 1419 485 1501 512; x_wconf 84' lang='lat' dir='ltr'><strong><em>edidit</em></strong></span> <span class='ocrx_word' id='word_1_22' title='bbox 1515 484 1610 512; x_wconf 89' lang='lat' dir='ltr'><strong><em>Petrus</em></strong></span> <span class='ocrx_word' id='word_1_23' title='bbox 1628 485 1824 514; x_wconf 73' lang='lat' dir='ltr'><strong><em>Felcltmannus</em></strong></span> <span class='ocrx_word' id='word_1_24' title='bbox 1843 486 1893 514; x_wconf 70' lang='lat' dir='ltr'><strong><em>sub</em></strong></span> 
     </span>
    </p>
   </div>
   <div class='ocr_carea' id='block_1_4' title="bbox 425 532 1731 568">
    <p class='ocr_par' dir='ltr' id='par_1_4' title="bbox 425 532 1731 568">
     <span class='ocr_line' id='line_1_4' title="bbox 425 532 1731 568; baseline 0.002 -10"><span class='ocrx_word' id='word_1_25' title='bbox 425 533 504 566; x_wconf 79' lang='lat' dir='ltr'><strong><em>ﬁnem</em></strong></span> <span class='ocrx_word' id='word_1_26' title='bbox 517 532 666 567; x_wconf 87' lang='lat' dir='ltr'><strong><em>appendicis</em></strong></span> <span class='ocrx_word' id='word_1_27' title='bbox 683 533 717 559; x_wconf 88' lang='lat' dir='ltr'><strong><em>ad</em></strong></span> <span class='ocrx_word' id='word_1_28' title='bbox 731 532 870 561; x_wconf 73' lang='lat' dir='ltr'><strong><em>editionem</em></strong></span> <span class='ocrx_word' id='word_1_29' title='bbox 881 533 1128 566; x_wconf 83' lang='lat' dir='ltr'><strong><em>Commelinianam,</em></strong></span> <span class='ocrx_word' id='word_1_30' title='bbox 1145 534 1193 560; x_wconf 89' lang='lat' dir='ltr'><strong><em>hac</em></strong></span> <span class='ocrx_word' id='word_1_31' title='bbox 1206 534 1344 568; x_wconf 79' lang='lat' dir='ltr'><strong><em>pra&#39;missa</em></strong></span> <span class='ocrx_word' id='word_1_32' title='bbox 1360 533 1394 559; x_wconf 88' lang='lat' dir='ltr'><strong><em>ad</em></strong></span> <span class='ocrx_word' id='word_1_33' title='bbox 1410 534 1530 560; x_wconf 75' lang='lat' dir='ltr'><strong><em>lectorem</em></strong></span> <span class='ocrx_word' id='word_1_34' title='bbox 1542 534 1731 560; x_wconf 72' lang='lat' dir='ltr'><strong><em>admonitione.</em></strong></span> 
     </span>
    </p>
   </div>
   <div class='ocr_carea' id='block_1_5' title="bbox 850 587 1305 607">
    <p class='ocr_par' dir='ltr' id='par_1_5' title="bbox 850 587 1305 607">
     <span class='ocr_line' id='line_1_5' title="bbox 850 587 1305 607; baseline -0.002 0"><span class='ocrx_word' id='word_1_35' title='bbox 850 588 880 607; x_wconf 78' lang='lat' dir='ltr'><strong>PE</strong></span> <span class='ocrx_word' id='word_1_36' title='bbox 886 588 954 607; x_wconf 76' lang='lat' dir='ltr'><strong><em>TRUS</em></strong></span> <span class='ocrx_word' id='word_1_37' title='bbox 972 587 1162 607; x_wconf 62' lang='grc' dir='ltr'><strong><em>Ρειειίωληυε</em></strong></span> <span class='ocrx_word' id='word_1_38' title='bbox 1181 588 1305 607; x_wconf 72' lang='lat' dir='ltr'><strong><em>LECTORI.</em></strong></span> 
     </span>
    </p>
   </div>
   <div class='ocr_carea' id='block_1_6' title="bbox 306 627 1892 664">
    <p class='ocr_par' dir='ltr' id='par_1_6' title="bbox 306 627 1892 664">
     <span class='ocr_line' id='line_1_6' title="bbox 306 627 1892 664; baseline 0 -10"><span class='ocrx_word' id='word_1_39' title='bbox 306 639 315 654; x_wconf 78' lang='grc' dir='ltr'><strong><em>ι</em></strong></span> <span class='ocrx_word' id='word_1_40' title='bbox 329 627 394 656; x_wconf 90' lang='lat' dir='ltr'><strong><em>Cum</em></strong></span> <span class='ocrx_word' id='word_1_41' title='bbox 407 629 573 662; x_wconf 75' lang='lat' dir='ltr'><strong><em>pra-missam</em></strong></span> <span class='ocrx_word' id='word_1_42' title='bbox 588 628 755 662; x_wconf 73' lang='lat' dir='ltr'><strong><em>appendicem</em></strong></span> <span class='ocrx_word' id='word_1_43' title='bbox 770 629 900 664; x_wconf 82' lang='lat' dir='ltr'><strong><em>hucusque</em></strong></span> <span class='ocrx_word' id='word_1_44' title='bbox 912 629 969 663; x_wconf 86' lang='lat' dir='ltr'><strong><em>jam</em></strong></span> <span class='ocrx_word' id='word_1_45' title='bbox 984 629 1175 663; x_wconf 54' lang='lat' dir='ltr'><strong><em>perduxissent,</em></strong></span> <span class='ocrx_word' id='word_1_46' title='bbox 1187 629 1267 655; x_wconf 84' lang='lat' dir='ltr'><strong><em>incidi</em></strong></span> <span class='ocrx_word' id='word_1_47' title='bbox 1282 629 1309 655; x_wconf 84' lang='lat' dir='ltr'><strong><em>in</em></strong></span> <span class='ocrx_word' id='word_1_48' title='bbox 1323 636 1400 662; x_wconf 82' lang='lat' dir='ltr'><strong><em>opera</em></strong></span> <span class='ocrx_word' id='word_1_49' title='bbox 1412 628 1527 662; x_wconf 80' lang='lat' dir='ltr'><strong><em>Luciferi</em></strong></span> <span class='ocrx_word' id='word_1_50' title='bbox 1544 629 1657 662; x_wconf 75' lang='lat' dir='ltr'><strong><em>episcopi</em></strong></span> <span class='ocrx_word' id='word_1_51' title='bbox 1667 627 1835 658; x_wconf 81' lang='lat' dir='ltr'><strong><em>Calaritani.</em></strong></span> <span class='ocrx_word' id='word_1_52' title='bbox 1846 637 1892 655; x_wconf 82' lang='lat' dir='ltr'><strong><em>cu-</em></strong></span> 
     </span>
    </p>
   </div>
   <div class='ocr_carea' id='block_1_7' title="bbox 265 674 1893 709">
    <p class='ocr_par' dir='ltr' id='par_1_7' title="bbox 265 674 1893 709">
     <span class='ocr_line' id='line_1_7' title="bbox 265 674 1893 709; baseline 0.001 -9"><span class='ocrx_word' id='word_1_53' title='bbox 265 674 309 709; x_wconf 84' lang='lat' dir='ltr'><strong><em>jus</em></strong></span> <span class='ocrx_word' id='word_1_54' title='bbox 326 674 416 701; x_wconf 82' lang='lat' dir='ltr'><strong><em>crebra</em></strong></span> <span class='ocrx_word' id='word_1_55' title='bbox 430 679 454 701; x_wconf 91' lang='lat' dir='ltr'><strong><em>et</em></strong></span> <span class='ocrx_word' id='word_1_56' title='bbox 475 674 584 701; x_wconf 89' lang='lat' dir='ltr'><strong><em>laudata</em></strong></span> <span class='ocrx_word' id='word_1_57' title='bbox 601 675 627 700; x_wconf 92' lang='lat' dir='ltr'><strong><em>in</em></strong></span> <span class='ocrx_word' id='word_1_58' title='bbox 645 675 792 701; x_wconf 77' lang='lat' dir='ltr'><strong><em>Athanasio</em></strong></span> <span class='ocrx_word' id='word_1_59' title='bbox 804 680 893 701; x_wconf 88' lang='lat' dir='ltr'><strong><em>nostro</em></strong></span> <span class='ocrx_word' id='word_1_60' title='bbox 908 677 1016 706; x_wconf 77' lang='lat' dir='ltr'><strong><em>mentio.</em></strong></span> <span class='ocrx_word' id='word_1_61' title='bbox 1029 675 1086 709; x_wconf 85' lang='lat' dir='ltr'><strong><em>jam</em></strong></span> <span class='ocrx_word' id='word_1_62' title='bbox 1099 676 1160 702; x_wconf 89' lang='lat' dir='ltr'><strong><em>olim</em></strong></span> <span class='ocrx_word' id='word_1_63' title='bbox 1175 675 1285 702; x_wconf 57' lang='lat' dir='ltr'><strong><em>Lutetiae</em></strong></span> <span class='ocrx_word' id='word_1_64' title='bbox 1300 684 1315 701; x_wconf 92' lang='lat' dir='ltr'><strong><em>a</em></strong></span> <span class='ocrx_word' id='word_1_65' title='bbox 1330 675 1432 702; x_wconf 84' lang='lat' dir='ltr'><strong><em>Joanne</em></strong></span> <span class='ocrx_word' id='word_1_66' title='bbox 1449 675 1517 702; x_wconf 89' lang='lat' dir='ltr'><strong><em>Tilio</em></strong></span> <span class='ocrx_word' id='word_1_67' title='bbox 1529 675 1648 709; x_wconf 86' lang='lat' dir='ltr'><strong><em>episcopo</em></strong></span> <span class='ocrx_word' id='word_1_68' title='bbox 1664 674 1796 702; x_wconf 76' lang='lat' dir='ltr'><strong><em>Meldensi</em></strong></span> <span class='ocrx_word' id='word_1_69' title='bbox 1806 675 1893 702; x_wconf 80' lang='lat' dir='ltr'><strong><em>edita.</em></strong></span> 
     </span>
    </p>
   </div>
   <div class='ocr_carea' id='block_1_8' title="bbox 269 720 1894 756">
    <p class='ocr_par' dir='ltr' id='par_1_8' title="bbox 269 720 1894 756">
     <span class='ocr_line' id='line_1_8' title="bbox 269 720 1894 756; baseline 0 -10"><span class='ocrx_word' id='word_1_70' title='bbox 269 721 333 754; x_wconf 75' lang='lat' dir='ltr'><strong><em>Qua-</em></strong></span> <span class='ocrx_word' id='word_1_71' title='bbox 348 729 406 747; x_wconf 86' lang='lat' dir='ltr'><strong><em>cum</em></strong></span> <span class='ocrx_word' id='word_1_72' title='bbox 422 722 605 755; x_wconf 76' lang='lat' dir='ltr'><strong><em>pervolverem,</em></strong></span> <span class='ocrx_word' id='word_1_73' title='bbox 623 721 702 748; x_wconf 79' lang='lat' dir='ltr'><strong><em>incidi</em></strong></span> <span class='ocrx_word' id='word_1_74' title='bbox 720 722 746 747; x_wconf 91' lang='lat' dir='ltr'><strong><em>in</em></strong></span> <span class='ocrx_word' id='word_1_75' title='bbox 769 726 819 748; x_wconf 88' lang='lat' dir='ltr'><strong><em>tres</em></strong></span> <span class='ocrx_word' id='word_1_76' title='bbox 838 721 977 748; x_wconf 78' lang='lat' dir='ltr'><strong><em>Athanasii</em></strong></span> <span class='ocrx_word' id='word_1_77' title='bbox 992 721 1128 756; x_wconf 73' lang='lat' dir='ltr'><strong><em>epistolas,</em></strong></span> <span class='ocrx_word' id='word_1_78' title='bbox 1146 722 1213 748; x_wconf 86' lang='lat' dir='ltr'><strong><em>duas</em></strong></span> <span class='ocrx_word' id='word_1_79' title='bbox 1235 722 1269 748; x_wconf 85' lang='lat' dir='ltr'><strong><em>ad</em></strong></span> <span class='ocrx_word' id='word_1_80' title='bbox 1291 721 1452 754; x_wconf 80' lang='lat' dir='ltr'><strong><em>Luciferum,</em></strong></span> <span class='ocrx_word' id='word_1_81' title='bbox 1466 725 1489 747; x_wconf 88' lang='lat' dir='ltr'><strong><em>et</em></strong></span> <span class='ocrx_word' id='word_1_82' title='bbox 1515 721 1619 747; x_wconf 76' lang='lat' dir='ltr'><strong><em>tertiam</em></strong></span> <span class='ocrx_word' id='word_1_83' title='bbox 1636 720 1670 747; x_wconf 88' lang='lat' dir='ltr'><strong><em>ad</em></strong></span> <span class='ocrx_word' id='word_1_84' title='bbox 1686 721 1819 747; x_wconf 63' lang='lat' dir='ltr'><strong><em>solitarii:</em></strong></span> <span class='ocrx_word' id='word_1_85' title='bbox 1833 722 1894 747; x_wconf 66' lang='lat' dir='ltr'><strong><em>vitm</em></strong></span> 
     </span>
    </p>
   </div>
   <div class='ocr_carea' id='block_1_9' title="bbox 267 766 1894 800">
    <p class='ocr_par' dir='ltr' id='par_1_9' title="bbox 267 766 1894 800">
     <span class='ocr_line' id='line_1_9' title="bbox 267 766 1894 800; baseline 0 -8"><span class='ocrx_word' id='word_1_86' title='bbox 267 767 409 798; x_wconf 86' lang='lat' dir='ltr'><strong><em>studiosos,</em></strong></span> <span class='ocrx_word' id='word_1_87' title='bbox 423 775 535 800; x_wconf 82' lang='lat' dir='ltr'><strong><em>quarum</em></strong></span> <span class='ocrx_word' id='word_1_88' title='bbox 550 775 580 792; x_wconf 89' lang='lat' dir='ltr'><strong><em>ne</em></strong></span> <span class='ocrx_word' id='word_1_89' title='bbox 595 766 667 800; x_wconf 92' lang='lat' dir='ltr'><strong><em>fama</em></strong></span> <span class='ocrx_word' id='word_1_90' title='bbox 681 766 783 800; x_wconf 82' lang='lat' dir='ltr'><strong><em>quidem</em></strong></span> <span class='ocrx_word' id='word_1_91' title='bbox 798 771 858 793; x_wconf 83' lang='lat' dir='ltr'><strong><em>ante</em></strong></span> <span class='ocrx_word' id='word_1_92' title='bbox 873 767 906 792; x_wconf 92' lang='lat' dir='ltr'><strong><em>ad</em></strong></span> <span class='ocrx_word' id='word_1_93' title='bbox 922 775 968 793; x_wconf 90' lang='lat' dir='ltr'><strong><em>nos</em></strong></span> <span class='ocrx_word' id='word_1_94' title='bbox 981 771 1141 800; x_wconf 80' lang='lat' dir='ltr'><strong><em>pervenerat.</em></strong></span> <span class='ocrx_word' id='word_1_95' title='bbox 1159 766 1232 798; x_wconf 82' lang='lat' dir='ltr'><strong><em>Quas</em></strong></span> <span class='ocrx_word' id='word_1_96' title='bbox 1247 774 1305 792; x_wconf 84' lang='lat' dir='ltr'><strong><em>cum</em></strong></span> <span class='ocrx_word' id='word_1_97' title='bbox 1321 773 1352 792; x_wconf 75' lang='lat' dir='ltr'><strong><em>ea:</em></strong></span> <span class='ocrx_word' id='word_1_98' title='bbox 1367 773 1453 792; x_wconf 84' lang='lat' dir='ltr'><strong><em>rerum</em></strong></span> <span class='ocrx_word' id='word_1_99' title='bbox 1469 773 1526 792; x_wconf 87' lang='lat' dir='ltr'><strong><em>cum</em></strong></span> <span class='ocrx_word' id='word_1_100' title='bbox 1540 766 1601 793; x_wconf 90' lang='lat' dir='ltr'><strong><em>aliis</em></strong></span> <span class='ocrx_word' id='word_1_101' title='bbox 1617 766 1760 793; x_wconf 77' lang='lat' dir='ltr'><strong><em>Athanasii</em></strong></span> <span class='ocrx_word' id='word_1_102' title='bbox 1774 767 1894 800; x_wconf 71' lang='lat' dir='ltr'><strong><em>epistolis</em></strong></span> 
     </span>
    </p>
   </div>
   <div class='ocr_carea' id='block_1_10' title="bbox 267 812 1894 850">
    <p class='ocr_par' dir='ltr' id='par_1_10' title="bbox 267 812 1894 850">
     <span class='ocr_line' id='line_1_10' title="bbox 267 812 1894 850; baseline -0.002 -8"><span class='ocrx_word' id='word_1_103' title='bbox 267 815 440 842; x_wconf 75' lang='lat' dir='ltr'><strong><em>similitudine</em></strong></span> <span class='ocrx_word' id='word_1_104' title='bbox 451 820 476 841; x_wconf 87' lang='lat' dir='ltr'><strong><em>et</em></strong></span> <span class='ocrx_word' id='word_1_105' title='bbox 492 815 646 841; x_wconf 79' lang='lat' dir='ltr'><strong><em>tractatione</em></strong></span> <span class='ocrx_word' id='word_1_106' title='bbox 661 816 785 850; x_wconf 86' lang='lat' dir='ltr'><strong><em>genuinas</em></strong></span> <span class='ocrx_word' id='word_1_107' title='bbox 801 823 855 842; x_wconf 87' lang='lat' dir='ltr'><strong><em>esse</em></strong></span> <span class='ocrx_word' id='word_1_108' title='bbox 870 816 1026 847; x_wconf 64' lang='lat' dir='ltr'><strong><em>existimem,</em></strong></span> <span class='ocrx_word' id='word_1_109' title='bbox 1042 815 1082 841; x_wconf 90' lang='lat' dir='ltr'><strong><em>hic</em></strong></span> <span class='ocrx_word' id='word_1_110' title='bbox 1100 815 1292 850; x_wconf 82' lang='lat' dir='ltr'><strong><em>subjungendas</em></strong></span> <span class='ocrx_word' id='word_1_111' title='bbox 1307 823 1363 842; x_wconf 82' lang='lat' dir='ltr'><strong><em>esse</em></strong></span> <span class='ocrx_word' id='word_1_112' title='bbox 1378 815 1476 849; x_wconf 77' lang='lat' dir='ltr'><strong><em>patavi.</em></strong></span> <span class='ocrx_word' id='word_1_113' title='bbox 1491 813 1524 840; x_wconf 84' lang='lat' dir='ltr'><strong><em>Et</em></strong></span> <span class='ocrx_word' id='word_1_114' title='bbox 1537 812 1600 846; x_wconf 91' lang='lat' dir='ltr'><strong><em>qnia</em></strong></span> <span class='ocrx_word' id='word_1_115' title='bbox 1614 812 1702 838; x_wconf 78' lang='lat' dir='ltr'><strong><em>eodem</em></strong></span> <span class='ocrx_word' id='word_1_116' title='bbox 1712 820 1814 846; x_wconf 78' lang='lat' dir='ltr'><strong><em>quoque</em></strong></span> <span class='ocrx_word' id='word_1_117' title='bbox 1826 817 1894 838; x_wconf 87' lang='lat' dir='ltr'><strong><em>tem-</em></strong></span> 
     </span>
    </p>
   </div>
   <div class='ocr_carea' id='block_1_11' title="bbox 266 857 1895 897">
    <p class='ocr_par' dir='ltr' id='par_1_11' title="bbox 266 857 1895 897">
     <span class='ocr_line' id='line_1_11' title="bbox 266 857 1895 897; baseline -0.002 -8"><span class='ocrx_word' id='word_1_118' title='bbox 266 871 328 897; x_wconf 90' lang='lat' dir='ltr'><strong><em>pore</em></strong></span> <span class='ocrx_word' id='word_1_119' title='bbox 346 863 491 897; x_wconf 86' lang='lat' dir='ltr'><strong><em>fragmenta</em></strong></span> <span class='ocrx_word' id='word_1_120' title='bbox 505 862 625 897; x_wconf 78' lang='lat' dir='ltr'><strong><em>qua-dum</em></strong></span> <span class='ocrx_word' id='word_1_121' title='bbox 637 861 891 889; x_wconf 87' lang='lat' dir='ltr'><strong><em>Commentariorum</em></strong></span> <span class='ocrx_word' id='word_1_122' title='bbox 907 861 992 888; x_wconf 72' lang='lat' dir='ltr'><strong><em>sancti</em></strong></span> <span class='ocrx_word' id='word_1_123' title='bbox 1009 861 1086 896; x_wconf 81' lang='lat' dir='ltr'><strong><em>hujus</em></strong></span> <span class='ocrx_word' id='word_1_124' title='bbox 1101 862 1185 887; x_wconf 81' lang='lat' dir='ltr'><strong><em>nostri</em></strong></span> <span class='ocrx_word' id='word_1_125' title='bbox 1199 861 1224 887; x_wconf 90' lang='lat' dir='ltr'><strong><em>in</em></strong></span> <span class='ocrx_word' id='word_1_126' title='bbox 1238 861 1353 895; x_wconf 83' lang='lat' dir='ltr'><strong><em>psalmos</em></strong></span> <span class='ocrx_word' id='word_1_127' title='bbox 1369 861 1396 887; x_wconf 87' lang='lat' dir='ltr'><strong><em>in</em></strong></span> <span class='ocrx_word' id='word_1_128' title='bbox 1410 859 1549 894; x_wconf 78' lang='grc' dir='ltr'>συλλογῇ</span> <span class='ocrx_word' id='word_1_129' title='bbox 1564 858 1663 885; x_wconf 79' lang='lat' dir='ltr'><strong><em>Niceta:</em></strong></span> <span class='ocrx_word' id='word_1_130' title='bbox 1684 857 1851 885; x_wconf 70' lang='lat' dir='ltr'><strong><em>Heracleota:</em></strong></span> <span class='ocrx_word' id='word_1_131' title='bbox 1868 859 1895 885; x_wconf 82' lang='lat' dir='ltr'><strong><em>in</em></strong></span> 
     </span>
    </p>
   </div>
   <div class='ocr_carea' id='block_1_12' title="bbox 271 905 1895 942">
    <p class='ocr_par' dir='ltr' id='par_1_12' title="bbox 271 905 1895 942">
     <span class='ocr_line' id='line_1_12' title="bbox 271 905 1895 942; baseline -0.002 -8"><span class='ocrx_word' id='word_1_132' title='bbox 271 907 395 935; x_wconf 81' lang='lat' dir='ltr'><strong><em>Biblioth.</em></strong></span> <span class='ocrx_word' id='word_1_133' title='bbox 411 907 537 934; x_wconf 82' lang='lat' dir='ltr'><strong><em>Palatina</em></strong></span> <span class='ocrx_word' id='word_1_134' title='bbox 553 907 646 942; x_wconf 85' lang='lat' dir='ltr'><strong><em>reperi,</em></strong></span> <span class='ocrx_word' id='word_1_135' title='bbox 662 906 752 934; x_wconf 89' lang='lat' dir='ltr'><strong><em>eadem</em></strong></span> <span class='ocrx_word' id='word_1_136' title='bbox 763 907 895 937; x_wconf 85' lang='lat' dir='ltr'><strong><em>similiter,</em></strong></span> <span class='ocrx_word' id='word_1_137' title='bbox 911 908 992 934; x_wconf 90' lang='lat' dir='ltr'><strong><em>donec</em></strong></span> <span class='ocrx_word' id='word_1_138' title='bbox 1004 907 1105 941; x_wconf 81' lang='lat' dir='ltr'><strong><em>integra</em></strong></span> <span class='ocrx_word' id='word_1_139' title='bbox 1117 907 1223 933; x_wconf 84' lang='lat' dir='ltr'><strong><em>aliunde</em></strong></span> <span class='ocrx_word' id='word_1_140' title='bbox 1238 907 1376 941; x_wconf 76' lang='lat' dir='ltr'><strong><em>prodeant,</em></strong></span> <span class='ocrx_word' id='word_1_141' title='bbox 1386 906 1470 940; x_wconf 79' lang='lat' dir='ltr'><strong><em>atljeci</em></strong></span> <span class='ocrx_word' id='word_1_142' title='bbox 1487 905 1659 933; x_wconf 78' lang='lat' dir='ltr'><strong><em>tumultuario</em></strong></span> <span class='ocrx_word' id='word_1_143' title='bbox 1670 912 1746 938; x_wconf 78' lang='lat' dir='ltr'><strong><em>opere</em></strong></span> <span class='ocrx_word' id='word_1_144' title='bbox 1759 905 1895 938; x_wconf 81' lang='lat' dir='ltr'><strong><em>festinan-</em></strong></span> 
     </span>
    </p>
   </div>
   <div class='ocr_carea' id='block_1_13' title="bbox 269 951 1896 987">
    <p class='ocr_par' dir='ltr' id='par_1_13' title="bbox 269 951 1896 987">
     <span class='ocr_line' id='line_1_13' title="bbox 269 951 1896 987; baseline 0 -9"><span class='ocrx_word' id='word_1_145' title='bbox 269 952 335 979; x_wconf 83' lang='lat' dir='ltr'><strong><em>tibus</em></strong></span> <span class='ocrx_word' id='word_1_146' title='bbox 347 953 426 987; x_wconf 83' lang='lat' dir='ltr'><strong><em>prelis</em></strong></span> <span class='ocrx_word' id='word_1_147' title='bbox 443 961 459 979; x_wconf 92' lang='lat' dir='ltr'><strong><em>a</em></strong></span> <span class='ocrx_word' id='word_1_148' title='bbox 472 961 511 979; x_wconf 91' lang='lat' dir='ltr'><strong><em>me</em></strong></span> <span class='ocrx_word' id='word_1_149' title='bbox 527 961 610 979; x_wconf 79' lang='lat' dir='ltr'><strong><em>versa.</em></strong></span> <span class='ocrx_word' id='word_1_150' title='bbox 630 952 786 987; x_wconf 84' lang='lat' dir='ltr'><strong><em>Quanquam</em></strong></span> <span class='ocrx_word' id='word_1_151' title='bbox 804 953 916 987; x_wconf 84' lang='lat' dir='ltr'><strong><em>fortasse</em></strong></span> <span class='ocrx_word' id='word_1_152' title='bbox 932 961 981 979; x_wconf 89' lang='lat' dir='ltr'><strong><em>non</em></strong></span> <span class='ocrx_word' id='word_1_153' title='bbox 1000 953 1088 979; x_wconf 89' lang='lat' dir='ltr'><strong><em>omnia</em></strong></span> <span class='ocrx_word' id='word_1_154' title='bbox 1101 961 1158 987; x_wconf 77' lang='lat' dir='ltr'><strong><em>qua:</em></strong></span> <span class='ocrx_word' id='word_1_155' title='bbox 1176 952 1284 978; x_wconf 87' lang='lat' dir='ltr'><strong><em>Nicetas</em></strong></span> <span class='ocrx_word' id='word_1_156' title='bbox 1307 960 1340 979; x_wconf 76' lang='lat' dir='ltr'><strong><em>ea:</em></strong></span> <span class='ocrx_word' id='word_1_157' title='bbox 1359 952 1413 980; x_wconf 87' lang='lat' dir='ltr'><strong><em>illis</em></strong></span> <span class='ocrx_word' id='word_1_158' title='bbox 1438 952 1577 987; x_wconf 85' lang='lat' dir='ltr'><strong><em>decerpsit,</em></strong></span> <span class='ocrx_word' id='word_1_159' title='bbox 1594 953 1699 979; x_wconf 89' lang='lat' dir='ltr'><strong><em>damus.</em></strong></span> <span class='ocrx_word' id='word_1_160' title='bbox 1722 951 1796 978; x_wconf 86' lang='lat' dir='ltr'><strong><em>Nam</em></strong></span> <span class='ocrx_word' id='word_1_161' title='bbox 1812 952 1896 978; x_wconf 73' lang='lat' dir='ltr'><strong><em>code:</em></strong></span> 
     </span>
    </p>
   </div>
   <div class='ocr_carea' id='block_1_14' title="bbox 266 997 1897 1033">
    <p class='ocr_par' dir='ltr' id='par_1_14' title="bbox 266 997 1897 1033">
     <span class='ocr_line' id='line_1_14' title="bbox 266 997 1897 1033; baseline -0.001 -9"><span class='ocrx_word' id='word_1_162' title='bbox 266 1006 317 1032; x_wconf 88' lang='lat' dir='ltr'><strong><em>quo</em></strong></span> <span class='ocrx_word' id='word_1_163' title='bbox 332 1000 374 1025; x_wconf 81' lang='lat' dir='ltr'><strong><em>usi</em></strong></span> <span class='ocrx_word' id='word_1_164' title='bbox 387 1007 477 1025; x_wconf 88' lang='lat' dir='ltr'><strong><em>sumus</em></strong></span> <span class='ocrx_word' id='word_1_165' title='bbox 497 999 523 1025; x_wconf 86' lang='lat' dir='ltr'><strong><em>in</em></strong></span> <span class='ocrx_word' id='word_1_166' title='bbox 542 998 637 1033; x_wconf 87' lang='lat' dir='ltr'><strong><em>psalm.</em></strong></span> <span class='ocrx_word' id='word_1_167' title='bbox 656 1006 734 1025; x_wconf 77' lang='lat' dir='ltr'><strong><em>Lxxw</em></strong></span> <span class='ocrx_word' id='word_1_168' title='bbox 749 998 894 1032; x_wconf 80' lang='lat' dir='ltr'><strong><em>deﬁciebat.</em></strong></span> <span class='ocrx_word' id='word_1_169' title='bbox 909 997 941 1024; x_wconf 85' lang='lat' dir='ltr'><strong><em>Et</em></strong></span> <span class='ocrx_word' id='word_1_170' title='bbox 959 999 1098 1024; x_wconf 78' lang='lat' dir='ltr'><strong><em>verisimile</em></strong></span> <span class='ocrx_word' id='word_1_171' title='bbox 1116 1007 1166 1024; x_wconf 90' lang='lat' dir='ltr'><strong><em>non</em></strong></span> <span class='ocrx_word' id='word_1_172' title='bbox 1179 1003 1217 1025; x_wconf 87' lang='lat' dir='ltr'><strong><em>est</em></strong></span> <span class='ocrx_word' id='word_1_173' title='bbox 1234 997 1355 1024; x_wconf 81' lang='lat' dir='ltr'><strong><em>Nicetam</em></strong></span> <span class='ocrx_word' id='word_1_174' title='bbox 1368 998 1395 1024; x_wconf 88' lang='lat' dir='ltr'><strong><em>iu</em></strong></span> <span class='ocrx_word' id='word_1_175' title='bbox 1415 998 1516 1032; x_wconf 84' lang='lat' dir='ltr'><strong><em>reliqua</em></strong></span> <span class='ocrx_word' id='word_1_176' title='bbox 1540 998 1704 1032; x_wconf 85' lang='lat' dir='ltr'><strong><em>psalmorum</em></strong></span> <span class='ocrx_word' id='word_1_177' title='bbox 1718 1002 1795 1031; x_wconf 86' lang='lat' dir='ltr'><strong><em>parte</em></strong></span> <span class='ocrx_word' id='word_1_178' title='bbox 1810 997 1897 1024; x_wconf 76' lang='lat' dir='ltr'><strong><em>Attia-</em></strong></span> 
     </span>
    </p>
   </div>
   <div class='ocr_carea' id='block_1_15' title="bbox 266 1047 1209 1082">
    <p class='ocr_par' dir='ltr' id='par_1_15' title="bbox 266 1047 1209 1082">
     <span class='ocr_line' id='line_1_15' title="bbox 266 1047 1209 1082; baseline 0 -8"><span class='ocrx_word' id='word_1_179' title='bbox 266 1047 337 1074; x_wconf 86' lang='lat' dir='ltr'><strong><em>nasii</em></strong></span> <span class='ocrx_word' id='word_1_180' title='bbox 347 1048 545 1082; x_wconf 68' lang='lat' dir='ltr'><strong><em>explicationes,</em></strong></span> <span class='ocrx_word' id='word_1_181' title='bbox 561 1056 626 1082; x_wconf 85' lang='lat' dir='ltr'><strong><em>quas</em></strong></span> <span class='ocrx_word' id='word_1_182' title='bbox 643 1052 750 1074; x_wconf 83' lang='lat' dir='ltr'><strong><em>eatenus</em></strong></span> <span class='ocrx_word' id='word_1_183' title='bbox 767 1052 820 1074; x_wconf 90' lang='lat' dir='ltr'><strong><em>tam</em></strong></span> <span class='ocrx_word' id='word_1_184' title='bbox 834 1047 980 1081; x_wconf 81' lang='lat' dir='ltr'><strong><em>frequenter</em></strong></span> <span class='ocrx_word' id='word_1_185' title='bbox 992 1047 1067 1078; x_wconf 82' lang='lat' dir='ltr'><strong><em>citat,</em></strong></span> <span class='ocrx_word' id='word_1_186' title='bbox 1079 1047 1209 1074; x_wconf 86' lang='lat' dir='ltr'><strong><em>omisisse.</em></strong></span> 
     </span>
    </p>
   </div>
   <div class='ocr_carea' id='block_1_16' title="bbox 303 1091 1895 1129">
    <p class='ocr_par' dir='ltr' id='par_1_16' title="bbox 303 1091 1895 1129">
     <span class='ocr_line' id='line_1_16' title="bbox 303 1091 1895 1129; baseline -0.001 -9"><span class='ocrx_word' id='word_1_187' title='bbox 303 1103 313 1120; x_wconf 76' lang='grc' dir='ltr'>α</span> <span class='ocrx_word' id='word_1_188' title='bbox 328 1093 442 1129; x_wconf 82' lang='lat' dir='ltr'><strong><em>Denique</em></strong></span> <span class='ocrx_word' id='word_1_189' title='bbox 463 1094 561 1121; x_wconf 74' lang='lat' dir='ltr'><strong><em>brevem</em></strong></span> <span class='ocrx_word' id='word_1_190' title='bbox 576 1093 716 1120; x_wconf 73' lang='lat' dir='ltr'><strong><em>Athanasii</em></strong></span> <span class='ocrx_word' id='word_1_191' title='bbox 734 1094 926 1123; x_wconf 84' lang='lat' dir='ltr'><strong><em>sententiolam.</em></strong></span> <span class='ocrx_word' id='word_1_192' title='bbox 941 1099 964 1120; x_wconf 92' lang='lat' dir='ltr'><strong><em>et</em></strong></span> <span class='ocrx_word' id='word_1_193' title='bbox 987 1093 1104 1120; x_wconf 83' lang='lat' dir='ltr'><strong><em>locorum</em></strong></span> <span class='ocrx_word' id='word_1_194' title='bbox 1128 1093 1304 1128; x_wconf 90' lang='lat' dir='ltr'><strong><em>quorumdam</em></strong></span> <span class='ocrx_word' id='word_1_195' title='bbox 1321 1093 1407 1119; x_wconf 75' lang='lat' dir='ltr'><strong><em>varias</em></strong></span> <span class='ocrx_word' id='word_1_196' title='bbox 1427 1092 1549 1119; x_wconf 74' lang='lat' dir='ltr'><strong><em>lectiones</em></strong></span> <span class='ocrx_word' id='word_1_197' title='bbox 1565 1092 1600 1118; x_wconf 90' lang='lat' dir='ltr'><strong><em>ad</em></strong></span> <span class='ocrx_word' id='word_1_198' title='bbox 1615 1092 1694 1127; x_wconf 82' lang='lat' dir='ltr'><strong><em>finem</em></strong></span> <span class='ocrx_word' id='word_1_199' title='bbox 1712 1091 1832 1123; x_wconf 78' lang='lat' dir='ltr'><strong><em>subdidi,</em></strong></span> <span class='ocrx_word' id='word_1_200' title='bbox 1851 1091 1895 1118; x_wconf 84' lang='lat' dir='ltr'><strong><em>de-</em></strong></span> 
     </span>
    </p>
   </div>
   <div class='ocr_carea' id='block_1_17' title="bbox 266 1139 1893 1176">
    <p class='ocr_par' dir='ltr' id='par_1_17' title="bbox 266 1139 1893 1176">
     <span class='ocr_line' id='line_1_17' title="bbox 266 1139 1893 1176; baseline -0.002 -8"><span class='ocrx_word' id='word_1_201' title='bbox 266 1145 399 1176; x_wconf 87' lang='lat' dir='ltr'><strong><em>promptas</em></strong></span> <span class='ocrx_word' id='word_1_202' title='bbox 414 1149 446 1168; x_wconf 78' lang='lat' dir='ltr'><strong><em>ea:</em></strong></span> <span class='ocrx_word' id='word_1_203' title='bbox 457 1141 630 1168; x_wconf 85' lang='lat' dir='ltr'><strong><em>vetustissimo</em></strong></span> <span class='ocrx_word' id='word_1_204' title='bbox 642 1142 728 1167; x_wconf 81' lang='lat' dir='ltr'><strong><em>codice</em></strong></span> <span class='ocrx_word' id='word_1_205' title='bbox 739 1141 864 1167; x_wconf 85' lang='lat' dir='ltr'><strong><em>Biblioth.</em></strong></span> <span class='ocrx_word' id='word_1_206' title='bbox 878 1140 1021 1172; x_wconf 59' lang='lat' dir='ltr'><strong><em>Palatina,</em></strong></span> <span class='ocrx_word' id='word_1_207' title='bbox 1040 1142 1084 1175; x_wconf 87' lang='lat' dir='ltr'><strong><em>qui</em></strong></span> <span class='ocrx_word' id='word_1_208' title='bbox 1106 1141 1252 1167; x_wconf 82' lang='lat' dir='ltr'><strong><em>continebat</em></strong></span> <span class='ocrx_word' id='word_1_209' title='bbox 1269 1141 1381 1168; x_wconf 84' lang='lat' dir='ltr'><strong><em>similent</em></strong></span> <span class='ocrx_word' id='word_1_210' title='bbox 1394 1145 1511 1167; x_wconf 85' lang='lat' dir='ltr'><strong><em>catenam</em></strong></span> <span class='ocrx_word' id='word_1_211' title='bbox 1523 1141 1716 1175; x_wconf 73' lang='lat' dir='ltr'><strong><em>expositionum</em></strong></span> <span class='ocrx_word' id='word_1_212' title='bbox 1732 1140 1758 1166; x_wconf 89' lang='lat' dir='ltr'><strong><em>in</em></strong></span> <span class='ocrx_word' id='word_1_213' title='bbox 1784 1139 1893 1169; x_wconf 79' lang='lat' dir='ltr'><strong><em>Jobum.</em></strong></span> 
     </span>
    </p>
   </div>
   <div class='ocr_carea' id='block_1_18' title="bbox 266 1184 1895 1219">
    <p class='ocr_par' dir='ltr' id='par_1_18' title="bbox 266 1184 1895 1219">
     <span class='ocr_line' id='line_1_18' title="bbox 266 1184 1895 1219; baseline -0.002 -6"><span class='ocrx_word' id='word_1_214' title='bbox 266 1187 298 1214; x_wconf 87' lang='lat' dir='ltr'><strong><em>ab</em></strong></span> <span class='ocrx_word' id='word_1_215' title='bbox 313 1187 411 1214; x_wconf 85' lang='lat' dir='ltr'><strong><em>incerto</em></strong></span> <span class='ocrx_word' id='word_1_216' title='bbox 430 1191 537 1214; x_wconf 78' lang='lat' dir='ltr'><strong><em>auctore</em></strong></span> <span class='ocrx_word' id='word_1_217' title='bbox 552 1187 745 1213; x_wconf 86' lang='lat' dir='ltr'><strong><em>concinnatam.</em></strong></span> <span class='ocrx_word' id='word_1_218' title='bbox 759 1185 798 1212; x_wconf 91' lang='lat' dir='ltr'><strong><em>Tu</em></strong></span> <span class='ocrx_word' id='word_1_219' title='bbox 811 1193 879 1218; x_wconf 79' lang='lat' dir='ltr'><strong><em>vero,</em></strong></span> <span class='ocrx_word' id='word_1_220' title='bbox 893 1185 1010 1212; x_wconf 77' lang='lat' dir='ltr'><strong><em>benevole</em></strong></span> <span class='ocrx_word' id='word_1_221' title='bbox 1021 1185 1112 1217; x_wconf 84' lang='lat' dir='ltr'><strong><em>lector,</em></strong></span> <span class='ocrx_word' id='word_1_222' title='bbox 1129 1186 1278 1212; x_wconf 85' lang='lat' dir='ltr'><strong><em>auctarium</em></strong></span> <span class='ocrx_word' id='word_1_223' title='bbox 1290 1185 1367 1211; x_wconf 86' lang='lat' dir='ltr'><strong><em>hocce</em></strong></span> <span class='ocrx_word' id='word_1_224' title='bbox 1379 1184 1497 1211; x_wconf 84' lang='lat' dir='ltr'><strong><em>benevole</em></strong></span> <span class='ocrx_word' id='word_1_225' title='bbox 1511 1190 1654 1219; x_wconf 82' lang='lat' dir='ltr'><strong><em>acceptare,</em></strong></span> <span class='ocrx_word' id='word_1_226' title='bbox 1667 1184 1819 1219; x_wconf 79' lang='lat' dir='ltr'><strong><em>nostrisque</em></strong></span> <span class='ocrx_word' id='word_1_227' title='bbox 1838 1190 1895 1210; x_wconf 77' lang='lat' dir='ltr'><strong><em>sta-</em></strong></span> 
     </span>
    </p>
   </div>
   <div class='ocr_carea' id='block_1_19' title="bbox 265 1233 900 1269">
    <p class='ocr_par' dir='ltr' id='par_1_19' title="bbox 265 1233 900 1269">
     <span class='ocr_line' id='line_1_19' title="bbox 265 1233 900 1269; baseline -0.006 -7"><span class='ocrx_word' id='word_1_228' title='bbox 265 1235 319 1262; x_wconf 84' lang='lat' dir='ltr'><strong><em>diis</em></strong></span> <span class='ocrx_word' id='word_1_229' title='bbox 334 1235 421 1269; x_wconf 83' lang='lat' dir='ltr'><strong><em>[avere</em></strong></span> <span class='ocrx_word' id='word_1_230' title='bbox 438 1234 500 1261; x_wconf 83' lang='lat' dir='ltr'><strong><em>velis</em></strong></span> <span class='ocrx_word' id='word_1_231' title='bbox 514 1243 570 1260; x_wconf 89' lang='lat' dir='ltr'><strong><em>oro.</em></strong></span> <span class='ocrx_word' id='word_1_232' title='bbox 586 1243 595 1260; x_wconf 74' lang='grc' dir='ltr'><strong><em>ι</em></strong></span> <span class='ocrx_word' id='word_1_233' title='bbox 614 1233 678 1260; x_wconf 71' lang='lat' dir='ltr'><strong><em>licet:</em></strong></span> <span class='ocrx_word' id='word_1_234' title='bbox 695 1233 900 1259; x_wconf 80' lang='lat' dir='ltr'><strong><em>Felckmannus.</em></strong></span> 
     </span>
    </p>
   </div>
   <div class='ocr_carea' id='block_1_20' title="bbox 303 1279 1896 1317">
    <p class='ocr_par' dir='ltr' id='par_1_20' title="bbox 303 1279 1896 1317">
     <span class='ocr_line' id='line_1_20' title="bbox 303 1279 1896 1317; baseline -0.002 -8"><span class='ocrx_word' id='word_1_235' title='bbox 303 1282 436 1317; x_wconf 75' lang='lat' dir='ltr'><strong><em>Epistolas</em></strong></span> <span class='ocrx_word' id='word_1_236' title='bbox 460 1291 538 1317; x_wconf 89' lang='lat' dir='ltr'><strong><em>porro</em></strong></span> <span class='ocrx_word' id='word_1_237' title='bbox 561 1287 720 1309; x_wconf 89' lang='lat' dir='ltr'><strong><em>memoratas</em></strong></span> <span class='ocrx_word' id='word_1_238' title='bbox 739 1291 754 1308; x_wconf 91' lang='lat' dir='ltr'><strong><em>a</em></strong></span> <span class='ocrx_word' id='word_1_239' title='bbox 771 1280 948 1308; x_wconf 79' lang='lat' dir='ltr'><strong><em>Felckmanno</em></strong></span> <span class='ocrx_word' id='word_1_240' title='bbox 975 1280 1009 1308; x_wconf 83' lang='lat' dir='ltr'><strong><em>ad</em></strong></span> <span class='ocrx_word' id='word_1_241' title='bbox 1032 1280 1185 1315; x_wconf 75' lang='lat' dir='ltr'><strong><em>Luciferum</em></strong></span> <span class='ocrx_word' id='word_1_242' title='bbox 1208 1285 1231 1308; x_wconf 83' lang='lat' dir='ltr'><strong><em>et</em></strong></span> <span class='ocrx_word' id='word_1_243' title='bbox 1255 1281 1289 1307; x_wconf 83' lang='lat' dir='ltr'><strong><em>ad</em></strong></span> <span class='ocrx_word' id='word_1_244' title='bbox 1309 1281 1461 1313; x_wconf 87' lang='lat' dir='ltr'><strong><em>monachos,</em></strong></span> <span class='ocrx_word' id='word_1_245' title='bbox 1477 1281 1605 1307; x_wconf 78' lang='lat' dir='ltr'><strong><em>edidimus</em></strong></span> <span class='ocrx_word' id='word_1_246' title='bbox 1618 1287 1708 1314; x_wconf 88' lang='lat' dir='ltr'><strong><em>supra.</em></strong></span> <span class='ocrx_word' id='word_1_247' title='bbox 1727 1279 1796 1306; x_wconf 76' lang='lat' dir='ltr'><strong><em>Hcce</em></strong></span> <span class='ocrx_word' id='word_1_248' title='bbox 1807 1286 1896 1307; x_wconf 81' lang='lat' dir='ltr'><strong><em>autem</em></strong></span> 
     </span>
    </p>
   </div>
   <div class='ocr_carea' id='block_1_21' title="bbox 267 1327 1893 1364">
    <p class='ocr_par' dir='ltr' id='par_1_21' title="bbox 267 1327 1893 1364">
     <span class='ocr_line' id='line_1_21' title="bbox 267 1327 1893 1364; baseline -0.002 -8"><span class='ocrx_word' id='word_1_249' title='bbox 267 1329 415 1364; x_wconf 81' lang='lat' dir='ltr'><strong><em>fragmenta</em></strong></span> <span class='ocrx_word' id='word_1_250' title='bbox 431 1329 499 1364; x_wconf 88' lang='lat' dir='ltr'><strong><em>quod</em></strong></span> <span class='ocrx_word' id='word_1_251' title='bbox 511 1333 620 1362; x_wconf 84' lang='lat' dir='ltr'><strong><em>spectat,</em></strong></span> <span class='ocrx_word' id='word_1_252' title='bbox 632 1327 820 1354; x_wconf 78' lang='lat' dir='ltr'><strong><em>consimillima</em></strong></span> <span class='ocrx_word' id='word_1_253' title='bbox 837 1327 883 1353; x_wconf 87' lang='lat' dir='ltr'><strong><em>illa</em></strong></span> <span class='ocrx_word' id='word_1_254' title='bbox 899 1332 970 1360; x_wconf 85' lang='lat' dir='ltr'><strong><em>sunt,</em></strong></span> <span class='ocrx_word' id='word_1_255' title='bbox 985 1327 1149 1361; x_wconf 85' lang='lat' dir='ltr'><strong><em>paucissimis</em></strong></span> <span class='ocrx_word' id='word_1_256' title='bbox 1173 1328 1298 1361; x_wconf 67' lang='lat' dir='ltr'><strong><em>exceptis,</em></strong></span> <span class='ocrx_word' id='word_1_257' title='bbox 1320 1327 1526 1361; x_wconf 69' lang='lat' dir='ltr'><strong><em>expositionibus</em></strong></span> <span class='ocrx_word' id='word_1_258' title='bbox 1548 1327 1689 1353; x_wconf 81' lang='lat' dir='ltr'><strong><em>Athanasii</em></strong></span> <span class='ocrx_word' id='word_1_259' title='bbox 1704 1334 1790 1359; x_wconf 87' lang='lat' dir='ltr'><strong><em>supra</em></strong></span> <span class='ocrx_word' id='word_1_260' title='bbox 1804 1327 1893 1353; x_wconf 85' lang='lat' dir='ltr'><strong><em>editis.</em></strong></span> 
     </span>
    </p>
   </div>
   <div class='ocr_carea' id='block_1_22' title="bbox 267 1371 1894 1409">
    <p class='ocr_par' dir='ltr' id='par_1_22' title="bbox 267 1371 1894 1409">
     <span class='ocr_line' id='line_1_22' title="bbox 267 1371 1894 1409; baseline -0.002 -8"><span class='ocrx_word' id='word_1_261' title='bbox 267 1375 343 1408; x_wconf 83' lang='lat' dir='ltr'><strong><em>Quod</em></strong></span> <span class='ocrx_word' id='word_1_262' title='bbox 358 1375 381 1401; x_wconf 88' lang='lat' dir='ltr'><strong><em>si</em></strong></span> <span class='ocrx_word' id='word_1_263' title='bbox 393 1375 547 1409; x_wconf 82' lang='lat' dir='ltr'><strong><em>quandoque</em></strong></span> <span class='ocrx_word' id='word_1_264' title='bbox 563 1373 688 1400; x_wconf 91' lang='lat' dir='ltr'><strong><em>nonnulla</em></strong></span> <span class='ocrx_word' id='word_1_265' title='bbox 700 1377 837 1399; x_wconf 81' lang='lat' dir='ltr'><strong><em>occurrant</em></strong></span> <span class='ocrx_word' id='word_1_266' title='bbox 850 1380 907 1406; x_wconf 80' lang='lat' dir='ltr'><strong><em>qua:</em></strong></span> <span class='ocrx_word' id='word_1_267' title='bbox 921 1372 948 1398; x_wconf 87' lang='lat' dir='ltr'><strong><em>in</em></strong></span> <span class='ocrx_word' id='word_1_268' title='bbox 965 1371 1179 1406; x_wconf 68' lang='lat' dir='ltr'><strong><em>Expositionibus</em></strong></span> <span class='ocrx_word' id='word_1_269' title='bbox 1193 1379 1244 1398; x_wconf 90' lang='lat' dir='ltr'><strong><em>non</em></strong></span> <span class='ocrx_word' id='word_1_270' title='bbox 1257 1377 1434 1406; x_wconf 84' lang='lat' dir='ltr'><strong><em>compareant,</em></strong></span> <span class='ocrx_word' id='word_1_271' title='bbox 1447 1380 1499 1399; x_wconf 90' lang='lat' dir='ltr'><strong><em>non</em></strong></span> <span class='ocrx_word' id='word_1_272' title='bbox 1515 1373 1572 1399; x_wconf 84' lang='lat' dir='ltr'><strong><em>ideo</em></strong></span> <span class='ocrx_word' id='word_1_273' title='bbox 1583 1371 1759 1407; x_wconf 85' lang='lat' dir='ltr'><strong><em>repudianda,</em></strong></span> <span class='ocrx_word' id='word_1_274' title='bbox 1773 1378 1800 1399; x_wconf 85' lang='lat' dir='ltr'><strong><em>et</em></strong></span> <span class='ocrx_word' id='word_1_275' title='bbox 1809 1374 1894 1399; x_wconf 74' lang='lat' dir='ltr'><strong><em>Atha-</em></strong></span> 
     </span>
    </p>
   </div>
   <div class='ocr_carea' id='block_1_23' title="bbox 266 1418 1894 1455">
    <p class='ocr_par' dir='ltr' id='par_1_23' title="bbox 266 1418 1894 1455">
     <span class='ocr_line' id='line_1_23' title="bbox 266 1418 1894 1455; baseline 0.001 -9"><span class='ocrx_word' id='word_1_276' title='bbox 266 1421 342 1447; x_wconf 75' lang='lat' dir='ltr'><strong><em>nasio</em></strong></span> <span class='ocrx_word' id='word_1_277' title='bbox 356 1420 553 1455; x_wconf 66' lang='lat' dir='ltr'><strong><em>abjudlcanda;</em></strong></span> <span class='ocrx_word' id='word_1_278' title='bbox 570 1427 642 1452; x_wconf 86' lang='lat' dir='ltr'><strong><em>nam,</em></strong></span> <span class='ocrx_word' id='word_1_279' title='bbox 657 1423 725 1454; x_wconf 84' lang='lat' dir='ltr'><strong><em>quod</em></strong></span> <span class='ocrx_word' id='word_1_280' title='bbox 737 1420 886 1446; x_wconf 84' lang='lat' dir='ltr'><strong><em>observasse</em></strong></span> <span class='ocrx_word' id='word_1_281' title='bbox 894 1419 1011 1454; x_wconf 81' lang='lat' dir='ltr'><strong><em>juvabit,</em></strong></span> <span class='ocrx_word' id='word_1_282' title='bbox 1024 1418 1058 1445; x_wconf 88' lang='lat' dir='ltr'><strong><em>ad</em></strong></span> <span class='ocrx_word' id='word_1_283' title='bbox 1069 1427 1113 1446; x_wconf 88' lang='lat' dir='ltr'><strong><em>eos</em></strong></span> <span class='ocrx_word' id='word_1_284' title='bbox 1128 1419 1290 1453; x_wconf 86' lang='lat' dir='ltr'><strong><em>psalmorum</em></strong></span> <span class='ocrx_word' id='word_1_285' title='bbox 1304 1429 1392 1447; x_wconf 82' lang='lat' dir='ltr'><strong><em>versus</em></strong></span> <span class='ocrx_word' id='word_1_286' title='bbox 1403 1422 1544 1455; x_wconf 85' lang='lat' dir='ltr'><strong><em>pertinent.</em></strong></span> <span class='ocrx_word' id='word_1_287' title='bbox 1558 1429 1668 1455; x_wconf 88' lang='lat' dir='ltr'><strong><em>quorum</em></strong></span> <span class='ocrx_word' id='word_1_288' title='bbox 1681 1421 1832 1455; x_wconf 69' lang='lat' dir='ltr'><strong><em>explicatio</em></strong></span> <span class='ocrx_word' id='word_1_289' title='bbox 1843 1430 1894 1447; x_wconf 79' lang='lat' dir='ltr'><strong><em>non</em></strong></span> 
     </span>
    </p>
   </div>
   <div class='ocr_carea' id='block_1_24' title="bbox 265 1466 1895 1503">
    <p class='ocr_par' dir='ltr' id='par_1_24' title="bbox 265 1466 1895 1503">
     <span class='ocr_line' id='line_1_24' title="bbox 265 1466 1895 1503; baseline 0.001 -9"><span class='ocrx_word' id='word_1_290' title='bbox 265 1472 353 1494; x_wconf 69' lang='lat' dir='ltr'><strong><em>exstat</em></strong></span> <span class='ocrx_word' id='word_1_291' title='bbox 367 1468 393 1494; x_wconf 90' lang='lat' dir='ltr'><strong><em>in</em></strong></span> <span class='ocrx_word' id='word_1_292' title='bbox 406 1466 630 1501; x_wconf 65' lang='lat' dir='ltr'><strong><em>Expositionibus,</em></strong></span> <span class='ocrx_word' id='word_1_293' title='bbox 645 1473 732 1501; x_wconf 87' lang='lat' dir='ltr'><strong><em>utpote</em></strong></span> <span class='ocrx_word' id='word_1_294' title='bbox 744 1475 795 1494; x_wconf 87' lang='lat' dir='ltr'><strong><em>non</em></strong></span> <span class='ocrx_word' id='word_1_295' title='bbox 818 1467 925 1502; x_wconf 78' lang='lat' dir='ltr'><strong><em>integris</em></strong></span> <span class='ocrx_word' id='word_1_296' title='bbox 937 1475 967 1493; x_wconf 91' lang='lat' dir='ltr'><strong><em>ac</em></strong></span> <span class='ocrx_word' id='word_1_297' title='bbox 984 1474 1098 1501; x_wconf 63' lang='grc' dir='ltr'><strong><em>μετεωρο</em></strong></span> <span class='ocrx_word' id='word_1_298' title='bbox 1112 1467 1302 1501; x_wconf 78' lang='lat' dir='ltr'><strong><em>deficientibus.</em></strong></span> <span class='ocrx_word' id='word_1_299' title='bbox 1320 1467 1450 1495; x_wconf 78' lang='lat' dir='ltr'><strong><em>Cteterum</em></strong></span> <span class='ocrx_word' id='word_1_300' title='bbox 1466 1469 1520 1496; x_wconf 72' lang='lat' dir='ltr'><strong><em>[nec</em></strong></span> <span class='ocrx_word' id='word_1_301' title='bbox 1538 1474 1659 1503; x_wconf 70' lang='lat' dir='ltr'><strong><em>excerpta</em></strong></span> <span class='ocrx_word' id='word_1_302' title='bbox 1670 1477 1721 1495; x_wconf 87' lang='lat' dir='ltr'><strong><em>non</em></strong></span> <span class='ocrx_word' id='word_1_303' title='bbox 1735 1469 1770 1495; x_wconf 82' lang='lat' dir='ltr'><strong><em>ad</em></strong></span> <span class='ocrx_word' id='word_1_304' title='bbox 1788 1470 1895 1496; x_wconf 74' lang='lat' dir='ltr'><strong><em>verbum</em></strong></span> 
     </span>
    </p>
   </div>
   <div class='ocr_carea' id='block_1_25' title="bbox 267 1513 1894 1548">
    <p class='ocr_par' dir='ltr' id='par_1_25' title="bbox 267 1513 1894 1548">
     <span class='ocr_line' id='line_1_25' title="bbox 267 1513 1894 1548; baseline 0.001 -8"><span class='ocrx_word' id='word_1_305' title='bbox 267 1513 347 1548; x_wconf 82' lang='lat' dir='ltr'><strong><em>refert</em></strong></span> <span class='ocrx_word' id='word_1_306' title='bbox 357 1513 475 1544; x_wconf 80' lang='lat' dir='ltr'><strong><em>Nicetas,</em></strong></span> <span class='ocrx_word' id='word_1_307' title='bbox 491 1513 536 1540; x_wconf 80' lang='lat' dir='ltr'><strong><em>sed</em></strong></span> <span class='ocrx_word' id='word_1_308' title='bbox 546 1513 694 1548; x_wconf 79' lang='lat' dir='ltr'><strong><em>plerumque</em></strong></span> <span class='ocrx_word' id='word_1_309' title='bbox 708 1513 794 1548; x_wconf 87' lang='lat' dir='ltr'><strong><em>quoad</em></strong></span> <span class='ocrx_word' id='word_1_310' title='bbox 808 1513 962 1540; x_wconf 87' lang='lat' dir='ltr'><strong><em>sententiam</em></strong></span> <span class='ocrx_word' id='word_1_311' title='bbox 977 1517 1080 1538; x_wconf 88' lang='lat' dir='ltr'><strong><em>tantum</em></strong></span> <span class='ocrx_word' id='word_1_312' title='bbox 1093 1521 1139 1539; x_wconf 82' lang='lat' dir='ltr'><strong><em>nec</em></strong></span> <span class='ocrx_word' id='word_1_313' title='bbox 1153 1522 1214 1540; x_wconf 83' lang='lat' dir='ltr'><strong><em>raro</em></strong></span> <span class='ocrx_word' id='word_1_314' title='bbox 1227 1514 1352 1548; x_wconf 88' lang='lat' dir='ltr'><strong><em>permista</em></strong></span> <span class='ocrx_word' id='word_1_315' title='bbox 1363 1522 1421 1540; x_wconf 87' lang='lat' dir='ltr'><strong><em>cum</em></strong></span> <span class='ocrx_word' id='word_1_316' title='bbox 1433 1514 1546 1540; x_wconf 84' lang='lat' dir='ltr'><strong><em>aliorum</em></strong></span> <span class='ocrx_word' id='word_1_317' title='bbox 1561 1514 1669 1541; x_wconf 84' lang='lat' dir='ltr'><strong><em>Patrum</em></strong></span> <span class='ocrx_word' id='word_1_318' title='bbox 1680 1517 1894 1547; x_wconf 81' lang='lat' dir='ltr'><strong><em>commentariis.</em></strong></span> 
     </span>
    </p>
   </div>
   <div class='ocr_carea' id='block_1_26' title="bbox 265 1561 1894 1597">
    <p class='ocr_par' dir='ltr' id='par_1_26' title="bbox 265 1561 1894 1597">
     <span class='ocr_line' id='line_1_26' title="bbox 265 1561 1894 1597; baseline 0 -9"><span class='ocrx_word' id='word_1_319' title='bbox 265 1570 376 1597; x_wconf 54' lang='lat' dir='ltr'><strong><em>quorum</em></strong></span> <span class='ocrx_word' id='word_1_320' title='bbox 391 1563 445 1597; x_wconf 86' lang='lat' dir='ltr'><strong><em>ipse</em></strong></span> <span class='ocrx_word' id='word_1_321' title='bbox 459 1563 563 1589; x_wconf 88' lang='lat' dir='ltr'><strong><em>nomina</em></strong></span> <span class='ocrx_word' id='word_1_322' title='bbox 581 1562 668 1596; x_wconf 79' lang='lat' dir='ltr'><strong><em>affert.</em></strong></span> <span class='ocrx_word' id='word_1_323' title='bbox 681 1561 783 1588; x_wconf 82' lang='lat' dir='ltr'><strong><em>Etenim</em></strong></span> <span class='ocrx_word' id='word_1_324' title='bbox 796 1561 902 1596; x_wconf 88' lang='lat' dir='ltr'><strong><em>quando</em></strong></span> <span class='ocrx_word' id='word_1_325' title='bbox 916 1561 1006 1588; x_wconf 77' lang='lat' dir='ltr'><strong><em>cadent</em></strong></span> <span class='ocrx_word' id='word_1_326' title='bbox 1019 1562 1135 1594; x_wconf 91' lang='lat' dir='ltr'><strong><em>omnino,</em></strong></span> <span class='ocrx_word' id='word_1_327' title='bbox 1147 1570 1192 1588; x_wconf 88' lang='lat' dir='ltr'><strong><em>nec</em></strong></span> <span class='ocrx_word' id='word_1_328' title='bbox 1203 1562 1342 1588; x_wconf 84' lang='lat' dir='ltr'><strong><em>immutata</em></strong></span> <span class='ocrx_word' id='word_1_329' title='bbox 1363 1570 1408 1589; x_wconf 85' lang='lat' dir='ltr'><strong><em>nec</em></strong></span> <span class='ocrx_word' id='word_1_330' title='bbox 1427 1562 1547 1588; x_wconf 88' lang='lat' dir='ltr'><strong><em>auctiora</em></strong></span> <span class='ocrx_word' id='word_1_331' title='bbox 1563 1566 1621 1588; x_wconf 88' lang='lat' dir='ltr'><strong><em>sunt</em></strong></span> <span class='ocrx_word' id='word_1_332' title='bbox 1636 1570 1716 1596; x_wconf 81' lang='lat' dir='ltr'><strong><em>quant</em></strong></span> <span class='ocrx_word' id='word_1_333' title='bbox 1735 1562 1764 1588; x_wconf 90' lang='lat' dir='ltr'><strong><em>in</em></strong></span> <span class='ocrx_word' id='word_1_334' title='bbox 1778 1561 1894 1596; x_wconf 72' lang='lat' dir='ltr'><strong><em>Exposi-</em></strong></span> 
     </span>
    </p>
   </div>
   <div class='ocr_carea' id='block_1_27' title="bbox 268 1607 1074 1643">
    <p class='ocr_par' dir='ltr' id='par_1_27' title="bbox 268 1607 1074 1643">
     <span class='ocr_line' id='line_1_27' title="bbox 268 1607 1074 1643; baseline -0.001 -9"><span class='ocrx_word' id='word_1_335' title='bbox 268 1608 390 1641; x_wconf 74' lang='lat' dir='ltr'><strong><em>tionibus,</em></strong></span> <span class='ocrx_word' id='word_1_336' title='bbox 410 1617 441 1636; x_wconf 89' lang='lat' dir='ltr'><strong><em>ea</em></strong></span> <span class='ocrx_word' id='word_1_337' title='bbox 452 1609 597 1642; x_wconf 83' lang='lat' dir='ltr'><strong><em>omisimus,</em></strong></span> <span class='ocrx_word' id='word_1_338' title='bbox 610 1617 640 1635; x_wconf 88' lang='lat' dir='ltr'><strong><em>ne</em></strong></span> <span class='ocrx_word' id='word_1_339' title='bbox 654 1608 692 1634; x_wconf 81' lang='lat' dir='ltr'><strong><em>bis</em></strong></span> <span class='ocrx_word' id='word_1_340' title='bbox 708 1608 777 1634; x_wconf 85' lang='lat' dir='ltr'><strong><em>idem</em></strong></span> <span class='ocrx_word' id='word_1_341' title='bbox 790 1607 920 1643; x_wconf 77' lang='lat' dir='ltr'><strong><em>inutiliter</em></strong></span> <span class='ocrx_word' id='word_1_342' title='bbox 933 1612 1074 1642; x_wconf 76' lang='lat' dir='ltr'><strong><em>repetatur.</em></strong></span> 
     </span>
    </p>
   </div>
   <div class='ocr_carea' id='block_1_28' title="bbox 362 1767 1797 1817">
    <p class='ocr_par' dir='ltr' id='par_1_28' title="bbox 362 1767 1797 1817">
     <span class='ocr_line' id='line_1_28' title="bbox 362 1767 1797 1817; baseline -0.002 -3"><span class='ocrx_word' id='word_1_343' title='bbox 362 1770 720 1816; x_wconf 83' lang='lat' dir='ltr'><strong><em>FRAGMENTA</em></strong></span> <span class='ocrx_word' id='word_1_344' title='bbox 757 1767 1335 1816; x_wconf 78' lang='lat' dir='ltr'><strong><em>COMMENTARIORUM</em></strong></span> <span class='ocrx_word' id='word_1_345' title='bbox 1378 1771 1434 1815; x_wconf 95' lang='lat' dir='ltr'><strong><em>D.</em></strong></span> <span class='ocrx_word' id='word_1_346' title='bbox 1467 1768 1797 1817; x_wconf 79' lang='lat' dir='ltr'><strong><em>ATHANASll</em></strong></span> 
     </span>
    </p>
   </div>
   <div class='ocr_carea' id='block_1_29' title="bbox 945 1868 1207 1900">
    <p class='ocr_par' dir='ltr' id='par_1_29' title="bbox 945 1868 1207 1900">
     <span class='ocr_line' id='line_1_29' title="bbox 945 1868 1207 1900; baseline 0.004 -2"><span class='ocrx_word' id='word_1_347' title='bbox 945 1868 987 1900; x_wconf 86' lang='lat' dir='ltr'><strong><em>IN</em></strong></span> <span class='ocrx_word' id='word_1_348' title='bbox 1012 1869 1207 1900; x_wconf 80' lang='lat' dir='ltr'><strong><em>PSALMOS.</em></strong></span> 
     </span>
    </p>
   </div>
   <div class='ocr_carea' id='block_1_30' title="bbox 1052 1963 1086 1970">
    <p class='ocr_par' dir='ltr' id='par_1_30' title="bbox 1052 1963 1086 1970">
     <span class='ocr_line' id='line_1_30' title="bbox 1052 1963 1086 1970; baseline -0.029 0"><span class='ocrx_word' id='word_1_349' title='bbox 1052 1963 1086 1970; x_wconf 71' lang='grc'><strong><em>..-</em></strong></span> 
     </span>
    </p>
   </div>
   <div class='ocr_carea' id='block_1_31' title="bbox 317 2020 1044 2064">
    <p class='ocr_par' dir='ltr' id='par_1_31' title="bbox 317 2025 1044 2062">
     <span class='ocr_line' id='line_1_31' title="bbox 317 2025 1044 2062; baseline -0.001 -8"><span class='ocrx_word' id='word_1_350' title='bbox 317 2025 356 2055; x_wconf 83' lang='lat' dir='ltr'><strong><em>Ex</em></strong></span> <span class='ocrx_word' id='word_1_351' title='bbox 370 2026 471 2054; x_wconf 71' lang='lat' dir='ltr'><strong><em>Nicetze</em></strong></span> <span class='ocrx_word' id='word_1_352' title='bbox 484 2027 661 2062; x_wconf 68' lang='lat' dir='ltr'><strong><em>metropolitae</em></strong></span> <span class='ocrx_word' id='word_1_353' title='bbox 676 2026 812 2055; x_wconf 67' lang='lat' dir='ltr'><strong><em>Heracleae</em></strong></span> <span class='ocrx_word' id='word_1_354' title='bbox 826 2031 922 2054; x_wconf 84' lang='lat' dir='ltr'><strong><em>catena</em></strong></span> <span class='ocrx_word' id='word_1_355' title='bbox 935 2027 1044 2061; x_wconf 63' lang='grc' dir='ltr'>θη)οείιέ</span> 
     </span>
    </p>
   </div>
   <div class='ocr_carea' id='block_1_32' title="bbox 1095 2020 1888 2064">
    <p class='ocr_par' dir='ltr' id='par_1_32' title="bbox 1095 2027 1888 2064">
     <span class='ocr_line' id='line_1_32' title="bbox 1095 2027 1888 2064; baseline 0.003 -11"><span class='ocrx_word' id='word_1_356' title='bbox 1095 2035 1152 2060; x_wconf 77' lang='lat' dir='ltr'><strong><em>im,</em></strong></span> <span class='ocrx_word' id='word_1_357' title='bbox 1166 2027 1223 2054; x_wconf 85' lang='lat' dir='ltr'><strong><em>sive</em></strong></span> <span class='ocrx_word' id='word_1_358' title='bbox 1238 2032 1268 2054; x_wconf 86' lang='lat' dir='ltr'><strong><em>ut</em></strong></span> <span class='ocrx_word' id='word_1_359' title='bbox 1295 2027 1353 2061; x_wconf 88' lang='lat' dir='ltr'><strong><em>ipse</em></strong></span> <span class='ocrx_word' id='word_1_360' title='bbox 1372 2031 1461 2060; x_wconf 80' lang='lat' dir='ltr'><strong><em>vocat,</em></strong></span> <span class='ocrx_word' id='word_1_361' title='bbox 1483 2028 1630 2064; x_wconf 81' lang='grc' dir='ltr'><strong><em>Συναγωγῇ</em></strong></span> <span class='ocrx_word' id='word_1_362' title='bbox 1657 2028 1832 2064; x_wconf 75' lang='grc' dir='ltr'><strong><em>ἐξηγήσεων,</em></strong></span> <span class='ocrx_word' id='word_1_363' title='bbox 1857 2037 1888 2056; x_wconf 78' lang='lat' dir='ltr'><strong><em>es</em></strong></span> 
     </span>
    </p>
   </div>
   <div class='ocr_carea' id='block_1_33' title="bbox 792 2071 1348 2100">
    <p class='ocr_par' dir='ltr' id='par_1_33' title="bbox 792 2071 1348 2100">
     <span class='ocr_line' id='line_1_33' title="bbox 792 2071 1348 2100; baseline 0 -1"><span class='ocrx_word' id='word_1_364' title='bbox 792 2072 893 2100; x_wconf 57' lang='lat' dir='ltr'><strong><em>Graecis</em></strong></span> <span class='ocrx_word' id='word_1_365' title='bbox 915 2071 1041 2099; x_wconf 70' lang='lat' dir='ltr'><strong><em>Panibus</em></strong></span> <span class='ocrx_word' id='word_1_366' title='bbox 1056 2072 1083 2098; x_wconf 94' lang='lat' dir='ltr'><strong><em>in</em></strong></span> <span class='ocrx_word' id='word_1_367' title='bbox 1097 2071 1221 2099; x_wconf 80' lang='lat' dir='ltr'><strong><em>Psalmos</em></strong></span> <span class='ocrx_word' id='word_1_368' title='bbox 1235 2072 1348 2099; x_wconf 84' lang='lat' dir='ltr'><strong><em>collecta</em></strong></span> 
     </span>
    </p>
   </div>
   <div class='ocr_carea' id='block_1_34' title="bbox 318 2118 1838 2157">
    <p class='ocr_par' dir='ltr' id='par_1_34' title="bbox 318 2118 1838 2157">
     <span class='ocr_line' id='line_1_34' title="bbox 318 2118 1838 2157; baseline 0.003 -11"><span class='ocrx_word' id='word_1_369' title='bbox 318 2118 426 2146; x_wconf 68' lang='grc' dir='ltr'>Νικίας</span> <span class='ocrx_word' id='word_1_370' title='bbox 438 2119 480 2146; x_wconf 88' lang='lat' dir='ltr'><strong><em>hic</em></strong></span> <span class='ocrx_word' id='word_1_371' title='bbox 491 2119 518 2145; x_wconf 87' lang='lat' dir='ltr'><strong><em>in</em></strong></span> <span class='ocrx_word' id='word_1_372' title='bbox 531 2119 654 2153; x_wconf 76' lang='lat' dir='ltr'><strong><em>prooemio</em></strong></span> <span class='ocrx_word' id='word_1_373' title='bbox 668 2120 772 2146; x_wconf 90' lang='lat' dir='ltr'><strong><em>tertiam</em></strong></span> <span class='ocrx_word' id='word_1_374' title='bbox 783 2128 815 2146; x_wconf 71' lang='lat' dir='ltr'><strong><em>ea;</em></strong></span> <span class='ocrx_word' id='word_1_375' title='bbox 825 2121 946 2155; x_wconf 82' lang='lat' dir='ltr'><strong><em>quinque,</em></strong></span> <span class='ocrx_word' id='word_1_376' title='bbox 955 2128 1021 2155; x_wconf 90' lang='lat' dir='ltr'><strong><em>quas</em></strong></span> <span class='ocrx_word' id='word_1_377' title='bbox 1033 2120 1084 2146; x_wconf 85' lang='lat' dir='ltr'><strong><em>sibi</em></strong></span> <span class='ocrx_word' id='word_1_378' title='bbox 1100 2121 1296 2153; x_wconf 69' lang='lat' dir='ltr'><strong><em>praemittendus</em></strong></span> <span class='ocrx_word' id='word_1_379' title='bbox 1307 2129 1362 2147; x_wconf 77' lang='lat' dir='ltr'><strong><em>esse</em></strong></span> <span class='ocrx_word' id='word_1_380' title='bbox 1377 2122 1531 2156; x_wconf 70' lang='lat' dir='ltr'><strong><em>quwstiones</em></strong></span> <span class='ocrx_word' id='word_1_381' title='bbox 1543 2123 1653 2156; x_wconf 82' lang='lat' dir='ltr'><strong><em>censuit,</em></strong></span> <span class='ocrx_word' id='word_1_382' title='bbox 1666 2123 1746 2157; x_wconf 86' lang='lat' dir='ltr'><strong><em>hanc,</em></strong></span> <span class='ocrx_word' id='word_1_383' title='bbox 1760 2125 1790 2151; x_wconf 77' lang='grc' dir='ltr'><em>τί</em></span> <span class='ocrx_word' id='word_1_384' title='bbox 1802 2124 1838 2151; x_wconf 83' lang='grc' dir='ltr'><em>τὸ</em></span> 
     </span>
    </p>
   </div>
   <div class='ocr_carea' id='block_1_35' title="bbox 555 2165 1600 2203">
    <p class='ocr_par' dir='ltr' id='par_1_35' title="bbox 555 2165 1600 2203">
     <span class='ocr_line' id='line_1_35' title="bbox 555 2165 1600 2203; baseline 0.004 -11"><span class='ocrx_word' id='word_1_385' title='bbox 555 2165 733 2200; x_wconf 74' lang='grc' dir='ltr'>Ψαλτήρισν,</span> <span class='ocrx_word' id='word_1_386' title='bbox 751 2166 895 2200; x_wconf 68' lang='lat' dir='ltr'><strong><em>explicans,</em></strong></span> <span class='ocrx_word' id='word_1_387' title='bbox 909 2166 1000 2192; x_wconf 84' lang='lat' dir='ltr'><strong><em>addito</em></strong></span> <span class='ocrx_word' id='word_1_388' title='bbox 1016 2166 1119 2192; x_wconf 88' lang='lat' dir='ltr'><strong><em>nomine</em></strong></span> <span class='ocrx_word' id='word_1_389' title='bbox 1137 2166 1324 2200; x_wconf 80' lang='grc' dir='ltr'>Ἀθανασιου,</span> <span class='ocrx_word' id='word_1_390' title='bbox 1340 2169 1472 2202; x_wconf 78' lang='lat' dir='ltr'><strong><em>sequentia</em></strong></span> <span class='ocrx_word' id='word_1_391' title='bbox 1485 2168 1600 2203; x_wconf 83' lang='lat' dir='ltr'><strong><em>subjicit.</em></strong></span> 
     </span>
    </p>
   </div>
   <div class='ocr_carea' id='block_1_36' title="bbox 301 2212 1044 2253">
    <p class='ocr_par' dir='ltr' id='par_1_36' title="bbox 301 2212 1044 2248">
     <span class='ocr_line' id='line_1_36' title="bbox 301 2212 1044 2248; baseline 0 -8"><span class='ocrx_word' id='word_1_392' title='bbox 301 2212 349 2240; x_wconf 80' lang='lat' dir='ltr'><strong><em>Est</em></strong></span> <span class='ocrx_word' id='word_1_393' title='bbox 383 2213 465 2248; x_wconf 74' lang='lat' dir='ltr'><strong><em>igitur</em></strong></span> <span class='ocrx_word' id='word_1_394' title='bbox 489 2212 645 2246; x_wconf 83' lang='lat' dir='ltr'><strong><em>psalterium</em></strong></span> <span class='ocrx_word' id='word_1_395' title='bbox 674 2213 884 2240; x_wconf 82' lang='lat' dir='ltr'><strong><em>instrumentum</em></strong></span> <span class='ocrx_word' id='word_1_396' title='bbox 910 2213 1044 2240; x_wconf 86' lang='lat' dir='ltr'><strong><em>musicum</em></strong></span> 
     </span>
    </p>
   </div>
   <div class='ocr_carea' id='block_1_37' title="bbox 1095 2212 1888 2253">
    <p class='ocr_par' dir='ltr' id='par_1_37' title="bbox 1135 2214 1888 2253">
     <span class='ocr_line' id='line_1_37' title="bbox 1135 2214 1888 2253; baseline 0.012 -14"><span class='ocrx_word' id='word_1_397' title='bbox 1135 2214 1212 2240; x_wconf 80' lang='grc' dir='ltr'><strong><em>Ἔστι</em></strong></span> <span class='ocrx_word' id='word_1_398' title='bbox 1225 2214 1312 2240; x_wconf 80' lang='grc' dir='ltr'>τοίνυν</span> <span class='ocrx_word' id='word_1_399' title='bbox 1324 2214 1354 2241; x_wconf 77' lang='grc' dir='ltr'><strong><em>τὸ</em></strong></span> <span class='ocrx_word' id='word_1_400' title='bbox 1372 2215 1519 2251; x_wconf 65' lang='grc' dir='ltr'>ψαλτήριον</span> <span class='ocrx_word' id='word_1_401' title='bbox 1531 2217 1646 2252; x_wconf 78' lang='grc' dir='ltr'>ὄργανον</span> <span class='ocrx_word' id='word_1_402' title='bbox 1661 2219 1793 2253; x_wconf 73' lang='grc' dir='ltr'>μουσικὸν</span> <span class='ocrx_word' id='word_1_403' title='bbox 1811 2220 1888 2248; x_wconf 72' lang='grc' dir='ltr'>δεκά-</span> 
     </span>
    </p>
   </div>
   <div class='ocr_carea' id='block_1_38' title="bbox 267 2258 1049 2293">
    <p class='ocr_par' dir='ltr' id='par_1_38' title="bbox 267 2258 1049 2293">
     <span class='ocr_line' id='line_1_38' title="bbox 267 2258 1049 2293; baseline -0.001 -7"><span class='ocrx_word' id='word_1_404' title='bbox 267 2263 394 2286; x_wconf 86' lang='lat' dir='ltr'><strong><em>constans</em></strong></span> <span class='ocrx_word' id='word_1_405' title='bbox 407 2259 498 2286; x_wconf 82' lang='lat' dir='ltr'><strong><em>decem</em></strong></span> <span class='ocrx_word' id='word_1_406' title='bbox 521 2259 639 2290; x_wconf 83' lang='lat' dir='ltr'><strong><em>chordis,</em></strong></span> <span class='ocrx_word' id='word_1_407' title='bbox 654 2258 688 2286; x_wconf 86' lang='lat' dir='ltr'><strong><em>de</em></strong></span> <span class='ocrx_word' id='word_1_408' title='bbox 709 2259 823 2286; x_wconf 85' lang='lat' dir='ltr'><strong><em>summis</em></strong></span> <span class='ocrx_word' id='word_1_409' title='bbox 839 2259 924 2293; x_wconf 87' lang='lat' dir='ltr'><strong><em>ipsius</em></strong></span> <span class='ocrx_word' id='word_1_410' title='bbox 938 2267 1049 2293; x_wconf 82' lang='lat' dir='ltr'><strong><em>compa-</em></strong></span> 
     </span>
    </p>
   </div>
   <div class='ocr_carea' id='block_1_39' title="bbox 266 2304 1047 2340">
    <p class='ocr_par' dir='ltr' id='par_1_39' title="bbox 266 2304 1047 2340">
     <span class='ocr_line' id='line_1_39' title="bbox 266 2304 1047 2340; baseline 0.003 -10"><span class='ocrx_word' id='word_1_411' title='bbox 266 2305 308 2340; x_wconf 72' lang='lat' dir='ltr'><strong><em>gis</em></strong></span> <span class='ocrx_word' id='word_1_412' title='bbox 326 2304 447 2338; x_wconf 84' lang='lat' dir='ltr'><strong><em>partibus</em></strong></span> <span class='ocrx_word' id='word_1_413' title='bbox 469 2311 566 2331; x_wconf 76' lang='lat' dir='ltr'><strong><em>sonum</em></strong></span> <span class='ocrx_word' id='word_1_414' title='bbox 589 2304 742 2339; x_wconf 85' lang='lat' dir='ltr'><strong><em>perliciens,</em></strong></span> <span class='ocrx_word' id='word_1_415' title='bbox 756 2312 903 2339; x_wconf 76' lang='lat' dir='ltr'><strong><em>vocemque</em></strong></span> <span class='ocrx_word' id='word_1_416' title='bbox 925 2312 1047 2332; x_wconf 87' lang='lat' dir='ltr'><strong><em>consona</em></strong></span> 
     </span>
    </p>
   </div>
   <div class='ocr_carea' id='block_1_40' title="bbox 265 2350 1044 2385">
    <p class='ocr_par' dir='ltr' id='par_1_40' title="bbox 265 2350 1044 2385">
     <span class='ocr_line' id='line_1_40' title="bbox 265 2350 1044 2385; baseline 0.001 -9"><span class='ocrx_word' id='word_1_417' title='bbox 265 2350 381 2385; x_wconf 83' lang='lat' dir='ltr'><strong><em>quadam</em></strong></span> <span class='ocrx_word' id='word_1_418' title='bbox 397 2350 512 2376; x_wconf 83' lang='lat' dir='ltr'><strong><em>melodia</em></strong></span> <span class='ocrx_word' id='word_1_419' title='bbox 525 2350 674 2377; x_wconf 66' lang='lat' dir='ltr'><strong><em>articulatm</em></strong></span> <span class='ocrx_word' id='word_1_420' title='bbox 691 2351 750 2377; x_wconf 87' lang='lat' dir='ltr'><strong><em>voci</em></strong></span> <span class='ocrx_word' id='word_1_421' title='bbox 766 2351 880 2378; x_wconf 75' lang='lat' dir='ltr'><strong><em>similem</em></strong></span> <span class='ocrx_word' id='word_1_422' title='bbox 904 2351 1019 2378; x_wconf 82' lang='lat' dir='ltr'><strong><em>reddens</em></strong></span> <span class='ocrx_word' id='word_1_423' title='bbox 1037 2360 1044 2377; x_wconf 92' lang='lat'><em>:</em></span> 
     </span>
    </p>
   </div>
   <div class='ocr_carea' id='block_1_41' title="bbox 266 2395 1044 2431">
    <p class='ocr_par' dir='ltr' id='par_1_41' title="bbox 266 2395 1044 2431">
     <span class='ocr_line' id='line_1_41' title="bbox 266 2395 1044 2431; baseline 0.003 -9"><span class='ocrx_word' id='word_1_424' title='bbox 266 2402 297 2422; x_wconf 77' lang='lat' dir='ltr'><strong><em>ac</em></strong></span> <span class='ocrx_word' id='word_1_425' title='bbox 321 2395 429 2428; x_wconf 88' lang='lat' dir='ltr'><strong><em>dicitur,</em></strong></span> <span class='ocrx_word' id='word_1_426' title='bbox 446 2395 565 2423; x_wconf 68' lang='lat' dir='ltr'><strong><em>Hebraeis</em></strong></span> <span class='ocrx_word' id='word_1_427' title='bbox 589 2396 708 2431; x_wconf 86' lang='lat' dir='ltr'><strong><em>quidem,</em></strong></span> <span class='ocrx_word' id='word_1_428' title='bbox 732 2397 830 2428; x_wconf 85' lang='lat' dir='ltr'><strong><em>naula;</em></strong></span> <span class='ocrx_word' id='word_1_429' title='bbox 855 2395 956 2423; x_wconf 66' lang='lat' dir='ltr'><strong><em>Graecis</em></strong></span> <span class='ocrx_word' id='word_1_430' title='bbox 970 2404 1044 2428; x_wconf 82' lang='lat' dir='ltr'><strong><em>vero,</em></strong></span> 
     </span>
    </p>
   </div>
   <div class='ocr_carea' id='block_1_42' title="bbox 263 2441 1046 2476">
    <p class='ocr_par' dir='ltr' id='par_1_42' title="bbox 263 2441 1046 2476">
     <span class='ocr_line' id='line_1_42' title="bbox 263 2441 1046 2476; baseline 0 -8"><span class='ocrx_word' id='word_1_431' title='bbox 263 2442 378 2470; x_wconf 80' lang='lat' dir='ltr'><strong><em>cithara.</em></strong></span> <span class='ocrx_word' id='word_1_432' title='bbox 399 2441 548 2469; x_wconf 81' lang='lat' dir='ltr'><strong><em>Conﬁcitur</em></strong></span> <span class='ocrx_word' id='word_1_433' title='bbox 561 2449 625 2469; x_wconf 73' lang='lat' dir='ltr'><strong><em>vero</em></strong></span> <span class='ocrx_word' id='word_1_434' title='bbox 650 2442 702 2469; x_wconf 86' lang='lat' dir='ltr'><strong><em>hoc</em></strong></span> <span class='ocrx_word' id='word_1_435' title='bbox 726 2442 806 2469; x_wconf 84' lang='lat' dir='ltr'><strong><em>modo</em></strong></span> <span class='ocrx_word' id='word_1_436' title='bbox 825 2451 832 2469; x_wconf 85' lang='lat'><strong>:</strong></span> <span class='ocrx_word' id='word_1_437' title='bbox 848 2446 956 2476; x_wconf 84' lang='lat' dir='ltr'><strong><em>sumpto</em></strong></span> <span class='ocrx_word' id='word_1_438' title='bbox 971 2442 1046 2476; x_wconf 75' lang='lat' dir='ltr'><strong><em>ligno</em></strong></span> 
     </span>
    </p>
   </div>
   <div class='ocr_carea' id='block_1_43' title="bbox 263 2487 1046 2523">
    <p class='ocr_par' dir='ltr' id='par_1_43' title="bbox 263 2487 1046 2523">
     <span class='ocr_line' id='line_1_43' title="bbox 263 2487 1046 2523; baseline 0 -9"><span class='ocrx_word' id='word_1_439' title='bbox 263 2494 349 2518; x_wconf 77' lang='lat' dir='ltr'><strong><em>recto.</em></strong></span> <span class='ocrx_word' id='word_1_440' title='bbox 363 2488 482 2523; x_wconf 81' lang='lat' dir='ltr'><strong><em>nihilque</em></strong></span> <span class='ocrx_word' id='word_1_441' title='bbox 494 2487 601 2522; x_wconf 86' lang='lat' dir='ltr'><strong><em>penitus</em></strong></span> <span class='ocrx_word' id='word_1_442' title='bbox 615 2488 723 2521; x_wconf 81' lang='lat' dir='ltr'><strong><em>inﬂexo,</em></strong></span> <span class='ocrx_word' id='word_1_443' title='bbox 738 2488 830 2515; x_wconf 82' lang='lat' dir='ltr'><strong><em>decem</em></strong></span> <span class='ocrx_word' id='word_1_444' title='bbox 850 2487 877 2514; x_wconf 86' lang='lat' dir='ltr'><strong><em>in</em></strong></span> <span class='ocrx_word' id='word_1_445' title='bbox 892 2495 925 2514; x_wconf 88' lang='lat' dir='ltr'><strong><em>eo</em></strong></span> <span class='ocrx_word' id='word_1_446' title='bbox 937 2487 1046 2515; x_wconf 63' lang='lat' dir='ltr'><strong><em>chordae</em></strong></span> 
     </span>
    </p>
   </div>
   <div class='ocr_carea' id='block_1_44' title="bbox 263 2533 1046 2567">
    <p class='ocr_par' dir='ltr' id='par_1_44' title="bbox 263 2533 1046 2567">
     <span class='ocr_line' id='line_1_44' title="bbox 263 2533 1046 2567; baseline -0.001 -7"><span class='ocrx_word' id='word_1_447' title='bbox 263 2533 458 2567; x_wconf 74' lang='lat' dir='ltr'><strong><em>tendebantur;</em></strong></span> <span class='ocrx_word' id='word_1_448' title='bbox 487 2540 518 2560; x_wconf 82' lang='lat' dir='ltr'><strong><em>ac</em></strong></span> <span class='ocrx_word' id='word_1_449' title='bbox 543 2533 656 2567; x_wconf 66' lang='lat' dir='ltr'><strong><em>singula:</em></strong></span> <span class='ocrx_word' id='word_1_450' title='bbox 680 2533 795 2560; x_wconf 82' lang='lat' dir='ltr'><strong><em>seorsim</em></strong></span> <span class='ocrx_word' id='word_1_451' title='bbox 827 2533 854 2559; x_wconf 90' lang='lat' dir='ltr'><strong><em>in</em></strong></span> <span class='ocrx_word' id='word_1_452' title='bbox 890 2533 1046 2560; x_wconf 87' lang='lat' dir='ltr'><strong><em>summitate</em></strong></span> 
     </span>
    </p>
   </div>
   <div class='ocr_carea' id='block_1_45' title="bbox 264 2576 1045 2612">
    <p class='ocr_par' dir='ltr' id='par_1_45' title="bbox 264 2576 1045 2612">
     <span class='ocr_line' id='line_1_45' title="bbox 264 2576 1045 2612; baseline 0 -8"><span class='ocrx_word' id='word_1_453' title='bbox 264 2576 350 2611; x_wconf 83' lang='lat' dir='ltr'><strong><em>ipsius</em></strong></span> <span class='ocrx_word' id='word_1_454' title='bbox 375 2577 494 2612; x_wconf 79' lang='lat' dir='ltr'><strong><em>psalterii</em></strong></span> <span class='ocrx_word' id='word_1_455' title='bbox 516 2579 576 2604; x_wconf 63' lang='lat' dir='ltr'><strong><em>lixas</em></strong></span> <span class='ocrx_word' id='word_1_456' title='bbox 597 2577 853 2612; x_wconf 79' lang='lat' dir='ltr'><strong><em>constringebantur</em></strong></span> <span class='ocrx_word' id='word_1_457' title='bbox 870 2587 876 2605; x_wconf 90' lang='lat'><strong>:</strong></span> <span class='ocrx_word' id='word_1_458' title='bbox 891 2585 983 2604; x_wconf 87' lang='lat' dir='ltr'><strong><em>earum</em></strong></span> <span class='ocrx_word' id='word_1_459' title='bbox 996 2586 1045 2605; x_wconf 83' lang='lat' dir='ltr'><strong><em>au-</em></strong></span> 
     </span>
    </p>
   </div>
   <div class='ocr_carea' id='block_1_46' title="bbox 263 2623 1045 2658">
    <p class='ocr_par' dir='ltr' id='par_1_46' title="bbox 263 2623 1045 2658">
     <span class='ocr_line' id='line_1_46' title="bbox 263 2623 1045 2658; baseline 0.003 -9"><span class='ocrx_word' id='word_1_460' title='bbox 263 2628 316 2650; x_wconf 85' lang='lat' dir='ltr'><strong><em>tem</em></strong></span> <span class='ocrx_word' id='word_1_461' title='bbox 348 2623 479 2658; x_wconf 79' lang='lat' dir='ltr'><strong><em>principia</em></strong></span> <span class='ocrx_word' id='word_1_462' title='bbox 512 2624 655 2652; x_wconf 81' lang='lat' dir='ltr'><strong><em>desursum</em></strong></span> <span class='ocrx_word' id='word_1_463' title='bbox 682 2626 870 2653; x_wconf 86' lang='lat' dir='ltr'><strong><em>demittuntur.</em></strong></span> <span class='ocrx_word' id='word_1_464' title='bbox 901 2625 929 2652; x_wconf 98' lang='lat' dir='ltr'><strong><em>In</em></strong></span> <span class='ocrx_word' id='word_1_465' title='bbox 953 2626 1045 2653; x_wconf 84' lang='lat' dir='ltr'><strong><em>cubito</em></strong></span> 
     </span>
    </p>
   </div>
   <div class='ocr_carea' id='block_1_47' title="bbox 261 2668 1044 2705">
    <p class='ocr_par' dir='ltr' id='par_1_47' title="bbox 261 2668 1044 2705">
     <span class='ocr_line' id='line_1_47' title="bbox 261 2668 1044 2705; baseline 0.006 -11"><span class='ocrx_word' id='word_1_466' title='bbox 261 2669 327 2704; x_wconf 80' lang='lat' dir='ltr'><strong><em>(sive</em></strong></span> <span class='ocrx_word' id='word_1_467' title='bbox 342 2668 420 2703; x_wconf 80' lang='lat' dir='ltr'><strong><em>collo)</em></strong></span> <span class='ocrx_word' id='word_1_468' title='bbox 438 2677 555 2704; x_wconf 65' lang='lat' dir='ltr'><strong><em>namque</em></strong></span> <span class='ocrx_word' id='word_1_469' title='bbox 567 2670 651 2704; x_wconf 88' lang='lat' dir='ltr'><strong><em>ipsius</em></strong></span> <span class='ocrx_word' id='word_1_470' title='bbox 665 2671 783 2705; x_wconf 86' lang='lat' dir='ltr'><strong><em>psalterii</em></strong></span> <span class='ocrx_word' id='word_1_471' title='bbox 799 2672 890 2698; x_wconf 83' lang='lat' dir='ltr'><strong><em>decem</em></strong></span> <span class='ocrx_word' id='word_1_472' title='bbox 906 2672 1044 2699; x_wconf 55' lang='lat' dir='ltr'><strong><em>claviculas</em></strong></span> 
     </span>
    </p>
   </div>
   <div class='ocr_carea' id='block_1_48' title="bbox 261 2715 1042 2751">
    <p class='ocr_par' dir='ltr' id='par_1_48' title="bbox 261 2715 1042 2751">
     <span class='ocr_line' id='line_1_48' title="bbox 261 2715 1042 2751; baseline 0.004 -9"><span class='ocrx_word' id='word_1_473' title='bbox 261 2716 319 2743; x_wconf 87' lang='lat' dir='ltr'><strong><em>sive</em></strong></span> <span class='ocrx_word' id='word_1_474' title='bbox 334 2715 424 2749; x_wconf 83' lang='lat' dir='ltr'><strong><em>paxilli</em></strong></span> <span class='ocrx_word' id='word_1_475' title='bbox 442 2715 545 2749; x_wconf 83' lang='lat' dir='ltr'><strong><em>trajecti</em></strong></span> <span class='ocrx_word' id='word_1_476' title='bbox 561 2720 713 2749; x_wconf 86' lang='lat' dir='ltr'><strong><em>vertuntur,</em></strong></span> <span class='ocrx_word' id='word_1_477' title='bbox 727 2717 773 2751; x_wconf 89' lang='lat' dir='ltr'><strong><em>qui</em></strong></span> <span class='ocrx_word' id='word_1_478' title='bbox 787 2717 903 2744; x_wconf 87' lang='lat' dir='ltr'><strong><em>chordas</em></strong></span> <span class='ocrx_word' id='word_1_479' title='bbox 919 2717 1042 2751; x_wconf 86' lang='lat' dir='ltr'><strong><em>tendunt,</em></strong></span> 
     </span>
    </p>
   </div>
   <div class='ocr_carea' id='block_1_49' title="bbox 261 2761 1042 2799">
    <p class='ocr_par' dir='ltr' id='par_1_49' title="bbox 261 2761 1042 2799">
     <span class='ocr_line' id='line_1_49' title="bbox 261 2761 1042 2799; baseline 0.004 -12"><span class='ocrx_word' id='word_1_480' title='bbox 261 2761 444 2792; x_wconf 86' lang='lat' dir='ltr'><strong><em>rcmittuntve,</em></strong></span> <span class='ocrx_word' id='word_1_481' title='bbox 460 2765 538 2794; x_wconf 82' lang='lat' dir='ltr'><strong><em>prout</em></strong></span> <span class='ocrx_word' id='word_1_482' title='bbox 550 2769 647 2790; x_wconf 83' lang='lat' dir='ltr'><strong><em>vocum</em></strong></span> <span class='ocrx_word' id='word_1_483' title='bbox 662 2763 839 2790; x_wconf 87' lang='lat' dir='ltr'><strong><em>consonantia</em></strong></span> <span class='ocrx_word' id='word_1_484' title='bbox 860 2768 886 2790; x_wconf 87' lang='lat' dir='ltr'><strong><em>et</em></strong></span> <span class='ocrx_word' id='word_1_485' title='bbox 903 2764 1042 2799; x_wconf 86' lang='lat' dir='ltr'><strong><em>proportio</em></strong></span> 
     </span>
    </p>
   </div>
   <div class='ocr_carea' id='block_1_50' title="bbox 262 2807 1040 2846">
    <p class='ocr_par' dir='ltr' id='par_1_50' title="bbox 262 2807 1040 2846">
     <span class='ocr_line' id='line_1_50' title="bbox 262 2807 1040 2846; baseline 0.005 -12"><span class='ocrx_word' id='word_1_486' title='bbox 262 2807 384 2842; x_wconf 88' lang='lat' dir='ltr'><strong><em>requirit,</em></strong></span> <span class='ocrx_word' id='word_1_487' title='bbox 401 2812 426 2835; x_wconf 82' lang='lat' dir='ltr'><strong><em>et</em></strong></span> <span class='ocrx_word' id='word_1_488' title='bbox 442 2808 474 2835; x_wconf 84' lang='lat' dir='ltr'><strong><em>ad</em></strong></span> <span class='ocrx_word' id='word_1_489' title='bbox 490 2808 627 2842; x_wconf 83' lang='lat' dir='ltr'><strong><em>psallentis</em></strong></span> <span class='ocrx_word' id='word_1_490' title='bbox 652 2809 766 2838; x_wconf 83' lang='lat' dir='ltr'><strong><em>libitum.</em></strong></span> <span class='ocrx_word' id='word_1_491' title='bbox 787 2809 819 2837; x_wconf 90' lang='lat' dir='ltr'><strong><em>Et</em></strong></span> <span class='ocrx_word' id='word_1_492' title='bbox 837 2810 887 2838; x_wconf 86' lang='lat' dir='ltr'><strong><em>hoc</em></strong></span> <span class='ocrx_word' id='word_1_493' title='bbox 900 2815 952 2843; x_wconf 82' lang='lat' dir='ltr'><strong><em>est,</em></strong></span> <span class='ocrx_word' id='word_1_494' title='bbox 968 2811 1040 2846; x_wconf 89' lang='lat' dir='ltr'><strong><em>quod</em></strong></span> 
     </span>
    </p>
   </div>
   <div class='ocr_carea' id='block_1_51' title="bbox 261 2852 636 2888">
    <p class='ocr_par' dir='ltr' id='par_1_51' title="bbox 261 2852 636 2888">
     <span class='ocr_line' id='line_1_51' title="bbox 261 2852 636 2888; baseline 0.008 -8"><span class='ocrx_word' id='word_1_495' title='bbox 261 2861 374 2888; x_wconf 70' lang='lat' dir='ltr'><strong><em>iiiagnus</em></strong></span> <span class='ocrx_word' id='word_1_496' title='bbox 394 2852 509 2882; x_wconf 87' lang='lat' dir='ltr'><strong><em>Basilius</em></strong></span> <span class='ocrx_word' id='word_1_497' title='bbox 524 2854 571 2888; x_wconf 85' lang='lat' dir='ltr'><strong><em>ait,</em></strong></span> <span class='ocrx_word' id='word_1_498' title='bbox 585 2860 636 2883; x_wconf 85' lang='lat' dir='ltr'><strong><em>elc.</em></strong></span> 
     </span>
    </p>
   </div>
   <div class='ocr_carea' id='block_1_52' title="bbox 1099 2260 1886 2302">
    <p class='ocr_par' dir='ltr' id='par_1_52' title="bbox 1099 2260 1886 2302">
     <span class='ocr_line' id='line_1_52' title="bbox 1099 2260 1886 2302; baseline 0.01 -16"><span class='ocrx_word' id='word_1_499' title='bbox 1099 2260 1202 2296; x_wconf 86' lang='grc' dir='ltr'>χορδον,</span> <span class='ocrx_word' id='word_1_500' title='bbox 1215 2262 1247 2288; x_wconf 79' lang='grc' dir='ltr'><strong>ὲκ</strong></span> <span class='ocrx_word' id='word_1_501' title='bbox 1263 2261 1316 2288; x_wconf 77' lang='grc' dir='ltr'><strong><em>τῶν</em></strong></span> <span class='ocrx_word' id='word_1_502' title='bbox 1329 2262 1430 2289; x_wconf 78' lang='grc' dir='ltr'>ἄνωθεν</span> <span class='ocrx_word' id='word_1_503' title='bbox 1449 2263 1538 2298; x_wconf 83' lang='grc' dir='ltr'>μερῶν</span> <span class='ocrx_word' id='word_1_504' title='bbox 1554 2264 1603 2299; x_wconf 87' lang='grc' dir='ltr'><strong><em>τῆς</em></strong></span> <span class='ocrx_word' id='word_1_505' title='bbox 1624 2267 1801 2302; x_wconf 78' lang='grc' dir='ltr'><strong><em>κατασκευῆς</em></strong></span> <span class='ocrx_word' id='word_1_506' title='bbox 1820 2269 1886 2294; x_wconf 75' lang='grc' dir='ltr'><strong><em>ἀπο-</em></strong></span> 
     </span>
    </p>
   </div>
   <div class='ocr_carea' id='block_1_53' title="bbox 1097 2305 1886 2348">
    <p class='ocr_par' dir='ltr' id='par_1_53' title="bbox 1097 2305 1886 2348">
     <span class='ocr_line' id='line_1_53' title="bbox 1097 2305 1886 2348; baseline 0.008 -16"><span class='ocrx_word' id='word_1_507' title='bbox 1097 2306 1189 2333; x_wconf 78' lang='grc' dir='ltr'>τελοῦν</span> <span class='ocrx_word' id='word_1_508' title='bbox 1201 2307 1247 2333; x_wconf 80' lang='grc' dir='ltr'><strong><em>τὸν</em></strong></span> <span class='ocrx_word' id='word_1_509' title='bbox 1257 2305 1334 2342; x_wconf 76' lang='grc' dir='ltr'>ἦχον,</span> <span class='ocrx_word' id='word_1_510' title='bbox 1347 2308 1513 2344; x_wconf 84' lang='grc' dir='ltr'>ὲναρμονίως</span> <span class='ocrx_word' id='word_1_511' title='bbox 1529 2309 1592 2341; x_wconf 77' lang='grc' dir='ltr'><strong><em>τοὺς</em></strong></span> <span class='ocrx_word' id='word_1_512' title='bbox 1606 2310 1742 2344; x_wconf 80' lang='grc' dir='ltr'><strong><em>φθόγγους</em></strong></span> <span class='ocrx_word' id='word_1_513' title='bbox 1756 2313 1827 2348; x_wconf 77' lang='grc' dir='ltr'>πρὸς</span> <span class='ocrx_word' id='word_1_514' title='bbox 1843 2314 1886 2348; x_wconf 67' lang='grc' dir='ltr'><strong><em>τὴν</em></strong></span> 
     </span>
    </p>
   </div>
   <div class='ocr_carea' id='block_1_54' title="bbox 1097 2352 1886 2393">
    <p class='ocr_par' dir='ltr' id='par_1_54' title="bbox 1097 2352 1886 2393">
     <span class='ocr_line' id='line_1_54' title="bbox 1097 2352 1886 2393; baseline 0.009 -15"><span class='ocrx_word' id='word_1_515' title='bbox 1097 2353 1130 2378; x_wconf 82' lang='grc' dir='ltr'><strong><em>ὲκ</em></strong></span> <span class='ocrx_word' id='word_1_516' title='bbox 1139 2352 1189 2387; x_wconf 85' lang='grc' dir='ltr'><strong><em>τῆς</em></strong></span> <span class='ocrx_word' id='word_1_517' title='bbox 1199 2353 1289 2388; x_wconf 81' lang='grc' dir='ltr'>φωνῆς</span> <span class='ocrx_word' id='word_1_518' title='bbox 1302 2353 1433 2388; x_wconf 80' lang='grc' dir='ltr'>μελῳδίαν</span> <span class='ocrx_word' id='word_1_519' title='bbox 1446 2355 1569 2382; x_wconf 76' lang='grc' dir='ltr'>ἀποδιδὸν</span> <span class='ocrx_word' id='word_1_520' title='bbox 1580 2363 1586 2371; x_wconf 81' lang='grc'><em>’</em></span> <span class='ocrx_word' id='word_1_521' title='bbox 1602 2355 1676 2391; x_wconf 76' lang='grc' dir='ltr'>παρὰ</span> <span class='ocrx_word' id='word_1_522' title='bbox 1686 2357 1736 2391; x_wconf 78' lang='grc' dir='ltr'><strong><em>μὲν</em></strong></span> <span class='ocrx_word' id='word_1_523' title='bbox 1752 2358 1886 2393; x_wconf 70' lang='grc' dir='ltr'>Ἑϐραίοις</span> 
     </span>
    </p>
   </div>
   <div class='ocr_carea' id='block_1_55' title="bbox 1097 2397 1886 2439">
    <p class='ocr_par' dir='ltr' id='par_1_55' title="bbox 1097 2397 1886 2439">
     <span class='ocr_line' id='line_1_55' title="bbox 1097 2397 1886 2439; baseline 0.009 -15"><span class='ocrx_word' id='word_1_524' title='bbox 1097 2397 1181 2424; x_wconf 87' lang='grc' dir='ltr'>ναῦλα</span> <span class='ocrx_word' id='word_1_525' title='bbox 1196 2398 1349 2433; x_wconf 82' lang='grc' dir='ltr'>λεγόμενον,</span> <span class='ocrx_word' id='word_1_526' title='bbox 1362 2401 1426 2435; x_wconf 76' lang='grc' dir='ltr'>παρ’</span> <span class='ocrx_word' id='word_1_527' title='bbox 1441 2400 1552 2436; x_wconf 84' lang='grc' dir='ltr'>Ἕλλησι</span> <span class='ocrx_word' id='word_1_528' title='bbox 1566 2401 1593 2427; x_wconf 84' lang='grc' dir='ltr'>δὲ</span> <span class='ocrx_word' id='word_1_529' title='bbox 1605 2401 1705 2437; x_wconf 81' lang='grc' dir='ltr'>κιθάρα</span> <span class='ocrx_word' id='word_1_530' title='bbox 1719 2403 1886 2439; x_wconf 71' lang='grc' dir='ltr'><strong><em>ὀνομαζόμε-</em></strong></span> 
     </span>
    </p>
   </div>
   <div class='ocr_carea' id='block_1_56' title="bbox 1097 2445 1885 2486">
    <p class='ocr_par' dir='ltr' id='par_1_56' title="bbox 1097 2445 1885 2486">
     <span class='ocr_line' id='line_1_56' title="bbox 1097 2445 1885 2486; baseline 0.009 -16"><span class='ocrx_word' id='word_1_531' title='bbox 1097 2453 1150 2471; x_wconf 89' lang='grc' dir='ltr'>νον.</span> <span class='ocrx_word' id='word_1_532' title='bbox 1164 2445 1372 2472; x_wconf 78' lang='grc' dir='ltr'><strong><em>Κατεσκεύαστο</em></strong></span> <span class='ocrx_word' id='word_1_533' title='bbox 1385 2446 1438 2482; x_wconf 71' lang='grc' dir='ltr'>γὰρ</span> <span class='ocrx_word' id='word_1_534' title='bbox 1451 2447 1541 2479; x_wconf 78' lang='grc' dir='ltr'><strong><em>αὐτοῖς</em></strong></span> <span class='ocrx_word' id='word_1_535' title='bbox 1551 2448 1629 2483; x_wconf 82' lang='grc' dir='ltr'>ὀρθὸν</span> <span class='ocrx_word' id='word_1_536' title='bbox 1644 2448 1721 2480; x_wconf 81' lang='grc' dir='ltr'>ξύλον</span> <span class='ocrx_word' id='word_1_537' title='bbox 1735 2450 1782 2476; x_wconf 81' lang='grc' dir='ltr'><strong><em>καὶ</em></strong></span> <span class='ocrx_word' id='word_1_538' title='bbox 1797 2450 1885 2486; x_wconf 75' lang='grc' dir='ltr'>ἀπαρ-</span> 
     </span>
    </p>
   </div>
   <div class='ocr_carea' id='block_1_57' title="bbox 1096 2490 1884 2531">
    <p class='ocr_par' dir='ltr' id='par_1_57' title="bbox 1096 2490 1884 2531">
     <span class='ocr_line' id='line_1_57' title="bbox 1096 2490 1884 2531; baseline 0.008 -15"><span class='ocrx_word' id='word_1_539' title='bbox 1096 2490 1228 2524; x_wconf 84' lang='grc' dir='ltr'>έγκλιτον,</span> <span class='ocrx_word' id='word_1_540' title='bbox 1249 2492 1342 2527; x_wconf 77' lang='grc' dir='ltr'>χορδαὶ</span> <span class='ocrx_word' id='word_1_541' title='bbox 1356 2491 1385 2519; x_wconf 83' lang='grc' dir='ltr'>δὲ</span> <span class='ocrx_word' id='word_1_542' title='bbox 1396 2493 1425 2518; x_wconf 83' lang='grc' dir='ltr'>ὲν</span> <span class='ocrx_word' id='word_1_543' title='bbox 1439 2493 1524 2528; x_wconf 72' lang='grc' dir='ltr'>τούτῳ</span> <span class='ocrx_word' id='word_1_544' title='bbox 1535 2492 1601 2520; x_wconf 78' lang='grc' dir='ltr'>δέκα</span> <span class='ocrx_word' id='word_1_545' title='bbox 1615 2495 1757 2522; x_wconf 82' lang='grc' dir='ltr'>ὲτείνοντο.</span> <span class='ocrx_word' id='word_1_546' title='bbox 1766 2495 1884 2531; x_wconf 80' lang='grc' dir='ltr'><strong><em>Ἐχάστη</em></strong></span> 
     </span>
    </p>
   </div>
   <div class='ocr_carea' id='block_1_58' title="bbox 1095 2536 1883 2577">
    <p class='ocr_par' dir='ltr' id='par_1_58' title="bbox 1095 2536 1883 2577">
     <span class='ocr_line' id='line_1_58' title="bbox 1095 2536 1883 2577; baseline 0.006 -15"><span class='ocrx_word' id='word_1_547' title='bbox 1095 2536 1124 2562; x_wconf 80' lang='grc' dir='ltr'>δὲ</span> <span class='ocrx_word' id='word_1_548' title='bbox 1148 2536 1202 2563; x_wconf 80' lang='grc' dir='ltr'>τῶν</span> <span class='ocrx_word' id='word_1_549' title='bbox 1223 2536 1322 2572; x_wconf 82' lang='grc' dir='ltr'>χορδῶν</span> <span class='ocrx_word' id='word_1_550' title='bbox 1339 2538 1378 2569; x_wconf 79' lang='grc' dir='ltr'><strong><em>εἰς</em></strong></span> <span class='ocrx_word' id='word_1_551' title='bbox 1394 2537 1425 2563; x_wconf 79' lang='grc' dir='ltr'><strong><em>τὸ</em></strong></span> <span class='ocrx_word' id='word_1_552' title='bbox 1439 2538 1640 2573; x_wconf 75' lang='grc' dir='ltr'>ἀχροτελεύτιον</span> <span class='ocrx_word' id='word_1_553' title='bbox 1663 2539 1710 2565; x_wconf 76' lang='grc' dir='ltr'><strong><em>τοῦ</em></strong></span> <span class='ocrx_word' id='word_1_554' title='bbox 1733 2540 1883 2577; x_wconf 67' lang='grc' dir='ltr'>ψαλτηρίου</span> 
     </span>
    </p>
   </div>
   <div class='ocr_carea' id='block_1_59' title="bbox 1095 2583 1882 2623">
    <p class='ocr_par' dir='ltr' id='par_1_59' title="bbox 1095 2583 1882 2623">
     <span class='ocr_line' id='line_1_59' title="bbox 1095 2583 1882 2623; baseline 0.001 -13"><span class='ocrx_word' id='word_1_555' title='bbox 1095 2583 1172 2619; x_wconf 85' lang='grc' dir='ltr'>διῃρη</span> <span class='ocrx_word' id='word_1_556' title='bbox 1178 2583 1265 2619; x_wconf 75' lang='grc' dir='ltr'>μένωε</span> <span class='ocrx_word' id='word_1_557' title='bbox 1279 2584 1492 2618; x_wconf 79' lang='grc' dir='ltr'><strong><em>ὲναπεσφίγγετο</em></strong></span> <span class='ocrx_word' id='word_1_558' title='bbox 1501 2593 1508 2599; x_wconf 88' lang='grc'><strong>·</strong></span> <span class='ocrx_word' id='word_1_559' title='bbox 1529 2585 1558 2610; x_wconf 76' lang='grc' dir='ltr'>αἱ</span> <span class='ocrx_word' id='word_1_560' title='bbox 1573 2584 1601 2611; x_wconf 82' lang='grc' dir='ltr'>δὲ</span> <span class='ocrx_word' id='word_1_561' title='bbox 1614 2585 1697 2620; x_wconf 79' lang='grc' dir='ltr'>ἀρχαὶ</span> <span class='ocrx_word' id='word_1_562' title='bbox 1710 2587 1766 2612; x_wconf 86' lang='grc' dir='ltr'><strong><em>τῶν</em></strong></span> <span class='ocrx_word' id='word_1_563' title='bbox 1783 2587 1882 2623; x_wconf 61' lang='grc' dir='ltr'>χορδῶν</span> 
     </span>
    </p>
   </div>
   <div class='ocr_carea' id='block_1_60' title="bbox 1095 2629 1882 2665">
    <p class='ocr_par' dir='ltr' id='par_1_60' title="bbox 1095 2629 1882 2665">
     <span class='ocr_line' id='line_1_60' title="bbox 1095 2629 1882 2665; baseline 0.004 -10"><span class='ocrx_word' id='word_1_564' title='bbox 1095 2629 1219 2656; x_wconf 81' lang='grc' dir='ltr'>καθίεντο</span> <span class='ocrx_word' id='word_1_565' title='bbox 1230 2629 1341 2657; x_wconf 82' lang='grc' dir='ltr'><strong><em>ἄνωθεν.</em></strong></span> <span class='ocrx_word' id='word_1_566' title='bbox 1357 2630 1427 2656; x_wconf 86' lang='grc' dir='ltr'><strong><em>Δέκα</em></strong></span> <span class='ocrx_word' id='word_1_567' title='bbox 1444 2631 1497 2665; x_wconf 85' lang='grc' dir='ltr'><strong><em>γὰρ</em></strong></span> <span class='ocrx_word' id='word_1_568' title='bbox 1509 2631 1632 2657; x_wconf 78' lang='grc' dir='ltr'>κόλλαεοι</span> <span class='ocrx_word' id='word_1_569' title='bbox 1648 2631 1739 2659; x_wconf 84' lang='grc' dir='ltr'>εἵτουν</span> <span class='ocrx_word' id='word_1_570' title='bbox 1754 2632 1882 2660; x_wconf 78' lang='grc' dir='ltr'><strong><em>πασσαλὶ-</em></strong></span> 
     </span>
    </p>
   </div>
   <div class='ocr_carea' id='block_1_61' title="bbox 1096 2675 1878 2714">
    <p class='ocr_par' dir='ltr' id='par_1_61' title="bbox 1096 2675 1878 2714">
     <span class='ocr_line' id='line_1_61' title="bbox 1096 2675 1878 2714; baseline 0.003 -13"><span class='ocrx_word' id='word_1_571' title='bbox 1096 2683 1164 2707; x_wconf 77' lang='grc' dir='ltr'>σκοι,</span> <span class='ocrx_word' id='word_1_572' title='bbox 1182 2677 1245 2711; x_wconf 80' lang='grc' dir='ltr'>περὶ</span> <span class='ocrx_word' id='word_1_573' title='bbox 1268 2675 1314 2701; x_wconf 76' lang='grc' dir='ltr'><strong><em>τὸν</em></strong></span> <span class='ocrx_word' id='word_1_574' title='bbox 1337 2676 1426 2711; x_wconf 82' lang='grc' dir='ltr'>πῆχυν</span> <span class='ocrx_word' id='word_1_575' title='bbox 1451 2676 1496 2702; x_wconf 82' lang='grc' dir='ltr'><strong><em>τοῦ</em></strong></span> <span class='ocrx_word' id='word_1_576' title='bbox 1524 2676 1671 2712; x_wconf 77' lang='grc' dir='ltr'>ψαλτηρίου</span> <span class='ocrx_word' id='word_1_577' title='bbox 1691 2679 1878 2714; x_wconf 72' lang='grc' dir='ltr'>στρεφόμενοι.</span> 
     </span>
    </p>
   </div>
   <div class='ocr_carea' id='block_1_62' title="bbox 1094 2721 1879 2760">
    <p class='ocr_par' dir='ltr' id='par_1_62' title="bbox 1094 2721 1879 2760">
     <span class='ocr_line' id='line_1_62' title="bbox 1094 2721 1879 2760; baseline 0.003 -13"><span class='ocrx_word' id='word_1_578' title='bbox 1094 2721 1192 2747; x_wconf 82' lang='grc' dir='ltr'>ἔτεινόν</span> <span class='ocrx_word' id='word_1_579' title='bbox 1209 2730 1237 2748; x_wconf 77' lang='grc' dir='ltr'><strong><em>τε</em></strong></span> <span class='ocrx_word' id='word_1_580' title='bbox 1252 2721 1300 2757; x_wconf 85' lang='grc' dir='ltr'><strong><em>τὴν</em></strong></span> <span class='ocrx_word' id='word_1_581' title='bbox 1311 2721 1407 2757; x_wconf 85' lang='grc' dir='ltr'>χορδὴν</span> <span class='ocrx_word' id='word_1_582' title='bbox 1423 2722 1471 2749; x_wconf 81' lang='grc' dir='ltr'><strong><em>καὶ</em></strong></span> <span class='ocrx_word' id='word_1_583' title='bbox 1487 2723 1589 2758; x_wconf 78' lang='grc' dir='ltr'><strong><em>ὲχάλων</em></strong></span> <span class='ocrx_word' id='word_1_584' title='bbox 1603 2723 1670 2758; x_wconf 83' lang='grc' dir='ltr'>πρός</span> <span class='ocrx_word' id='word_1_585' title='bbox 1679 2732 1709 2750; x_wconf 83' lang='grc' dir='ltr'><strong>τε</strong></span> <span class='ocrx_word' id='word_1_586' title='bbox 1721 2724 1768 2750; x_wconf 78' lang='grc' dir='ltr'><strong><em>τὸν</em></strong></span> <span class='ocrx_word' id='word_1_587' title='bbox 1782 2724 1879 2760; x_wconf 67' lang='grc' dir='ltr'>ῥυθμὸν</span> 
     </span>
    </p>
   </div>
   <div class='ocr_carea' id='block_1_63' title="bbox 1093 2766 1876 2805">
    <p class='ocr_par' dir='ltr' id='par_1_63' title="bbox 1093 2766 1876 2805">
     <span class='ocr_line' id='line_1_63' title="bbox 1093 2766 1876 2805; baseline 0.005 -13"><span class='ocrx_word' id='word_1_588' title='bbox 1093 2767 1141 2799; x_wconf 72' lang='grc' dir='ltr'><strong><em>τῆς</em></strong></span> <span class='ocrx_word' id='word_1_589' title='bbox 1164 2766 1293 2802; x_wconf 80' lang='grc' dir='ltr'>ἁρμονίας</span> <span class='ocrx_word' id='word_1_590' title='bbox 1319 2767 1366 2793; x_wconf 78' lang='grc' dir='ltr'><strong><em>καὶ</em></strong></span> <span class='ocrx_word' id='word_1_591' title='bbox 1389 2768 1456 2803; x_wconf 80' lang='grc' dir='ltr'>πρὸς</span> <span class='ocrx_word' id='word_1_592' title='bbox 1472 2768 1502 2794; x_wconf 80' lang='grc' dir='ltr'><strong><em>τὸ</em></strong></span> <span class='ocrx_word' id='word_1_593' title='bbox 1523 2767 1569 2794; x_wconf 77' lang='grc' dir='ltr'><strong><em>τοῦ</em></strong></span> <span class='ocrx_word' id='word_1_594' title='bbox 1587 2768 1728 2803; x_wconf 64' lang='grc' dir='ltr'>ψαλτφδοῦ</span> <span class='ocrx_word' id='word_1_595' title='bbox 1746 2769 1876 2805; x_wconf 63' lang='grc' dir='ltr'>βούλημα.</span> 
     </span>
    </p>
   </div>
   <div class='ocr_carea' id='block_1_64' title="bbox 1093 2812 1810 2848">
    <p class='ocr_par' dir='ltr' id='par_1_64' title="bbox 1093 2812 1810 2848">
     <span class='ocr_line' id='line_1_64' title="bbox 1093 2812 1810 2848; baseline 0.004 -10"><span class='ocrx_word' id='word_1_596' title='bbox 1093 2812 1145 2838; x_wconf 70' lang='grc' dir='ltr'><strong><em>Καὶ</em></strong></span> <span class='ocrx_word' id='word_1_597' title='bbox 1158 2812 1235 2838; x_wconf 59' lang='grc' dir='ltr'>τοῦτό</span> <span class='ocrx_word' id='word_1_598' title='bbox 1248 2813 1320 2840; x_wconf 78' lang='grc' dir='ltr'>ἐστιν</span> <span class='ocrx_word' id='word_1_599' title='bbox 1336 2813 1350 2839; x_wconf 84' lang='grc' dir='ltr'><strong><em>ὃ</em></strong></span> <span class='ocrx_word' id='word_1_600' title='bbox 1366 2821 1447 2848; x_wconf 75' lang='grc' dir='ltr'>φησιν</span> <span class='ocrx_word' id='word_1_601' title='bbox 1463 2814 1477 2839; x_wconf 84' lang='grc' dir='ltr'>ὁ</span> <span class='ocrx_word' id='word_1_602' title='bbox 1493 2813 1578 2848; x_wconf 80' lang='grc' dir='ltr'><strong><em>μέγας</em></strong></span> <span class='ocrx_word' id='word_1_603' title='bbox 1591 2814 1741 2847; x_wconf 74' lang='grc' dir='ltr'>Βασίλειος,</span> <span class='ocrx_word' id='word_1_604' title='bbox 1756 2820 1810 2843; x_wconf 82' lang='lat' dir='ltr'><strong><em>etc.</em></strong></span> 
     </span>
    </p>
   </div>
  </div>
