1926 3051
49 143 102 172 549

546 145 757 174 FRAGMENTA
775 148 954 176 COMMENT.
975 148 1008 176 IN
1027 149 1197 178 PSALMOS.

1619 153 1673 182 δεῖ)

306 217 318 226 ν
338 200 412 228 Idem
424 201 559 236 explicans
571 203 622 229 ista
638 203 734 237 psalmi
747 203 789 235 II,
807 213 816 229 ι
832 204 1008 232 Com-enarunt
1021 215 1091 241 reges
1103 213 1189 240 ιρι-ναι,
1208 219 1215 234 ι
1230 213 1293 239 ctc..
1304 210 1377 243 ponit
1388 218 1397 236 :

90 259 270 291 Ἄθανάσιος.
280 258 329 285 Διὰ
339 258 363 284 τί
378 258 405 284 δὲ
415 258 440 284 οἱ
452 257 570 293 βασιλεῖς
577 259 699 296 Ἡρώδης
714 262 727 287 ὸ
735 261 825 287 Ἀσκα-

920 264 1090 290 Athanasius.
1111 264 1176 297 Quze
1198 273 1262 292 vero
1289 273 1371 292 causa
1396 270 1465 298 erat,
1487 266 1559 300 quod
1583 275 1671 302 reges,

48 307 165 340 λωνὶτης
176 306 221 332 καὶ
233 306 347 337 Πιλᾶτος
360 307 374 331 ὁ
386 306 497 337 Πόντιος
512 301 698 342 παρέστησανξ
713 308 835 335 τουτέστι

49 351 234 387 παρετάξαντο
248 351 294 377 καὶ
307 351 423 387 ἐπῆλθον
437 351 507 377 κατὰ
521 351 656 386 Χριστοῦ;
672 351 720 378 Διὰ
731 353 757 378 τί
771 353 799 379 δὲ
809 354 834 379 oi

47 398 178 432 ἄρχοντες
202 397 254 423 τῶν
272 396 404 423 Ἰουδαίων
427 398 451 435 οί
475 396 592 429 ἀσεϐεῖς,
610 397 657 424 καὶ
673 397 771 432 λοιμοὶ,
788 399 834 424 καὶ

49 443 215 478 ἁμαρτωλοὶ,
228 442 414 477 Γραμματεῖς,
431 443 476 469 καὶ
490 443 641 478 Φαρισαῖοι,
654 444 700 469 καὶ
716 444 832 478 νομικοὶ,

47 490 85 520 είς
99 488 197 514 ταύτὸν
220 488 396 523 συνέδραμον,
413 488 458 514 καὶ
477 487 548 514 κατὰ
564 488 610 514 τοῦ
628 488 741 523 Κυρίου,
757 498 834 516 τουτ-

48 535 102 560 έστι
121 534 169 560 τοῦ
186 534 300 569 Πατρὸς,
316 534 364 560 καὶ
387 534 458 560 κατὰ
480 534 526 560 τοῦ
541 534 659 569 Χριστοῦ
672 535 831 571 ὲλύττησαν,

47 581 166 607 τουτέστι
181 579 228 606 τοῦ
243 580 307 606 Υἱοῦ
322 580 421 612 abaci;
447 580 475 606 '0
488 580 540 616 γὰρ
555 580 592 615 μὴ
605 580 693 615 τιμῶν
710 582 755 608 τὸν
771 582 832 609 Υἰὸν

46 626 103 652 οὐδὲ
115 625 161 652 τὸν
176 625 286 660 Πατέρα
300 626 376 660 τιμᾷ.
392 625 467 660 Τάχα
484 626 533 660 μὲν
546 623 601 657 οὖν,
614 626 705 661 ἐπειδὴ
719 626 753 653 τὰ
768 628 831 662 παρ’

46 673 158 703 ἐκείνοις
179 671 368 706 τετολμημένα
390 671 436 697 τοῦ
454 671 556 707 Κυρίου
575 671 674 706 μᾶλλον
689 673 738 708 τὴν
753 673 832 700 δύνα-

48 728 89 753 μιν
100 719 196 751 ἔδειξε,
209 718 257 745 καὶ
270 719 308 749 εἰς
317 718 472 744 τούναντίον
485 718 575 749 αὐτοῖς
584 718 619 744 τὰ
630 719 832 755 ἐπιχειρήματα

45 765 161 799 γέγονεν,
178 764 262 790 οἱονεὶ
280 763 438 799 μυκτηρίζει
463 764 561 795 αὐτοὺς
587 764 601 790 ὁ
623 764 712 796 Δαυῒδ,
729 764 767 796 ὡς
792 766 831 796 εὶς

47 811 117 837 κενὸν
128 810 221 837 πάντα
233 809 420 845 τολμήσαντας
431 819 437 824 ·
453 810 523 845 τάχα
538 809 565 836 δὲ
579 811 626 837 καὶ
641 811 785 846 μέμφεται.
799 811 831 837 Τί

46 857 94 892 γὰρ
104 856 205 891 δήποτε
219 855 374 890 αίτιώμενοι
384 857 408 882 oi
424 856 493 883 κατὰ
504 856 621 891 Χριστοῦ
633 857 830 892 συνδραμόντες

48 901 148 937 σταυρῷ
168 901 265 928 τοῦτον
292 902 463 937 ἁνήρτησανς
489 902 544 936 Οὐχ
568 899 644 934 οὗτός
660 904 733 929 ἐστιν
745 904 758 929 ὁ
774 904 829 935 τοῖς

47 935 125 975 ἔθνεσι
134 935 190 984 μὲν
204 935 394 982 δεδωκὼς-τὴν
413 947 519 981 σοφίαν,
529 935 593 979 τοῖς
605 948 633 974 δὲ
648 948 786 983 βασιλεῦσι
798 949 829 975 τὸ
845 935 866 963 Β

47 993 137 1028 κράτος
153 992 317 1028 παρασχὼν,
334 993 382 1019 καὶ
401 993 457 1024 τοῖς
473 993 585 1028 ἄρχουσι
595 993 644 1028 τὴν
660 993 747 1028 ἀρχὴν
761 1001 829 1028 κρα-

46 1039 190 1076 τυνόμενος,
213 1039 262 1066 καὶ
280 1040 337 1070 τοῖς
356 1039 492 1070 Ἰουδαίοις
506 1039 540 1066 τὰ
557 1039 672 1081 μέγιστα
683 1047 829 1076 τερατουρ-

48 1085 124 1120 γήσας
137 1085 184 1111 καὶ
199 1083 326 1120 βοώμενα
339 1083 482 1119 Θαύματα;

886 306 1005 335 Herodes
1021 309 1176 336 Ascalonita
1192 314 1218 336 et
1233 309 1345 337 Pontius
1362 309 1464 337 Pilatus
1482 312 1670 345 convenirent,

885 354 937 380 hoc
959 357 1010 386 est,
1032 355 1230 389 conspirarent,
1248 360 1274 382 et
1289 355 1420 390 impetum
1439 355 1559 384 facerent
1574 362 1671 385 contra

885 398 1041 426 Christum?
1053 400 1106 426 Aut
1119 400 1183 434 quid
1201 400 1239 426 rei
1252 405 1320 431 erat,
1332 401 1403 435 quod
1417 401 1551 435 principes
1564 401 1671 429 ,1υάπο-

885 451 958 476 rum,
979 445 1055 479 impii
1081 445 1131 478 illi,
1154 446 1369 480 pestilentissimi
1393 451 1420 473 et
1446 445 1669 474 facinorosissimi

884 490 1017 523 homines,
1037 491 1147 519 Scribas
1162 491 1236 524 dico,
1251 491 1402 519 Pharis-mos
1410 496 1436 518 et
1451 492 1630 527 legisperitos,
1642 493 1670 519 in

884 544 965 563 llllum
980 537 1134 572 congregati
1149 542 1222 569 sunt,
1237 542 1262 565 et
1279 542 1373 565 contra
1389 537 1546 570 Dominum,
1563 538 1614 565 hoc
1628 544 1670 565 est

882 581 1001 614 Patrem,
1018 582 1197 616 insanierunt,
1217 588 1366 618 contraque
1379 583 1516 610 Christum
1532 584 1601 618 ejus,
1616 585 1669 612 sci-

883 627 944 654 licet
958 627 1076 654 Filium?
1090 627 1158 655 Nam
1183 629 1229 662 qui
1254 636 1308 655 non
1326 629 1442 656 honorat
1454 629 1564 661 Filium,
1583 630 1606 656 is
1621 637 1669 657 ne—

882 681 935 708 que
947 673 1053 700 Palrem
1069 673 1212 701 bonorat’.
1230 673 1454 709 Quandoquidem
1471 675 1553 710 igitur
1565 680 1592 702 ct
1606 683 1668 710 quae

882 720 916 746 ab
933 720 985 747 illis
1000 724 1103 754 patrata
1120 725 1193 751 sunt,
1211 720 1317 747 Domini
1333 721 1481 756 potentiam
1501 722 1591 748 adhuc
1613 729 1668 749 ma-

881 767 922 800 gis
937 766 1170 799 demonstrarunt,
1187 767 1364 801 ipsorumque
1380 771 1494 794 conatus
1511 767 1590 802 plane
1603 775 1668 795 con-

882 812 993 839 trarium
1015 812 1117 839 exitum
1141 813 1230 840 sortiti
1257 817 1320 840 sunt
1342 822 1348 840 :
1367 812 1469 840 idcirco
1484 813 1590 841 videtur
1607 814 1667 842 illos

881 857 964 885 David
981 858 1056 892 quasi
1075 858 1199 889 irridere,
1222 862 1252 885 ut
1267 858 1312 893 qui
1330 858 1358 885 in
1382 867 1480 886 vanum
1502 860 1593 886 omnia
1610 864 1668 886 ten-

881 907 973 930 tarunt
995 913 1000 929 :
1028 904 1067 931 vel
1094 903 1209 931 fortasse
1235 904 1317 931 etiam
1345 912 1485 932 accusare.
1502 905 1559 937 Qua
1581 905 1666 938 enim,

879 957 981 984 quaeso,
997 957 1079 977 causa
1104 950 1217 984 culpave
1236 950 1262 977 in
1279 950 1388 977 Christo
1411 951 1578 985 deprehensa
1599 959 1666 979 con-

879 1003 962 1023 cursu
987 995 1058 1023 facto
1084 996 1171 1030 ipsum
1196 996 1223 1023 in
1246 1003 1354 1023 crucem
1368 996 1558 1024 sustulerunt?
1572 995 1668 1024 Nonne

879 1042 938 1076 ipse
951 1045 1002 1072 est,
1014 1041 1060 1076 qui
1076 1041 1201 1076 gentibus
1219 1042 1380 1076 sapientiam
1397 1042 1480 1074 dedit,
1498 1042 1544 1077 qui
1559 1043 1667 1078 regibus

880 1087 1024 1122 imperium
1043 1086 1147 1117 tribuit,
1161 1087 1207 1121 qui
1220 1087 1389 1122 principibus
1405 1087 1576 1115 dominatum
1599 1096 1666 1115 eon-

878 1133 989 1161 iirmat?
1005 1132 1050 1167 qui
1063 1133 1180 1167 denique
1195 1132 1295 1160 Judaeis
1308 1141 1414 1161 summa
1430 1138 1457 1161 et
1475 1134 1666 1169 proclamatis-

879 1179 948 1206 sima
960 1178 1005 1205 illa
1022 1181 1149 1213 operatus
1164 1182 1206 1205 est
1220 1178 1370 1206 miracula?

606 1235 638 1262 Et
653 1236 681 1263 in
697 1244 798 1262 versum
813 1241 959 1271 sequentem
971 1234 1105 1261 scribens:

79 1283 260 1316 Ἄθανᾶσιος.
270 1283 325 1318 (55)
333 1282 462 1309 Ἐνταῦθα
470 1283 556 1309 λείπει
563 1283 603 1312 τὺ.
612 1283 743 1318 λέγοντες,
754 1285 796 1311 ἵνα

45 1329 59 1363 ἡ
70 1328 166 1355 διάνοια
183 1328 256 1363 αὕτη
266 1337 272 1343 ·
291 1327 492 1362 Συνήχθησαν
502 1329 577 1355 κατὰ
587 1329 640 1356 τοῦ
656 1329 765 1364 Κυρίου
777 1330 825 1356 καὶ

46 1375 109 1401 κατὰ
130 1375 184 1401 τοῦ
202 1373 334 1408 Χριστοῦ
350 1374 452 1406 αὑτοῦ,
468 1374 593 1408 λέγοντες
603 1383 609 1389 ·
635 1376 826 1410 Διακόψωμεν

44 1420 105 1452 τοὺς
122 1420 258 1454 δεσμοὺς
280 1418 386 1446 αὐτῶν.
403 1420 504 1452 Τίνων;
527 1419 575 1446 τοῦ
598 1421 703 1456 Πατρὸς
718 1422 764 1447 καὶ
779 1421 825 1447 τοῦ

46 1465 115 1492 Υίοῦ·
131 1466 160 1492 οὗ
176 1467 235 1502 γὰρ
247 1465 341 1501 ἡθελον
364 1465 429 1492 εἵσω
443 1466 492 1501 τῆς
509 1467 583 1502 ίερᾶς
601 1466 725 1500 γενέσθαι
741 1468 826 1502 σαγή-

44 1521 98 1547 νης’
117 1512 343 1546 Ἁπορῤίψωμεν
359 1511 393 1537 δὲ
408 1511 463 1538 τὸν
475 1511 572 1546 (uror,
589 1513 711 1539 τουτέστι
724 1513 769 1540 τὸν
781 1513 826 1539 εὐ-

44 1559 175 1593 σγγελικὸν
192 1558 277 1593 νόμον
290 1558 336 1583 καὶ
347 1557 396 1592 τὴν
410 1557 528 1592 ἐντολὴν,
542 1558 605 1593 περὶ
616 1555 646 1585 οὗ
660 1558 823 1594 γέγραπται·

50 1605 70 1630 ’0
83 1604 165 1639 ῠίτεός
178 1612 242 1639 μου
255 1603 386 1637 χρηστός
398 1603 473 1629 ἐστι.
492 1603 576 1630 Τοῦτο
593 1603 621 1630 δὲ
637 1604 717 1636 αὐτὸς
732 1604 826 1631 ὀνειδί-

915 1284 1088 1311 Athanasius.
1109 1282 1191 1310 Dccst
1214 1282 1259 1309 hic
1286 1282 1361 1314 illud,
1375 1281 1506 1314 dicentes,
1519 1286 1549 1309 ut
1571 1281 1614 1309 hic
1632 1283 1668 1310 sit

879 1336 987 1361 sensus,
1001 1329 1158 1363 Congo-egati
1180 1332 1242 1354 sunt
1263 1333 1354 1354 contra
1374 1327 1517 1354 Dominum
1533 1332 1556 1354 et
1574 1333 1667 1355 contra

879 1375 1014 1402 Christum
1036 1375 1104 1409 ejus,
1124 1374 1266 1401 dicentes:
1287 1373 1473 1408 Dirumpumus
1497 1373 1599 1400 vincula
1623 1382 1666 1400 eo-

879 1428 946 1446 rum.
965 1419 1105 1452 Quorum?
1125 1417 1214 1446 Patris
1237 1418 1366 1445 nimirum
1387 1423 1414 1445 et
1433 1418 1494 1445 Filii
1514 1427 1520 1444 :
1539 1419 1667 1446 nolebant

878 1465 950 1492 enim
976 1465 1046 1492 intra
1065 1471 1169 1491 sacram
1186 1463 1293 1490 Domini
1310 1471 1437 1498 sagenam
1454 1471 1514 1491 esse
1530 1474 1536 1491 :
1552 1465 1665 1498 abjicia-

879 1518 937 1537 mus
962 1517 1024 1537 vero
1049 1509 1129 1536 etiam
1145 1509 1240 1543 jugum
1254 1509 1380 1543 ipsorum,
1398 1508 1449 1534 hoc
1471 1513 1521 1540 est,
1539 1508 1623 1543 legem
1639 1511 1666 1535 rt

878 1560 1010 1591 praecepta
1035 1554 1182 1589 Evangelii,
1208 1553 1240 1580 de
1265 1561 1319 1589 quo
1341 1553 1471 1587 scriptum
1488 1557 1548 1580 est:
1565 1552 1664 1587 Iugum

878 1609 963 1628 meum
982 1609 1059 1627 suave
1071 1600 1137 1628 est“.
1153 1598 1209 1626 Hoc
1224 1607 1288 1626 vero
1305 1599 1387 1626 etiam
1403 1599 1516 1634 ipsemet
1534 1599 1666 1627 Dominus

44 1649 88 1680 ζων
98 1651 186 1682 αὐτοῖς
199 1649 247 1677 διὰ
257 1649 389 1684 Ἰερεμίου
405 1649 496 1683 ἔλεγεν
506 1658 512 1664 ·
530 1648 640 1683 Εἷπας·
654 1652 695 1676 Οὐ
705 1650 825 1677 δουλεύ-

880 1647 946 1682 ipsis
973 1647 1118 1681 exprobrat
1135 1653 1183 1680 per
1198 1645 1354 1676 Jeremiam,
1377 1645 1440 1671 dum
1466 1645 1525 1672 ait:
1545 1645 1664 1672 Dixisti:

45 1702 81 1721 σω
96 1704 156 1722 σοι·
172 1694 326 1725 τουτέστιν,
339 1693 432 1725 Οὕτως
442 1694 617 1726 ὲπολιτεύσω,
631 1695 700 1721 ὥστε
714 1695 824 1721 ἀποσεί-

47 1742 129 1768 σασθαι
149 1742 199 1777 τὴν
220 1741 293 1776 ἐμὴν
307 1741 475 1767 δουλείαν.Ἢ
492 1741 580 1768 τοίνυν
592 1741 676 1767 ταῦτα
693 1743 724 1768 ὲκ
742 1750 825 1777 προσ-

45 1785 107 1813 ώπου
119 1788 172 1814 τῶν
190 1787 328 1814 Ἰουδαίων
350 1787 455 1822 εἴρηται
471 1786 636 1814 ἁθετούντων
652 1788 701 1824 τὴν
724 1789 762 1820 εἰς
778 1789 826 1814 τὸν

45 1832 132 1867 Κύριον
146 1833 300 1868 ὑποταγὴν,
313 1833 359 1860 καὶ
369 1832 430 1859 οὔτε
445 1833 518 1868 αὑτῴ
533 1832 594 1860 οὔτε
608 1833 646 1869 τῷ
655 1834 742 1869 Πατρὶ
759 1835 830 1861 ὑπο-ι

45 1877 141 1913 ξεῦχθαι
153 1879 305 1907 θελόντων·
329 1879 350 1914 ἢ·
362 1879 409 1905 καὶ
425 1880 481 1910 τοῖς
496 1879 654 1906 πιστεύσασι
666 1879 696 1906 τὸ
712 1880 823 1915 Πνεῦμα

46 1926 174 1960 παρεγγυᾷ
189 1925 238 1951 καὶ
252 1924 341 1959 λέγει’
353 1925 398 1960 Μὴ
413 1925 588 1960 ὀμοιωθῶμεν
599 1926 655 1956 τοῖς
667 1925 825 1951 ἐπιϐουλεύ-

46 1978 96 1996 om
110 1971 147 2006 τῷ
163 1969 289 2006 Χριστῷ,
306 1971 373 2006 μηδὲ
396 1971 567 2006 συνδεθῶμεν
583 1972 674 2002 αὐτοῖς
690 1971 759 1998 κατὰ
775 1971 823 2007 τὴν

45 2016 155 2049 ὁμόνοιαν
165 2025 172 2032 ·
186 2016 256 2044 ἀλλὰ
273 2016 320 2043 καὶ
333 2017 377 2042 τὸν
393 2016 476 2052 βαρὺν
489 2017 535 2043 τοῦ
552 2016 666 2043 παλαιοῦ
683 2017 764 2052 νόμου
778 2016 824 2049 ζυ-

45 2061 82 2093 γὸν
99 2062 335 2098 ἀποτιναξώμεϐα,
353 2062 433 2098 μηδὲν
457 2062 604 2097 ἡγούμενοι
624 2062 658 2088 τὰ
675 2063 703 2090 ὲν
717 2062 823 2094 τύποις,

46 2106 64 2130 εἰ
76 2106 108 2142 μὴ
122 2108 223 2134 νοοῖντο
239 2107 441 2142 πνευματικῶς.
450 2107 606 2138 ’Λσυντελὲς
620 2107 673 2143 γὰρ
685 2107 750 2142 πρὸς
763 2107 824 2144 ὄνη-

46 2153 109 2188 σινή
127 2153 201 2186 σκιὰ,
218 2154 244 2180 εί
262 2152 300 2188 μὴ
317 2153 347 2179 τὸ
363 2152 480 2188 Χριστοῦ
499 2153 644 2188 μυστήριον
657 2153 804 2188 ζωγραφεῖ.

878 1692 940 1719 Non
951 1693 1061 1719 serviam
1076 1691 1235 1726 tibi°,quasi
1247 1691 1327 1721 dicat,
1338 1689 1383 1716 Sic
1399 1694 1424 1716 te
1434 1689 1550 1724 gessisti,
1564 1694 1592 1716 ut
1605 1697 1662 1717 ser-

875 1739 988 1766 vitutem
1006 1745 1093 1765 meam
1112 1742 1262 1765 excuteres.
1286 1737 1340 1763 Aut
1357 1736 1438 1771 igitur
1458 1736 1514 1762 haec
1531 1739 1660 1769 tanquam

875 1792 909 1811 ex
922 1783 1077 1810 Iudaeorum
1093 1790 1208 1817 persona
1223 1782 1362 1813 dicuntur,
1375 1781 1421 1815 qui
1439 1780 1552 1807 subesse
1569 1779 1663 1807 Domi-

876 1837 911 1856 no
927 1833 1063 1859 recusant,
1079 1832 1105 1855 et
1126 1835 1175 1855 nec
1199 1827 1261 1862 ipsi,
1277 1834 1364 1861 neque
1385 1826 1457 1853 Patri
1481 1827 1539 1860 ejus
1563 1826 1662 1860 subjici

874 1876 991 1902 volunt:
1009 1879 1055 1901 aut
1077 1878 1149 1902 certe
1175 1873 1292 1908 Spiritus
1318 1872 1459 1900 credentes
1482 1872 1610 1899 admonet
1635 1876 1662 1899 et

877 1921 942 1948 dicit
955 1930 961 1948 :
975 1919 1013 1947 Ne
1028 1920 1210 1947 assimilemur
1224 1919 1258 1946 iis
1271 1919 1318 1954 qui
1330 1919 1437 1946 Christo
1452 1917 1571 1945 insidiati
1584 1923 1659 1950 sunt,

877 1975 963 2001 neque
986 1971 1179 1994 connectamur
1206 1965 1272 1999 ipsis
1288 1964 1483 1992 consentiendo
1500 1973 1506 1990 :
1523 1964 1589 1998 quin
1613 1971 1661 1998 po-

872 2014 929 2041 tius
943 2020 1023 2048 grave
1037 2012 1102 2039 illud
1119 2011 1218 2039 veteris
1233 2011 1300 2045 legis
1317 2018 1385 2038 unus
1404 2010 1577 2044 abjiciamus,
1591 2010 1660 2036 nihil

875 2059 1039 2086 aestimantes
1055 2062 1133 2093 typos
1151 2057 1222 2090 illos,
1237 2057 1289 2084 nisi
1311 2056 1488 2091 spiritualiter
1503 2055 1659 2090 intelligan-

875 2110 928 2133 tur.
943 2103 1046 2131 Umbra
1063 2111 1182 2138 namque
1195 2111 1239 2130 res
1252 2103 1376 2138 quaedam
1388 2106 1430 2130 est
1446 2101 1602 2137 imperfecta
1618 2106 1659 2128 at-

875 2155 928 2185 Que
944 2149 1057 2180 inutilis,
1073 2150 1095 2176 si
1108 2149 1209 2176 Christi
1225 2149 1383 2184 mysterium
1399 2156 1450 2175 non
1466 2148 1603 2175 describit.

405 2209 440 2236 Et
459 2210 486 2236 in
501 2209 548 2236 illa
562 2209 657 2236 verba:
671 2218 680 2234 α
697 2208 768 2236 Tum:
783 2209 903 2244 loquetur
920 2207 955 2234 ad
969 2215 1013 2234 eos
1031 2208 1058 2234 in
1072 2207 1113 2233 ira
1126 2215 1184 2239 sua,
1201 2215 1209 2231 ι
1225 2214 1248 2233 υ.
1263 2206 1287 2233 5.

78 2268 257 2296 Ἀθαηισίου.
267 2269 322 2304 (54)
329 2269 405 2296 Τότε.
416 2269 494 2301 Πότε,
505 2269 522 2304 ἢ
534 2269 577 2295 ὅτε
586 2269 677 2303 ελεγον
686 2277 692 2285 ·
702 2268 823 2304 Διαρῤή-

910 2268 1059 2295 Athanasii.
1075 2266 1160 2294 Tunc.
1176 2266 1300 2299 Quando,
1313 2266 1364 2294 nisi
1378 2273 1439 2293 cum
1453 2265 1573 2293 dicerent
1586 2274 1593 2293 :
1607 2265 1657 2293 Di-

46 2310 128 2346 ξωμεν
142 2314 213 2347 τσὺς
226 2313 359 2348 δεσμοὺς
371 2312 484 2345 αὑτῶν;
502 2313 568 2340 Τίνα
580 2313 609 2339 δέ
625 2314 697 2339 ἐστιν
708 2314 736 2339 ὲν
748 2314 815 2349 ὀργῇ

46 2359 99 2392 παρ’
114 2360 193 2386 αὐτοῦ
207 2359 374 2394 λαληθέντας
393 2359 465 2386 Οὐαὶ
480 2359 560 2393 ὑμῖν,
571 2359 756 2393 Γραμμτεῖς
767 2360 816 2386 καὶ

47 2402 192 2436 Φαρισαῖοι,
214 2404 260 2430 ὅτι
282 2402 444 2438 ἀρθήσεται
466 2404 515 2438 ἀφ’
530 2402 614 2438 ὑμῶν
636 2404 654 2436 ἡ
673 2403 816 2435 βασιλεία

46 2447 89 2473 τοῦ
102 2449 181 2476 Θεοῦ.
204 2449 261 2476 Kal
276 2450 338 2482 τοῖς
350 2449 491 2483 νομικοῖς,
505 2449 622 2476 οὺαι.Ἦ
634 2449 674 2482 τὸ,
688 2449 765 2479 Τότε,
776 2449 816 2480 είς

46 2492 83 2518 τὸν
100 2495 190 2530 καιρὸν
211 2495 263 2530 τῆς
283 2495 398 2531 κρίσεως
412 2496 587 2531 ἀναφέρεται,
605 2495 677 2522 ὅταν
690 2495 815 2529 ὄψονται

46 2538 81 2569 εὶς
102 2538 135 2565 ὒν
154 2540 365 2575 ἐξεκέντησαν.
381 2542 447 2568 Τότε
463 2541 517 2577 γὰρ
531 2541 642 2578 ταράξει
657 2541 755 2572 αὐτοὺς
771 2540 815 2567 λέ-

47 2590 106 2615 γων-
120 2588 286 2620 Πορεύεσθε
307 2588 358 2614 ἀπ’
374 2588 446 2623 ἐμοῦ
462 2590 489 2615 οὶ
508 2587 714 2623 κατηραμένοι.
724 2588 815 2614 Ἐπει-

48 2628 153 2665 ράθησαν
169 2632 197 2659 δὲ
214 2633 290 2665 θείας
304 2634 398 2669 ὀργῆς,
411 2634 456 2660 καὶ
469 2634 513 2660 ὅτε
530 2636 546 2670 ὴ
571 2633 710 2668 Ῥωμαῖκὴ
725 2633 816 2664 αὐτοῖς

47 2674 165 2705 ἐπιστᾶσα
187 2679 301 2715 στρατιὰ
321 2681 371 2716 τήν
392 2689 421 2707 τε
444 2680 521 2707 πόλιν
544 2681 688 2716 ἐνέπρησε,
706 2679 813 2706 καὶτὸν

77 2743 125 2780 (53)
143 2745 204 2773 Hac
220 2746 350 2774 habentur
363 2747 499 2781 superius,
509 2745 557 2774 sed
569 2746 704 2773 breviora.

76 2800 85 2815 ⁷
102 2800 177 2837 Joan.
192 2811 219 2834 ν,
234 2802 278 2829 23.
314 2803 324 2819 ⁸
342 2803 440 2832 Matth.
456 2812 495 2837 xi,
514 2803 558 2830 30.
597 2802 607 2818 ⁹
627 2801 728 2829 Jerem.
742 2799 829 2834 11,20.

46 2835 83 2862 37.
119 2838 139 2853 "
158 2836 253 2865 Matth.
269 2846 329 2871 ur,
347 2839 389 2866 41.

870 2322 1021 2348 rumpamus
1039 2313 1142 2340 vincula
1158 2312 1296 2347 ipsorum?
1317 2311 1403 2339 Porro
1429 2319 1490 2346 qua:
1512 2315 1576 2338 sunt
1599 2311 1657 2343 illa,

869 2367 930 2395 quae
952 2360 977 2386 in
1002 2359 1042 2386 ira
1060 2359 1093 2386 ab
1118 2359 1177 2393 ipso
1203 2358 1274 2385 dicta
1291 2357 1372 2384 sunt?
1389 2356 1450 2384 Hmc
1465 2357 1590 2384 scilicet:
1612 2356 1657 2384 Va:

869 2405 949 2438 vobis,
967 2404 1067 2432 Scriba:
1086 2409 1111 2431 et
1129 2403 1271 2435 Phariswi,
1294 2404 1356 2438 quia
1374 2403 1480 2429 tolletur
1492 2402 1590 2430 avobis
1612 2411 1655 2429 re-

869 2459 947 2485 gnum
962 2450 1009 2476 Dei
1019 2450 1050 2476 ¹⁰.
1068 2449 1102 2476 Ει
1115 2449 1184 2475 vobis
1198 2448 1366 2483 legisperitis,
1378 2456 1416 2474 me
1427 2448 1458 2474 “.
1474 2447 1523 2474 νει
1535 2451 1608 2474 certe
1624 2447 1656 2473 il-

868 2496 924 2528 lud,
942 2500 1015 2527 tunc,
1031 2494 1148 2522 refertur
1167 2495 1200 2521 ad
1217 2500 1323 2528 tempus
1338 2493 1444 2526 judicii,
1462 2492 1570 2527 quando
1581 2492 1654 2519 vide-

869 2540 931 2568 bunt
944 2541 972 2567 in
987 2548 1061 2575 quem
1077 2539 1265 2573 transﬁxerunt
1279 2538 1310 2563 ¹².
1329 2537 1406 2564 Tunc
1420 2538 1492 2564 cnim
1507 2536 1654 2564 conturba-

868 2586 909 2613 bit
924 2593 981 2618 eos,
995 2586 1089 2612 dicens
1106 2593 1112 2611 :
1131 2584 1263 2611 Discedite
1286 2592 1302 2609 ιι
1324 2591 1374 2614 me,
1397 2583 1531 2610 maledicti
1541 2582 1571 2608 ".
1586 2581 1656 2608 Divi-

869 2639 931 2658 nam
948 2635 1037 2658 autem
1053 2631 1121 2657 iram
1134 2629 1219 2656 Judaei
1230 2629 1334 2663 experti
1348 2634 1421 2660 sunt,
1438 2636 1499 2655 cum
1514 2628 1653 2654 llomanus

867 2677 894 2704 in
909 2677 981 2711 ipsos
996 2676 1103 2702 irruens
1114 2675 1249 2702 exercitus
1263 2675 1357 2702 urbem
1374 2673 1504 2706 incendit,
1519 2672 1650 2706 templum

900 2742 955 2778 (Si)
976 2741 1038 2769 llaec
1051 2742 1114 2769 item
1128 2741 1265 2777 superius,
1280 2740 1327 2768 sed
1341 2741 1479 2775 pauciora.

870 2799 891 2815 "
913 2798 1008 2826 Matth.
1027 2805 1084 2831 xxi,
1101 2798 1146 2825 45.
1186 2798 1206 2813 ἰ
1227 2796 1294 2825 Luc.
1313 2804 1351 2830 xl,
1365 2795 1408 2823 46.
1449 2796 1470 2811 ¹¹
1490 2794 1566 2822 Joan.
1590 2801 1650 2826 χιε,
