  <div class='ocr_page' id='page_1' title='image "/cluster/home/n/w/nwhite01/storage/ocr_20150623/27/njp.32101010944609/301.png"; bbox 0 0 1926 3051; ppageno 0'>
   <div class='ocr_carea' id='block_1_1' title="bbox 263 151 312 180">
    <p class='ocr_par' dir='ltr' id='par_1_1' title="bbox 263 151 312 180">
     <span class='ocr_line' id='line_1_1' title="bbox 263 151 312 180; baseline -0.02 0"><span class='ocrx_word' id='word_1_1' title='bbox 263 151 312 180; x_wconf 64' lang='grc' dir='ltr'><strong>εει</strong></span> 
     </span>
    </p>
   </div>
   <div class='ocr_carea' id='block_1_2' title="bbox 691 146 1471 178">
    <p class='ocr_par' dir='ltr' id='par_1_2' title="bbox 691 146 1471 178">
     <span class='ocr_line' id='line_1_2' title="bbox 691 146 1471 178; baseline -0.005 -1"><span class='ocrx_word' id='word_1_2' title='bbox 691 150 720 178; x_wconf 91' lang='lat' dir='ltr'><strong>S.</strong></span> <span class='ocrx_word' id='word_1_3' title='bbox 740 147 923 176; x_wconf 78' lang='lat' dir='ltr'><strong>ATHANASll</strong></span> <span class='ocrx_word' id='word_1_4' title='bbox 942 147 1017 175; x_wconf 83' lang='lat' dir='ltr'><strong>OPP.</strong></span> <span class='ocrx_word' id='word_1_5' title='bbox 1035 147 1127 175; x_wconf 76' lang='lat' dir='ltr'><strong>PARS</strong></span> <span class='ocrx_word' id='word_1_6' title='bbox 1144 147 1187 174; x_wconf 92' lang='lat' dir='ltr'><strong>Ill.</strong></span> <span class='ocrx_word' id='word_1_7' title='bbox 1209 162 1242 167; x_wconf 85' lang='lat'><strong>—-</strong></span> <span class='ocrx_word' id='word_1_8' title='bbox 1263 146 1471 174; x_wconf 71' lang='lat' dir='ltr'><strong>EXEGE&#39;l‘ltIA.</strong></span> 
     </span>
    </p>
   </div>
   <div class='ocr_carea' id='block_1_3' title="bbox 1837 152 1896 178">
    <p class='ocr_par' dir='ltr' id='par_1_3' title="bbox 1837 152 1896 178">
     <span class='ocr_line' id='line_1_3' title="bbox 1837 152 1896 178; baseline 0.017 -1"><span class='ocrx_word' id='word_1_9' title='bbox 1837 152 1896 178; x_wconf 66' lang='lat'><strong>55,3</strong></span> 
     </span>
    </p>
   </div>
   <div class='ocr_carea' id='block_1_4' title="bbox 263 207 1062 244">
    <p class='ocr_par' dir='ltr' id='par_1_4' title="bbox 263 209 1049 244">
     <span class='ocr_line' id='line_1_4' title="bbox 263 209 1049 244; baseline -0.003 -7"><span class='ocrx_word' id='word_1_10' title='bbox 263 209 408 244; x_wconf 81' lang='lat' dir='ltr'><strong>expilavit,</strong></span> <span class='ocrx_word' id='word_1_11' title='bbox 432 214 460 237; x_wconf 85' lang='lat' dir='ltr'><strong>et</strong></span> <span class='ocrx_word' id='word_1_12' title='bbox 481 209 597 244; x_wconf 86' lang='lat' dir='ltr'><strong>denique</strong></span> <span class='ocrx_word' id='word_1_13' title='bbox 624 209 770 236; x_wconf 73' lang='lat' dir='ltr'><strong>maximam</strong></span> <span class='ocrx_word' id='word_1_14' title='bbox 799 209 921 244; x_wconf 85' lang='lat' dir='ltr'><strong>ipsorum</strong></span> <span class='ocrx_word' id='word_1_15' title='bbox 945 213 1049 243; x_wconf 84' lang='lat' dir='ltr'><strong>partem</strong></span> 
     </span>
    </p>
   </div>
   <div class='ocr_carea' id='block_1_5' title="bbox 1106 207 1895 244">
    <p class='ocr_par' dir='ltr' id='par_1_5' title="bbox 1106 207 1895 244">
     <span class='ocr_line' id='line_1_5' title="bbox 1106 207 1895 244; baseline 0.001 -11"><span class='ocrx_word' id='word_1_16' title='bbox 1106 207 1164 234; x_wconf 75' lang='grc' dir='ltr'>ναὸν</span> <span class='ocrx_word' id='word_1_17' title='bbox 1190 207 1335 242; x_wconf 66' lang='grc' dir='ltr'>ἐπόρθησε,</span> <span class='ocrx_word' id='word_1_18' title='bbox 1358 209 1405 234; x_wconf 70' lang='grc' dir='ltr'><strong>καὶ</strong></span> <span class='ocrx_word' id='word_1_19' title='bbox 1428 209 1490 240; x_wconf 72' lang='grc' dir='ltr'>τοὺς</span> <span class='ocrx_word' id='word_1_20' title='bbox 1516 207 1641 240; x_wconf 79' lang='grc' dir='ltr'>πλείονας</span> <span class='ocrx_word' id='word_1_21' title='bbox 1666 208 1757 236; x_wconf 69' lang='grc' dir='ltr'>αὐτῶν</span> <span class='ocrx_word' id='word_1_22' title='bbox 1785 209 1895 244; x_wconf 68' lang='grc' dir='ltr'>θανάτῳ</span> 
     </span>
    </p>
   </div>
   <div class='ocr_carea' id='block_1_6' title="bbox 264 256 476 283">
    <p class='ocr_par' dir='ltr' id='par_1_6' title="bbox 264 256 476 283">
     <span class='ocr_line' id='line_1_6' title="bbox 264 256 476 283; baseline -0.005 0"><span class='ocrx_word' id='word_1_23' title='bbox 264 261 351 283; x_wconf 91' lang='lat' dir='ltr'><strong>morte</strong></span> <span class='ocrx_word' id='word_1_24' title='bbox 368 256 476 283; x_wconf 86' lang='lat' dir='ltr'><strong>delevit.</strong></span> 
     </span>
    </p>
   </div>
   <div class='ocr_carea' id='block_1_7' title="bbox 1103 254 1293 290">
    <p class='ocr_par' dir='ltr' id='par_1_7' title="bbox 1103 254 1293 290">
     <span class='ocr_line' id='line_1_7' title="bbox 1103 254 1293 290; baseline 0 -10"><span class='ocrx_word' id='word_1_25' title='bbox 1103 254 1293 290; x_wconf 67' lang='grc' dir='ltr'>παρέπεμψεν.</span> 
     </span>
    </p>
   </div>
   <div class='ocr_carea' id='block_1_8' title="bbox 807 300 1348 337">
    <p class='ocr_par' dir='ltr' id='par_1_8' title="bbox 807 300 1348 337">
     <span class='ocr_line' id='line_1_8' title="bbox 807 300 1348 337; baseline 0 -9"><span class='ocrx_word' id='word_1_26' title='bbox 807 301 880 329; x_wconf 84' lang='lat' dir='ltr'><strong>Idem</strong></span> <span class='ocrx_word' id='word_1_27' title='bbox 894 303 921 329; x_wconf 83' lang='lat' dir='ltr'><strong>in</strong></span> <span class='ocrx_word' id='word_1_28' title='bbox 937 302 1136 337; x_wconf 73' lang='lat' dir='ltr'><strong>inscriptionem</strong></span> <span class='ocrx_word' id='word_1_29' title='bbox 1153 300 1249 335; x_wconf 71' lang='lat' dir='ltr'><strong>psahhi</strong></span> <span class='ocrx_word' id='word_1_30' title='bbox 1266 302 1348 329; x_wconf 78' lang='lat' dir='ltr'><strong>tertii.</strong></span> 
     </span>
    </p>
   </div>
   <div class='ocr_carea' id='block_1_9' title="bbox 299 349 1050 387">
    <p class='ocr_par' dir='ltr' id='par_1_9' title="bbox 299 349 1050 387">
     <span class='ocr_line' id='line_1_9' title="bbox 299 349 1050 387; baseline 0.004 -11"><span class='ocrx_word' id='word_1_31' title='bbox 299 350 437 377; x_wconf 77' lang='lat' dir='ltr'><strong>Athanasii</strong></span> <span class='ocrx_word' id='word_1_32' title='bbox 457 355 480 376; x_wconf 84' lang='lat' dir='ltr'><strong>et</strong></span> <span class='ocrx_word' id='word_1_33' title='bbox 496 349 601 385; x_wconf 83' lang='lat' dir='ltr'><strong>Cyrilli.</strong></span> <span class='ocrx_word' id='word_1_34' title='bbox 622 351 703 378; x_wconf 80' lang='lat' dir='ltr'><strong>Tcrtii</strong></span> <span class='ocrx_word' id='word_1_35' title='bbox 728 352 825 386; x_wconf 80' lang='lat' dir='ltr'><strong>psalmi</strong></span> <span class='ocrx_word' id='word_1_36' title='bbox 847 352 988 387; x_wconf 73' lang='lat' dir='ltr'><strong>inscriptio</strong></span> <span class='ocrx_word' id='word_1_37' title='bbox 1006 360 1050 379; x_wconf 86' lang='lat' dir='ltr'><strong>re-</strong></span> 
     </span>
    </p>
   </div>
   <div class='ocr_carea' id='block_1_10' title="bbox 265 396 1047 432">
    <p class='ocr_par' dir='ltr' id='par_1_10' title="bbox 265 396 1047 432">
     <span class='ocr_line' id='line_1_10' title="bbox 265 396 1047 432; baseline 0 -8"><span class='ocrx_word' id='word_1_38' title='bbox 265 398 347 424; x_wconf 88' lang='lat' dir='ltr'><strong>mittit</strong></span> <span class='ocrx_word' id='word_1_39' title='bbox 375 405 423 423; x_wconf 87' lang='lat' dir='ltr'><strong>nos</strong></span> <span class='ocrx_word' id='word_1_40' title='bbox 447 396 478 423; x_wconf 90' lang='lat' dir='ltr'><strong>ad</strong></span> <span class='ocrx_word' id='word_1_41' title='bbox 504 397 660 428; x_wconf 71' lang='lat' dir='ltr'><strong>historiam,</strong></span> <span class='ocrx_word' id='word_1_42' title='bbox 682 405 743 432; x_wconf 74' lang='lat' dir='ltr'><strong>qua:</strong></span> <span class='ocrx_word' id='word_1_43' title='bbox 765 403 854 425; x_wconf 73' lang='lat' dir='ltr'><strong>exstat</strong></span> <span class='ocrx_word' id='word_1_44' title='bbox 878 398 904 425; x_wconf 92' lang='lat' dir='ltr'><strong>in</strong></span> <span class='ocrx_word' id='word_1_45' title='bbox 926 398 1047 425; x_wconf 86' lang='lat' dir='ltr'><strong>secundo</strong></span> 
     </span>
    </p>
   </div>
   <div class='ocr_carea' id='block_1_11' title="bbox 266 441 1051 477">
    <p class='ocr_par' dir='ltr' id='par_1_11' title="bbox 266 441 1051 477">
     <span class='ocr_line' id='line_1_11' title="bbox 266 441 1051 477; baseline 0 -7"><span class='ocrx_word' id='word_1_46' title='bbox 266 444 335 470; x_wconf 81' lang='lat' dir='ltr'><strong>libro</strong></span> <span class='ocrx_word' id='word_1_47' title='bbox 352 442 517 477; x_wconf 73' lang='lat' dir='ltr'><strong>Regnorum.</strong></span> <span class='ocrx_word' id='word_1_48' title='bbox 534 441 670 470; x_wconf 73' lang='lat' dir='ltr'><strong>Habuerat</strong></span> <span class='ocrx_word' id='word_1_49' title='bbox 683 443 766 471; x_wconf 82' lang='lat' dir='ltr'><strong>David</strong></span> <span class='ocrx_word' id='word_1_50' title='bbox 780 452 813 471; x_wconf 82' lang='lat' dir='ltr'><strong>ex</strong></span> <span class='ocrx_word' id='word_1_51' title='bbox 828 444 943 471; x_wconf 83' lang='lat' dir='ltr'><strong>diversis</strong></span> <span class='ocrx_word' id='word_1_52' title='bbox 962 443 1051 471; x_wconf 85' lang='lat' dir='ltr'><strong>uxori-</strong></span> 
     </span>
    </p>
   </div>
   <div class='ocr_carea' id='block_1_12' title="bbox 264 489 1052 524">
    <p class='ocr_par' dir='ltr' id='par_1_12' title="bbox 264 489 1052 524">
     <span class='ocr_line' id='line_1_12' title="bbox 264 489 1052 524; baseline 0 -8"><span class='ocrx_word' id='word_1_53' title='bbox 264 489 314 516; x_wconf 73' lang='lat' dir='ltr'><strong>bus</strong></span> <span class='ocrx_word' id='word_1_54' title='bbox 336 489 489 523; x_wconf 79' lang='lat' dir='ltr'><strong>complures</strong></span> <span class='ocrx_word' id='word_1_55' title='bbox 508 489 587 516; x_wconf 84' lang='lat' dir='ltr'><strong>ﬁlios.</strong></span> <span class='ocrx_word' id='word_1_56' title='bbox 606 490 678 516; x_wconf 91' lang='lat' dir='ltr'><strong>lnter</strong></span> <span class='ocrx_word' id='word_1_57' title='bbox 692 490 741 517; x_wconf 90' lang='lat' dir='ltr'><strong>hos</strong></span> <span class='ocrx_word' id='word_1_58' title='bbox 755 490 861 517; x_wconf 80' lang='lat' dir='ltr'><strong>Amnon</strong></span> <span class='ocrx_word' id='word_1_59' title='bbox 877 494 936 517; x_wconf 86' lang='lat' dir='ltr'><strong>erat</strong></span> <span class='ocrx_word' id='word_1_60' title='bbox 950 490 1052 524; x_wconf 87' lang='lat' dir='ltr'><strong>primo-</strong></span> 
     </span>
    </p>
   </div>
   <div class='ocr_carea' id='block_1_13' title="bbox 264 536 1048 571">
    <p class='ocr_par' dir='ltr' id='par_1_13' title="bbox 264 536 1048 571">
     <span class='ocr_line' id='line_1_13' title="bbox 264 536 1048 571; baseline 0 -9"><span class='ocrx_word' id='word_1_61' title='bbox 264 536 386 571; x_wconf 74' lang='lat' dir='ltr'><strong>genitus;</strong></span> <span class='ocrx_word' id='word_1_62' title='bbox 402 544 434 562; x_wconf 83' lang='lat' dir='ltr'><strong>ex</strong></span> <span class='ocrx_word' id='word_1_63' title='bbox 452 536 505 562; x_wconf 83' lang='lat' dir='ltr'><strong>alia</strong></span> <span class='ocrx_word' id='word_1_64' title='bbox 525 544 588 563; x_wconf 85' lang='lat' dir='ltr'><strong>vero</strong></span> <span class='ocrx_word' id='word_1_65' title='bbox 612 537 726 571; x_wconf 72' lang='lat' dir='ltr'><strong>conjuge</strong></span> <span class='ocrx_word' id='word_1_66' title='bbox 741 536 860 571; x_wconf 84' lang='lat' dir='ltr'><strong>suscepti</strong></span> <span class='ocrx_word' id='word_1_67' title='bbox 881 536 1048 568; x_wconf 78' lang='lat' dir='ltr'><strong>Abessalom,</strong></span> 
     </span>
    </p>
   </div>
   <div class='ocr_carea' id='block_1_14' title="bbox 263 581 1051 619">
    <p class='ocr_par' dir='ltr' id='par_1_14' title="bbox 263 581 1051 619">
     <span class='ocr_line' id='line_1_14' title="bbox 263 581 1051 619; baseline 0.001 -10"><span class='ocrx_word' id='word_1_68' title='bbox 263 586 291 609; x_wconf 88' lang='lat' dir='ltr'><strong>et</strong></span> <span class='ocrx_word' id='word_1_69' title='bbox 301 581 419 608; x_wconf 83' lang='lat' dir='ltr'><strong>Thamar</strong></span> <span class='ocrx_word' id='word_1_70' title='bbox 437 582 501 614; x_wconf 91' lang='lat' dir='ltr'><strong>ﬁlia,</strong></span> <span class='ocrx_word' id='word_1_71' title='bbox 516 587 630 618; x_wconf 87' lang='lat' dir='ltr'><strong>uterque</strong></span> <span class='ocrx_word' id='word_1_72' title='bbox 641 582 729 610; x_wconf 81' lang='lat' dir='ltr'><strong>forma</strong></span> <span class='ocrx_word' id='word_1_73' title='bbox 740 584 857 619; x_wconf 75' lang='lat' dir='ltr'><strong>egregia.</strong></span> <span class='ocrx_word' id='word_1_74' title='bbox 874 583 961 618; x_wconf 82' lang='lat' dir='ltr'><strong>Hujus</strong></span> <span class='ocrx_word' id='word_1_75' title='bbox 977 592 1051 610; x_wconf 85' lang='lat' dir='ltr'><strong>anm-</strong></span> 
     </span>
    </p>
   </div>
   <div class='ocr_carea' id='block_1_15' title="bbox 264 629 1049 663">
    <p class='ocr_par' dir='ltr' id='par_1_15' title="bbox 264 629 1049 663">
     <span class='ocr_line' id='line_1_15' title="bbox 264 629 1049 663; baseline 0 -7"><span class='ocrx_word' id='word_1_76' title='bbox 264 633 448 663; x_wconf 84' lang='lat' dir='ltr'><strong>recorreptus</strong></span> <span class='ocrx_word' id='word_1_77' title='bbox 472 629 590 663; x_wconf 82' lang='lat' dir='ltr'><strong>Amnon,</strong></span> <span class='ocrx_word' id='word_1_78' title='bbox 605 637 637 657; x_wconf 85' lang='lat' dir='ltr'><strong>ac</strong></span> <span class='ocrx_word' id='word_1_79' title='bbox 666 630 791 657; x_wconf 85' lang='lat' dir='ltr'><strong>morbum</strong></span> <span class='ocrx_word' id='word_1_80' title='bbox 817 630 961 662; x_wconf 85' lang='lat' dir='ltr'><strong>simulans,</strong></span> <span class='ocrx_word' id='word_1_81' title='bbox 988 638 1049 657; x_wconf 86' lang='lat' dir='ltr'><strong>cum</strong></span> 
     </span>
    </p>
   </div>
   <div class='ocr_carea' id='block_1_16' title="bbox 263 674 1049 710">
    <p class='ocr_par' dir='ltr' id='par_1_16' title="bbox 263 674 1049 710">
     <span class='ocr_line' id='line_1_16' title="bbox 263 674 1049 710; baseline 0 -9"><span class='ocrx_word' id='word_1_82' title='bbox 263 682 279 702; x_wconf 84' lang='lat' dir='ltr'><strong>a</strong></span> <span class='ocrx_word' id='word_1_83' title='bbox 295 674 395 702; x_wconf 85' lang='lat' dir='ltr'><strong>Davide</strong></span> <span class='ocrx_word' id='word_1_84' title='bbox 408 676 574 706; x_wconf 81' lang='lat' dir='ltr'><strong>visitaretur,</strong></span> <span class='ocrx_word' id='word_1_85' title='bbox 590 675 666 710; x_wconf 86' lang='lat' dir='ltr'><strong>petiit</strong></span> <span class='ocrx_word' id='word_1_86' title='bbox 680 675 714 702; x_wconf 87' lang='lat' dir='ltr'><strong>ab</strong></span> <span class='ocrx_word' id='word_1_87' title='bbox 730 675 802 710; x_wconf 80' lang='lat' dir='ltr'><strong>ipso,</strong></span> <span class='ocrx_word' id='word_1_88' title='bbox 820 681 849 702; x_wconf 89' lang='lat' dir='ltr'><strong>ut</strong></span> <span class='ocrx_word' id='word_1_89' title='bbox 862 682 982 702; x_wconf 77' lang='lat' dir='ltr'><strong>sororem</strong></span> <span class='ocrx_word' id='word_1_90' title='bbox 998 674 1049 701; x_wconf 83' lang='lat' dir='ltr'><strong>sibi</strong></span> 
     </span>
    </p>
   </div>
   <div class='ocr_carea' id='block_1_17' title="bbox 263 720 1048 755">
    <p class='ocr_par' dir='ltr' id='par_1_17' title="bbox 263 720 1048 755">
     <span class='ocr_line' id='line_1_17' title="bbox 263 720 1048 755; baseline -0.001 -7"><span class='ocrx_word' id='word_1_91' title='bbox 263 721 424 748; x_wconf 85' lang='lat' dir='ltr'><strong>curatricem</strong></span> <span class='ocrx_word' id='word_1_92' title='bbox 439 721 534 748; x_wconf 80' lang='lat' dir='ltr'><strong>adesse</strong></span> <span class='ocrx_word' id='word_1_93' title='bbox 545 721 661 755; x_wconf 73' lang='lat' dir='ltr'><strong>iuberet.</strong></span> <span class='ocrx_word' id='word_1_94' title='bbox 678 720 765 755; x_wconf 83' lang='lat' dir='ltr'><strong>Atque</strong></span> <span class='ocrx_word' id='word_1_95' title='bbox 780 721 817 748; x_wconf 88' lang='lat' dir='ltr'><strong>ita</strong></span> <span class='ocrx_word' id='word_1_96' title='bbox 833 728 892 748; x_wconf 83' lang='lat' dir='ltr'><strong>eam</strong></span> <span class='ocrx_word' id='word_1_97' title='bbox 908 720 1028 754; x_wconf 89' lang='lat' dir='ltr'><strong>corrupit</strong></span> <span class='ocrx_word' id='word_1_98' title='bbox 1042 729 1048 747; x_wconf 74' lang='grc' dir='ltr'>ε</span> 
     </span>
    </p>
   </div>
   <div class='ocr_carea' id='block_1_18' title="bbox 265 767 1052 802">
    <p class='ocr_par' dir='ltr' id='par_1_18' title="bbox 265 767 1052 802">
     <span class='ocr_line' id='line_1_18' title="bbox 265 767 1052 802; baseline 0 -8"><span class='ocrx_word' id='word_1_99' title='bbox 265 772 325 801; x_wconf 88' lang='lat' dir='ltr'><strong>post</strong></span> <span class='ocrx_word' id='word_1_100' title='bbox 341 768 421 794; x_wconf 88' lang='lat' dir='ltr'><strong>etiam</strong></span> <span class='ocrx_word' id='word_1_101' title='bbox 439 768 502 794; x_wconf 84' lang='lat' dir='ltr'><strong>odio</strong></span> <span class='ocrx_word' id='word_1_102' title='bbox 517 767 629 800; x_wconf 80' lang='lat' dir='ltr'><strong>habens,</strong></span> <span class='ocrx_word' id='word_1_103' title='bbox 650 768 731 795; x_wconf 88' lang='lat' dir='ltr'><strong>domo</strong></span> <span class='ocrx_word' id='word_1_104' title='bbox 742 767 832 802; x_wconf 70' lang='lat' dir='ltr'><strong>ejecit.</strong></span> <span class='ocrx_word' id='word_1_105' title='bbox 844 768 905 802; x_wconf 84' lang='lat' dir='ltr'><strong>Ipsa</strong></span> <span class='ocrx_word' id='word_1_106' title='bbox 921 775 985 794; x_wconf 85' lang='lat' dir='ltr'><strong>vero</strong></span> <span class='ocrx_word' id='word_1_107' title='bbox 1000 767 1052 794; x_wconf 83' lang='lat' dir='ltr'><strong>fra-</strong></span> 
     </span>
    </p>
   </div>
   <div class='ocr_carea' id='block_1_19' title="bbox 265 813 1050 848">
    <p class='ocr_par' dir='ltr' id='par_1_19' title="bbox 265 813 1050 848">
     <span class='ocr_line' id='line_1_19' title="bbox 265 813 1050 848; baseline 0 -8"><span class='ocrx_word' id='word_1_108' title='bbox 265 813 299 840; x_wconf 80' lang='lat' dir='ltr'><strong>tri</strong></span> <span class='ocrx_word' id='word_1_109' title='bbox 313 813 472 841; x_wconf 79' lang='lat' dir='ltr'><strong>Abessaloni</strong></span> <span class='ocrx_word' id='word_1_110' title='bbox 488 814 521 840; x_wconf 90' lang='lat' dir='ltr'><strong>de</strong></span> <span class='ocrx_word' id='word_1_111' title='bbox 535 813 634 847; x_wconf 84' lang='lat' dir='ltr'><strong>injuria</strong></span> <span class='ocrx_word' id='word_1_112' title='bbox 649 814 835 848; x_wconf 74' lang='lat' dir='ltr'><strong>conqueritur.</strong></span> <span class='ocrx_word' id='word_1_113' title='bbox 853 813 905 846; x_wconf 86' lang='lat' dir='ltr'><strong>Qui</strong></span> <span class='ocrx_word' id='word_1_114' title='bbox 926 813 989 840; x_wconf 89' lang='lat' dir='ltr'><strong>licet</strong></span> <span class='ocrx_word' id='word_1_115' title='bbox 1003 821 1050 840; x_wconf 89' lang='lat' dir='ltr'><strong>ve-</strong></span> 
     </span>
    </p>
   </div>
   <div class='ocr_carea' id='block_1_20' title="bbox 264 859 1088 902">
    <p class='ocr_par' dir='ltr' id='par_1_20' title="bbox 264 859 1088 902">
     <span class='ocr_line' id='line_1_20' title="bbox 264 859 1088 902; baseline 0 -16"><span class='ocrx_word' id='word_1_116' title='bbox 264 859 405 886; x_wconf 83' lang='lat' dir='ltr'><strong>hementer</strong></span> <span class='ocrx_word' id='word_1_117' title='bbox 426 864 496 886; x_wconf 85' lang='lat' dir='ltr'><strong>esset</strong></span> <span class='ocrx_word' id='word_1_118' title='bbox 518 864 683 892; x_wconf 88' lang='lat' dir='ltr'><strong>commotus,</strong></span> <span class='ocrx_word' id='word_1_119' title='bbox 700 859 766 886; x_wconf 85' lang='lat' dir='ltr'><strong>iram</strong></span> <span class='ocrx_word' id='word_1_120' title='bbox 781 864 869 886; x_wconf 85' lang='lat' dir='ltr'><strong>tamen</strong></span> <span class='ocrx_word' id='word_1_121' title='bbox 883 859 1049 886; x_wconf 72' lang='lat' dir='ltr'><strong>dissimulat.</strong></span> <span class='ocrx_word' id='word_1_122' title='bbox 1067 875 1088 902; x_wconf 69' lang='grc' dir='ltr'><strong>Β</strong></span> 
     </span>
    </p>
   </div>
   <div class='ocr_carea' id='block_1_21' title="bbox 263 905 1053 940">
    <p class='ocr_par' dir='ltr' id='par_1_21' title="bbox 263 905 1053 940">
     <span class='ocr_line' id='line_1_21' title="bbox 263 905 1053 940; baseline -0.001 -8"><span class='ocrx_word' id='word_1_123' title='bbox 263 905 298 932; x_wconf 83' lang='lat' dir='ltr'><strong>At</strong></span> <span class='ocrx_word' id='word_1_124' title='bbox 314 905 452 940; x_wconf 88' lang='lat' dir='ltr'><strong>aliquanto</strong></span> <span class='ocrx_word' id='word_1_125' title='bbox 465 909 526 940; x_wconf 86' lang='lat' dir='ltr'><strong>post</strong></span> <span class='ocrx_word' id='word_1_126' title='bbox 545 909 666 940; x_wconf 83' lang='lat' dir='ltr'><strong>tempore</strong></span> <span class='ocrx_word' id='word_1_127' title='bbox 677 905 828 932; x_wconf 79' lang='lat' dir='ltr'><strong>Amnonem</strong></span> <span class='ocrx_word' id='word_1_128' title='bbox 840 905 872 932; x_wconf 88' lang='lat' dir='ltr'><strong>ad</strong></span> <span class='ocrx_word' id='word_1_129' title='bbox 887 911 993 932; x_wconf 66' lang='lat' dir='ltr'><strong>coenan-</strong></span> <span class='ocrx_word' id='word_1_130' title='bbox 1009 913 1053 931; x_wconf 82' lang='lat' dir='ltr'><strong>vo-</strong></span> 
     </span>
    </p>
   </div>
   <div class='ocr_carea' id='block_1_22' title="bbox 265 950 1050 986">
    <p class='ocr_par' dir='ltr' id='par_1_22' title="bbox 265 950 1050 986">
     <span class='ocr_line' id='line_1_22' title="bbox 265 950 1050 986; baseline 0.001 -9"><span class='ocrx_word' id='word_1_131' title='bbox 265 955 355 978; x_wconf 84' lang='lat' dir='ltr'><strong>catum</strong></span> <span class='ocrx_word' id='word_1_132' title='bbox 382 950 523 982; x_wconf 89' lang='lat' dir='ltr'><strong>interimit,</strong></span> <span class='ocrx_word' id='word_1_133' title='bbox 548 957 728 985; x_wconf 82' lang='lat' dir='ltr'><strong>metuensque</strong></span> <span class='ocrx_word' id='word_1_134' title='bbox 751 951 836 985; x_wconf 84' lang='lat' dir='ltr'><strong>patris</strong></span> <span class='ocrx_word' id='word_1_135' title='bbox 857 951 936 984; x_wconf 87' lang='lat' dir='ltr'><strong>iram,</strong></span> <span class='ocrx_word' id='word_1_136' title='bbox 963 951 1050 986; x_wconf 78' lang='lat' dir='ltr'><strong>fugit:</strong></span> 
     </span>
    </p>
   </div>
   <div class='ocr_carea' id='block_1_23' title="bbox 265 995 1052 1030">
    <p class='ocr_par' dir='ltr' id='par_1_23' title="bbox 265 995 1052 1030">
     <span class='ocr_line' id='line_1_23' title="bbox 265 995 1052 1030; baseline 0.003 -9"><span class='ocrx_word' id='word_1_137' title='bbox 265 996 429 1030; x_wconf 81' lang='lat' dir='ltr'><strong>demumque</strong></span> <span class='ocrx_word' id='word_1_138' title='bbox 454 1000 515 1030; x_wconf 78' lang='lat' dir='ltr'><strong>post</strong></span> <span class='ocrx_word' id='word_1_139' title='bbox 540 1000 594 1023; x_wconf 87' lang='lat' dir='ltr'><strong>tres</strong></span> <span class='ocrx_word' id='word_1_140' title='bbox 614 1003 702 1023; x_wconf 86' lang='lat' dir='ltr'><strong>annos</strong></span> <span class='ocrx_word' id='word_1_141' title='bbox 716 995 870 1028; x_wconf 83' lang='lat' dir='ltr'><strong>revertitur,</strong></span> <span class='ocrx_word' id='word_1_142' title='bbox 887 996 926 1022; x_wconf 89' lang='lat' dir='ltr'><strong>ira</strong></span> <span class='ocrx_word' id='word_1_143' title='bbox 945 995 1052 1023; x_wconf 69' lang='lat' dir='ltr'><strong>Daridis</strong></span> 
     </span>
    </p>
   </div>
   <div class='ocr_carea' id='block_1_24' title="bbox 262 1040 1053 1076">
    <p class='ocr_par' dir='ltr' id='par_1_24' title="bbox 262 1040 1053 1076">
     <span class='ocr_line' id='line_1_24' title="bbox 262 1040 1053 1076; baseline 0 -8"><span class='ocrx_word' id='word_1_144' title='bbox 262 1042 319 1076; x_wconf 88' lang='lat' dir='ltr'><strong>jam</strong></span> <span class='ocrx_word' id='word_1_145' title='bbox 337 1043 462 1069; x_wconf 87' lang='lat' dir='ltr'><strong>remissa.</strong></span> <span class='ocrx_word' id='word_1_146' title='bbox 480 1040 540 1068; x_wconf 82' lang='lat' dir='ltr'><strong>Non</strong></span> <span class='ocrx_word' id='word_1_147' title='bbox 559 1041 632 1068; x_wconf 90' lang='lat' dir='ltr'><strong>illico</strong></span> <span class='ocrx_word' id='word_1_148' title='bbox 650 1045 739 1068; x_wconf 87' lang='lat' dir='ltr'><strong>tamen</strong></span> <span class='ocrx_word' id='word_1_149' title='bbox 765 1041 792 1068; x_wconf 92' lang='lat' dir='ltr'><strong>in</strong></span> <span class='ocrx_word' id='word_1_150' title='bbox 810 1045 986 1076; x_wconf 85' lang='lat' dir='ltr'><strong>conspectum</strong></span> <span class='ocrx_word' id='word_1_151' title='bbox 1002 1041 1053 1068; x_wconf 88' lang='lat' dir='ltr'><strong>Pa-</strong></span> 
     </span>
    </p>
   </div>
   <div class='ocr_carea' id='block_1_25' title="bbox 265 1087 1054 1122">
    <p class='ocr_par' dir='ltr' id='par_1_25' title="bbox 265 1087 1054 1122">
     <span class='ocr_line' id='line_1_25' title="bbox 265 1087 1054 1122; baseline 0 -8"><span class='ocrx_word' id='word_1_152' title='bbox 265 1088 316 1114; x_wconf 89' lang='lat' dir='ltr'><strong>tris</strong></span> <span class='ocrx_word' id='word_1_153' title='bbox 333 1087 481 1119; x_wconf 79' lang='lat' dir='ltr'><strong>admissus,</strong></span> <span class='ocrx_word' id='word_1_154' title='bbox 500 1087 546 1114; x_wconf 89' lang='lat' dir='ltr'><strong>sed</strong></span> <span class='ocrx_word' id='word_1_155' title='bbox 561 1087 670 1114; x_wconf 90' lang='lat' dir='ltr'><strong>demum</strong></span> <span class='ocrx_word' id='word_1_156' title='bbox 695 1091 757 1122; x_wconf 89' lang='lat' dir='ltr'><strong>post</strong></span> <span class='ocrx_word' id='word_1_157' title='bbox 779 1087 848 1115; x_wconf 94' lang='lat' dir='ltr'><strong>duos</strong></span> <span class='ocrx_word' id='word_1_158' title='bbox 864 1095 960 1115; x_wconf 84' lang='lat' dir='ltr'><strong>annos.</strong></span> <span class='ocrx_word' id='word_1_159' title='bbox 976 1087 1054 1114; x_wconf 88' lang='lat' dir='ltr'><strong>Tunc</strong></span> 
     </span>
    </p>
   </div>
   <div class='ocr_carea' id='block_1_26' title="bbox 264 1132 1054 1169">
    <p class='ocr_par' dir='ltr' id='par_1_26' title="bbox 264 1132 1054 1169">
     <span class='ocr_line' id='line_1_26' title="bbox 264 1132 1054 1169; baseline 0.001 -10"><span class='ocrx_word' id='word_1_160' title='bbox 264 1140 329 1159; x_wconf 84' lang='lat' dir='ltr'><strong>vero</strong></span> <span class='ocrx_word' id='word_1_161' title='bbox 343 1133 458 1160; x_wconf 84' lang='lat' dir='ltr'><strong>insidias</strong></span> <span class='ocrx_word' id='word_1_162' title='bbox 470 1132 544 1159; x_wconf 75' lang='lat' dir='ltr'><strong>Patri</strong></span> <span class='ocrx_word' id='word_1_163' title='bbox 563 1137 669 1164; x_wconf 78' lang='lat' dir='ltr'><strong>struere</strong></span> <span class='ocrx_word' id='word_1_164' title='bbox 687 1133 780 1168; x_wconf 82' lang='lat' dir='ltr'><strong>ccepit.</strong></span> <span class='ocrx_word' id='word_1_165' title='bbox 796 1141 946 1169; x_wconf 88' lang='lat' dir='ltr'><strong>currusque</strong></span> <span class='ocrx_word' id='word_1_166' title='bbox 962 1134 1013 1160; x_wconf 89' lang='lat' dir='ltr'><strong>sibi</strong></span> <span class='ocrx_word' id='word_1_167' title='bbox 1027 1138 1054 1161; x_wconf 89' lang='lat' dir='ltr'><strong>et</strong></span> 
     </span>
    </p>
   </div>
   <div class='ocr_carea' id='block_1_27' title="bbox 264 1178 1053 1215">
    <p class='ocr_par' dir='ltr' id='par_1_27' title="bbox 264 1178 1053 1215">
     <span class='ocr_line' id='line_1_27' title="bbox 264 1178 1053 1215; baseline 0.003 -10"><span class='ocrx_word' id='word_1_168' title='bbox 264 1178 371 1212; x_wconf 79' lang='lat' dir='ltr'><strong>equites</strong></span> <span class='ocrx_word' id='word_1_169' title='bbox 387 1180 565 1214; x_wconf 85' lang='lat' dir='ltr'><strong>comparavit,</strong></span> <span class='ocrx_word' id='word_1_170' title='bbox 581 1179 688 1213; x_wconf 89' lang='lat' dir='ltr'><strong>sibique</strong></span> <span class='ocrx_word' id='word_1_171' title='bbox 701 1179 858 1207; x_wconf 86' lang='lat' dir='ltr'><strong>conciliavit</strong></span> <span class='ocrx_word' id='word_1_172' title='bbox 871 1187 929 1211; x_wconf 86' lang='lat' dir='ltr'><strong>eos,</strong></span> <span class='ocrx_word' id='word_1_173' title='bbox 947 1179 994 1215; x_wconf 90' lang='lat' dir='ltr'><strong>qui</strong></span> <span class='ocrx_word' id='word_1_174' title='bbox 1010 1187 1053 1207; x_wconf 89' lang='lat' dir='ltr'><strong>re-</strong></span> 
     </span>
    </p>
   </div>
   <div class='ocr_carea' id='block_1_28' title="bbox 264 1225 1053 1260">
    <p class='ocr_par' dir='ltr' id='par_1_28' title="bbox 264 1225 1053 1260">
     <span class='ocr_line' id='line_1_28' title="bbox 264 1225 1053 1260; baseline 0.004 -9"><span class='ocrx_word' id='word_1_175' title='bbox 264 1232 324 1259; x_wconf 61' lang='lat' dir='ltr'><strong>gem</strong></span> <span class='ocrx_word' id='word_1_176' title='bbox 339 1225 434 1259; x_wconf 89' lang='lat' dir='ltr'><strong>judicii</strong></span> <span class='ocrx_word' id='word_1_177' title='bbox 448 1233 531 1252; x_wconf 87' lang='lat' dir='ltr'><strong>causa</strong></span> <span class='ocrx_word' id='word_1_178' title='bbox 546 1225 666 1258; x_wconf 80' lang='lat' dir='ltr'><strong>adibant,</strong></span> <span class='ocrx_word' id='word_1_179' title='bbox 688 1226 739 1253; x_wconf 89' lang='lat' dir='ltr'><strong>sub</strong></span> <span class='ocrx_word' id='word_1_180' title='bbox 755 1226 843 1260; x_wconf 90' lang='lat' dir='ltr'><strong>specie</strong></span> <span class='ocrx_word' id='word_1_181' title='bbox 860 1227 1053 1254; x_wconf 74' lang='lat' dir='ltr'><strong>benevolentia:</strong></span> 
     </span>
    </p>
   </div>
   <div class='ocr_carea' id='block_1_29' title="bbox 263 1270 1054 1307">
    <p class='ocr_par' dir='ltr' id='par_1_29' title="bbox 263 1270 1054 1307">
     <span class='ocr_line' id='line_1_29' title="bbox 263 1270 1054 1307; baseline 0.005 -12"><span class='ocrx_word' id='word_1_182' title='bbox 263 1274 291 1295; x_wconf 82' lang='lat' dir='ltr'><strong>et</strong></span> <span class='ocrx_word' id='word_1_183' title='bbox 307 1270 457 1297; x_wconf 64' lang='lat' dir='ltr'><strong>clementiae</strong></span> <span class='ocrx_word' id='word_1_184' title='bbox 469 1270 616 1304; x_wconf 82' lang='lat' dir='ltr'><strong>subjiciens</strong></span> <span class='ocrx_word' id='word_1_185' title='bbox 629 1270 680 1297; x_wconf 87' lang='lat' dir='ltr'><strong>sibi</strong></span> <span class='ocrx_word' id='word_1_186' title='bbox 689 1270 779 1298; x_wconf 84' lang='lat' dir='ltr'><strong>Patris</strong></span> <span class='ocrx_word' id='word_1_187' title='bbox 794 1271 928 1304; x_wconf 89' lang='lat' dir='ltr'><strong>subditos,</strong></span> <span class='ocrx_word' id='word_1_188' title='bbox 941 1280 1054 1307; x_wconf 79' lang='lat' dir='ltr'><strong>cogens-</strong></span> 
     </span>
    </p>
   </div>
   <div class='ocr_carea' id='block_1_30' title="bbox 265 1314 1053 1349">
    <p class='ocr_par' dir='ltr' id='par_1_30' title="bbox 265 1314 1053 1349">
     <span class='ocr_line' id='line_1_30' title="bbox 265 1314 1053 1349; baseline 0.005 -9"><span class='ocrx_word' id='word_1_189' title='bbox 265 1321 319 1349; x_wconf 79' lang='lat' dir='ltr'><strong>que</strong></span> <span class='ocrx_word' id='word_1_190' title='bbox 334 1314 468 1349; x_wconf 76' lang='lat' dir='ltr'><strong>ingentem</strong></span> <span class='ocrx_word' id='word_1_191' title='bbox 486 1314 688 1349; x_wconf 77' lang='lat' dir='ltr'><strong>transfugarum</strong></span> <span class='ocrx_word' id='word_1_192' title='bbox 702 1315 915 1347; x_wconf 81' lang='lat' dir='ltr'><strong>multitudinem.</strong></span> <span class='ocrx_word' id='word_1_193' title='bbox 934 1322 962 1344; x_wconf 90' lang='lat' dir='ltr'><strong>ut</strong></span> <span class='ocrx_word' id='word_1_194' title='bbox 980 1316 1053 1344; x_wconf 84' lang='lat' dir='ltr'><strong>Patri</strong></span> 
     </span>
    </p>
   </div>
   <div class='ocr_carea' id='block_1_31' title="bbox 266 1356 1054 1396">
    <p class='ocr_par' dir='ltr' id='par_1_31' title="bbox 266 1356 1054 1396">
     <span class='ocr_line' id='line_1_31' title="bbox 266 1356 1054 1396; baseline 0.006 -13"><span class='ocrx_word' id='word_1_195' title='bbox 266 1356 379 1384; x_wconf 87' lang='lat' dir='ltr'><strong>insidias</strong></span> <span class='ocrx_word' id='word_1_196' title='bbox 395 1358 525 1384; x_wconf 84' lang='lat' dir='ltr'><strong>tenderet.</strong></span> <span class='ocrx_word' id='word_1_197' title='bbox 551 1358 586 1383; x_wconf 69' lang='lat' dir='ltr'><strong>Ad</strong></span> <span class='ocrx_word' id='word_1_198' title='bbox 604 1362 768 1393; x_wconf 83' lang='lat' dir='ltr'><strong>extremum,</strong></span> <span class='ocrx_word' id='word_1_199' title='bbox 785 1359 893 1392; x_wconf 80' lang='lat' dir='ltr'><strong>defecit,</strong></span> <span class='ocrx_word' id='word_1_200' title='bbox 911 1369 994 1396; x_wconf 84' lang='lat' dir='ltr'><strong>seque</strong></span> <span class='ocrx_word' id='word_1_201' title='bbox 1011 1370 1054 1388; x_wconf 89' lang='lat' dir='ltr'><strong>re-</strong></span> 
     </span>
    </p>
   </div>
   <div class='ocr_carea' id='block_1_32' title="bbox 265 1403 1053 1439">
    <p class='ocr_par' dir='ltr' id='par_1_32' title="bbox 265 1403 1053 1439">
     <span class='ocr_line' id='line_1_32' title="bbox 265 1403 1053 1439; baseline 0.006 -9"><span class='ocrx_word' id='word_1_202' title='bbox 265 1410 325 1438; x_wconf 72' lang='lat' dir='ltr'><strong>gem</strong></span> <span class='ocrx_word' id='word_1_203' title='bbox 348 1403 523 1438; x_wconf 86' lang='lat' dir='ltr'><strong>nuncupavit.</strong></span> <span class='ocrx_word' id='word_1_204' title='bbox 538 1404 696 1439; x_wconf 81' lang='lat' dir='ltr'><strong>Assumpsit</strong></span> <span class='ocrx_word' id='word_1_205' title='bbox 717 1413 782 1433; x_wconf 88' lang='lat' dir='ltr'><strong>vero</strong></span> <span class='ocrx_word' id='word_1_206' title='bbox 799 1414 862 1433; x_wconf 88' lang='lat' dir='ltr'><strong>cum</strong></span> <span class='ocrx_word' id='word_1_207' title='bbox 882 1407 976 1435; x_wconf 87' lang='lat' dir='ltr'><strong>multis</strong></span> <span class='ocrx_word' id='word_1_208' title='bbox 991 1408 1053 1436; x_wconf 87' lang='lat' dir='ltr'><strong>aliis</strong></span> 
     </span>
    </p>
   </div>
   <div class='ocr_carea' id='block_1_33' title="bbox 265 1448 1054 1486">
    <p class='ocr_par' dir='ltr' id='par_1_33' title="bbox 265 1448 1054 1486">
     <span class='ocr_line' id='line_1_33' title="bbox 265 1448 1054 1486; baseline 0.009 -12"><span class='ocrx_word' id='word_1_209' title='bbox 265 1449 346 1475; x_wconf 84' lang='lat' dir='ltr'><strong>etiam</strong></span> <span class='ocrx_word' id='word_1_210' title='bbox 362 1448 577 1483; x_wconf 82' lang='lat' dir='ltr'><strong>Achitophelem,</strong></span> <span class='ocrx_word' id='word_1_211' title='bbox 595 1450 641 1484; x_wconf 91' lang='lat' dir='ltr'><strong>qui</strong></span> <span class='ocrx_word' id='word_1_212' title='bbox 658 1450 751 1477; x_wconf 84' lang='lat' dir='ltr'><strong>Davidi</strong></span> <span class='ocrx_word' id='word_1_213' title='bbox 764 1456 822 1478; x_wconf 88' lang='lat' dir='ltr'><strong>erat</strong></span> <span class='ocrx_word' id='word_1_214' title='bbox 842 1459 857 1478; x_wconf 92' lang='lat' dir='ltr'><strong>a</strong></span> <span class='ocrx_word' id='word_1_215' title='bbox 870 1453 1002 1486; x_wconf 87' lang='lat' dir='ltr'><strong>consiliis,</strong></span> <span class='ocrx_word' id='word_1_216' title='bbox 1014 1454 1054 1480; x_wconf 87' lang='lat' dir='ltr'><strong>vi-</strong></span> 
     </span>
    </p>
   </div>
   <div class='ocr_carea' id='block_1_34' title="bbox 266 1493 1052 1534">
    <p class='ocr_par' dir='ltr' id='par_1_34' title="bbox 266 1493 1052 1534">
     <span class='ocr_line' id='line_1_34' title="bbox 266 1493 1052 1534; baseline 0.008 -14"><span class='ocrx_word' id='word_1_217' title='bbox 266 1502 327 1521; x_wconf 89' lang='lat' dir='ltr'><strong>rum</strong></span> <span class='ocrx_word' id='word_1_218' title='bbox 340 1493 447 1522; x_wconf 79' lang='lat' dir='ltr'><strong>vairum</strong></span> <span class='ocrx_word' id='word_1_219' title='bbox 462 1499 489 1522; x_wconf 87' lang='lat' dir='ltr'><strong>et</strong></span> <span class='ocrx_word' id='word_1_220' title='bbox 501 1495 675 1523; x_wconf 89' lang='lat' dir='ltr'><strong>industrium.</strong></span> <span class='ocrx_word' id='word_1_221' title='bbox 689 1495 750 1529; x_wconf 86' lang='lat' dir='ltr'><strong>Quo</strong></span> <span class='ocrx_word' id='word_1_222' title='bbox 767 1497 870 1530; x_wconf 83' lang='lat' dir='ltr'><strong>audito,</strong></span> <span class='ocrx_word' id='word_1_223' title='bbox 884 1497 952 1534; x_wconf 80' lang='lat' dir='ltr'><strong>fugit</strong></span> <span class='ocrx_word' id='word_1_224' title='bbox 968 1498 1052 1527; x_wconf 86' lang='lat' dir='ltr'><strong>David</strong></span> 
     </span>
    </p>
   </div>
   <div class='ocr_carea' id='block_1_35' title="bbox 1146 348 1893 384">
    <p class='ocr_par' dir='ltr' id='par_1_35' title="bbox 1146 348 1893 384">
     <span class='ocr_line' id='line_1_35' title="bbox 1146 348 1893 384; baseline -0.005 -7"><span class='ocrx_word' id='word_1_225' title='bbox 1146 350 1329 382; x_wconf 75' lang='grc' dir='ltr'>Ἄθανασὶου,</span> <span class='ocrx_word' id='word_1_226' title='bbox 1342 349 1505 383; x_wconf 72' lang='grc' dir='ltr'><strong>Κῳίλλου.</strong></span> <span class='ocrx_word' id='word_1_227' title='bbox 1515 349 1561 376; x_wconf 76' lang='lat' dir='ltr'><strong>Sic</strong></span> <span class='ocrx_word' id='word_1_228' title='bbox 1572 349 1667 384; x_wconf 71' lang='lat' dir='ltr'><strong>absque</strong></span> <span class='ocrx_word' id='word_1_229' title='bbox 1678 348 1774 382; x_wconf 79' lang='lat' dir='ltr'><strong>copula</strong></span> <span class='ocrx_word' id='word_1_230' title='bbox 1790 354 1893 374; x_wconf 76' lang='lat' dir='ltr'><strong>utrum-</strong></span> 
     </span>
    </p>
   </div>
   <div class='ocr_carea' id='block_1_36' title="bbox 1103 395 1892 432">
    <p class='ocr_par' dir='ltr' id='par_1_36' title="bbox 1103 395 1892 432">
     <span class='ocr_line' id='line_1_36' title="bbox 1103 395 1892 432; baseline -0.005 -8"><span class='ocrx_word' id='word_1_231' title='bbox 1103 406 1151 432; x_wconf 83' lang='lat' dir='ltr'><strong>que</strong></span> <span class='ocrx_word' id='word_1_232' title='bbox 1170 405 1262 424; x_wconf 79' lang='lat' dir='ltr'><strong>nomen</strong></span> <span class='ocrx_word' id='word_1_233' title='bbox 1284 397 1442 430; x_wconf 74' lang='lat' dir='ltr'><strong>conjungens</strong></span> <span class='ocrx_word' id='word_1_234' title='bbox 1464 404 1473 423; x_wconf 82' lang='lat'><strong>.&#39;</strong></span> <span class='ocrx_word' id='word_1_235' title='bbox 1491 395 1559 430; x_wconf 79' lang='lat' dir='ltr'><strong>forte</strong></span> <span class='ocrx_word' id='word_1_236' title='bbox 1582 404 1614 422; x_wconf 70' lang='lat' dir='ltr'><strong>ex</strong></span> <span class='ocrx_word' id='word_1_237' title='bbox 1630 401 1739 430; x_wconf 80' lang='lat' dir='ltr'><strong>utroque</strong></span> <span class='ocrx_word' id='word_1_238' title='bbox 1759 397 1892 430; x_wconf 58' lang='grc' dir='ltr'>δεᾳηῖιιιία</span> 
     </span>
    </p>
   </div>
   <div class='ocr_carea' id='block_1_37' title="bbox 1103 441 1892 478">
    <p class='ocr_par' dir='ltr' id='par_1_37' title="bbox 1103 441 1892 478">
     <span class='ocr_line' id='line_1_37' title="bbox 1103 441 1892 478; baseline -0.005 -8"><span class='ocrx_word' id='word_1_239' title='bbox 1103 445 1218 478; x_wconf 71' lang='lat' dir='ltr'><strong>conflata</strong></span> <span class='ocrx_word' id='word_1_240' title='bbox 1240 452 1295 470; x_wconf 68' lang='lat' dir='ltr'><strong>esse</strong></span> <span class='ocrx_word' id='word_1_241' title='bbox 1316 443 1424 469; x_wconf 81' lang='lat' dir='ltr'><strong>innuere</strong></span> <span class='ocrx_word' id='word_1_242' title='bbox 1443 443 1581 469; x_wconf 47' lang='lat' dir='ltr'><strong>volettsﬁﬂ</strong></span> <span class='ocrx_word' id='word_1_243' title='bbox 1602 442 1648 469; x_wconf 81' lang='grc' dir='ltr'>τοῦ</span> <span class='ocrx_word' id='word_1_244' title='bbox 1674 442 1767 477; x_wconf 77' lang='grc' dir='ltr'>τρίτου</span> <span class='ocrx_word' id='word_1_245' title='bbox 1782 441 1892 476; x_wconf 63' lang='grc' dir='ltr'>ψαλμοῦ</span> 
     </span>
    </p>
   </div>
   <div class='ocr_carea' id='block_1_38' title="bbox 1102 489 1892 528">
    <p class='ocr_par' dir='ltr' id='par_1_38' title="bbox 1102 489 1892 528">
     <span class='ocr_line' id='line_1_38' title="bbox 1102 489 1892 528; baseline -0.008 -9"><span class='ocrx_word' id='word_1_246' title='bbox 1102 492 1241 528; x_wconf 65' lang='grc' dir='ltr'>ἐπιγραφὴ</span> <span class='ocrx_word' id='word_1_247' title='bbox 1263 491 1331 526; x_wconf 76' lang='grc' dir='ltr'>πρὸς</span> <span class='ocrx_word' id='word_1_248' title='bbox 1353 490 1401 526; x_wconf 77' lang='grc' dir='ltr'>τὴν</span> <span class='ocrx_word' id='word_1_249' title='bbox 1426 491 1454 516; x_wconf 83' lang='grc' dir='ltr'>ὲν</span> <span class='ocrx_word' id='word_1_250' title='bbox 1477 491 1509 526; x_wconf 84' lang='grc' dir='ltr'><strong>τῇ</strong></span> <span class='ocrx_word' id='word_1_251' title='bbox 1527 489 1641 525; x_wconf 73' lang='grc' dir='ltr'>δευτέρᾳ</span> <span class='ocrx_word' id='word_1_252' title='bbox 1664 489 1718 515; x_wconf 84' lang='grc' dir='ltr'>τῶν</span> <span class='ocrx_word' id='word_1_253' title='bbox 1743 489 1892 514; x_wconf 71' lang='grc' dir='ltr'>Βασιλειῶν</span> 
     </span>
    </p>
   </div>
   <div class='ocr_carea' id='block_1_39' title="bbox 1103 535 1894 574">
    <p class='ocr_par' dir='ltr' id='par_1_39' title="bbox 1103 535 1894 574">
     <span class='ocr_line' id='line_1_39' title="bbox 1103 535 1894 574; baseline -0.005 -10"><span class='ocrx_word' id='word_1_254' title='bbox 1103 538 1222 574; x_wconf 79' lang='grc' dir='ltr'><strong>ἱστορίαν</strong></span> <span class='ocrx_word' id='word_1_255' title='bbox 1244 538 1317 573; x_wconf 80' lang='grc' dir='ltr'>ἡμᾶς</span> <span class='ocrx_word' id='word_1_256' title='bbox 1341 537 1530 571; x_wconf 79' lang='grc' dir='ltr'><strong>παραπέμπει.</strong></span> <span class='ocrx_word' id='word_1_257' title='bbox 1547 535 1592 570; x_wconf 83' lang='grc' dir='ltr'>Τῷ</span> <span class='ocrx_word' id='word_1_258' title='bbox 1606 535 1686 562; x_wconf 76' lang='grc' dir='ltr'>Δαυῖδ</span> <span class='ocrx_word' id='word_1_259' title='bbox 1701 537 1733 561; x_wconf 83' lang='grc' dir='ltr'>ὲκ</span> <span class='ocrx_word' id='word_1_260' title='bbox 1756 535 1894 569; x_wconf 57' lang='grc' dir='ltr'>διαφόρων</span> 
     </span>
    </p>
   </div>
   <div class='ocr_carea' id='block_1_40' title="bbox 1101 581 1894 618">
    <p class='ocr_par' dir='ltr' id='par_1_40' title="bbox 1101 581 1894 618">
     <span class='ocr_line' id='line_1_40' title="bbox 1101 581 1894 618; baseline -0.005 -7"><span class='ocrx_word' id='word_1_261' title='bbox 1101 584 1238 618; x_wconf 84' lang='grc' dir='ltr'>γυναικῶν</span> <span class='ocrx_word' id='word_1_262' title='bbox 1254 584 1346 616; x_wconf 73' lang='grc' dir='ltr'>παῖδες</span> <span class='ocrx_word' id='word_1_263' title='bbox 1362 584 1484 617; x_wconf 78' lang='grc' dir='ltr'>ἐγένοντο</span> <span class='ocrx_word' id='word_1_264' title='bbox 1497 583 1627 614; x_wconf 79' lang='grc' dir='ltr'>πλείονες,</span> <span class='ocrx_word' id='word_1_265' title='bbox 1637 583 1680 609; x_wconf 87' lang='grc' dir='ltr'><strong>Ἐν</strong></span> <span class='ocrx_word' id='word_1_266' title='bbox 1693 583 1800 614; x_wconf 79' lang='grc' dir='ltr'>τούτοις</span> <span class='ocrx_word' id='word_1_267' title='bbox 1816 581 1865 608; x_wconf 78' lang='grc' dir='ltr'>καὶ</span> <span class='ocrx_word' id='word_1_268' title='bbox 1881 583 1894 607; x_wconf 82' lang='grc' dir='ltr'>ὁ</span> 
     </span>
    </p>
   </div>
   <div class='ocr_carea' id='block_1_41' title="bbox 1107 627 1894 666">
    <p class='ocr_par' dir='ltr' id='par_1_41' title="bbox 1107 627 1894 666">
     <span class='ocr_line' id='line_1_41' title="bbox 1107 627 1894 666; baseline -0.006 -8"><span class='ocrx_word' id='word_1_269' title='bbox 1107 630 1213 666; x_wconf 78' lang='grc' dir='ltr'>Ἀμνὼν</span> <span class='ocrx_word' id='word_1_270' title='bbox 1226 629 1260 666; x_wconf 80' lang='grc' dir='ltr'>ἦν</span> <span class='ocrx_word' id='word_1_271' title='bbox 1273 631 1443 666; x_wconf 83' lang='grc' dir='ltr'>πρωτότοκος</span> <span class='ocrx_word' id='word_1_272' title='bbox 1452 639 1459 645; x_wconf 89' lang='grc'>·</span> <span class='ocrx_word' id='word_1_273' title='bbox 1474 630 1502 663; x_wconf 77' lang='grc' dir='ltr'><strong>ἐξ</strong></span> <span class='ocrx_word' id='word_1_274' title='bbox 1527 630 1623 665; x_wconf 78' lang='grc' dir='ltr'>ἐτέρας</span> <span class='ocrx_word' id='word_1_275' title='bbox 1634 629 1662 655; x_wconf 71' lang='grc' dir='ltr'>δὲ</span> <span class='ocrx_word' id='word_1_276' title='bbox 1677 630 1690 655; x_wconf 84' lang='grc' dir='ltr'>ὁ</span> <span class='ocrx_word' id='word_1_277' title='bbox 1711 627 1894 662; x_wconf 75' lang='grc' dir='ltr'>Ἀῧεσσαλὼμ</span> 
     </span>
    </p>
   </div>
   <div class='ocr_carea' id='block_1_42' title="bbox 1103 673 1893 712">
    <p class='ocr_par' dir='ltr' id='par_1_42' title="bbox 1103 673 1893 712">
     <span class='ocr_line' id='line_1_42' title="bbox 1103 673 1893 712; baseline -0.005 -9"><span class='ocrx_word' id='word_1_278' title='bbox 1103 676 1151 703; x_wconf 76' lang='grc' dir='ltr'>καὶ</span> <span class='ocrx_word' id='word_1_279' title='bbox 1165 677 1181 712; x_wconf 84' lang='grc' dir='ltr'>ὴ</span> <span class='ocrx_word' id='word_1_280' title='bbox 1198 677 1307 712; x_wconf 80' lang='grc' dir='ltr'><strong>Θάμαρ,</strong></span> <span class='ocrx_word' id='word_1_281' title='bbox 1324 676 1407 711; x_wconf 79' lang='grc' dir='ltr'>ἄμφω</span> <span class='ocrx_word' id='word_1_282' title='bbox 1420 675 1468 711; x_wconf 81' lang='grc' dir='ltr'>τὴν</span> <span class='ocrx_word' id='word_1_283' title='bbox 1480 676 1540 710; x_wconf 68' lang='grc' dir='ltr'>ὄψιν</span> <span class='ocrx_word' id='word_1_284' title='bbox 1554 675 1640 702; x_wconf 75' lang='grc' dir='ltr'>καλοί.</span> <span class='ocrx_word' id='word_1_285' title='bbox 1652 673 1760 707; x_wconf 78' lang='grc' dir='ltr'><strong>Ταύτης</strong></span> <span class='ocrx_word' id='word_1_286' title='bbox 1785 673 1893 708; x_wconf 75' lang='grc' dir='ltr'>ἠράσθη</span> 
     </span>
    </p>
   </div>
   <div class='ocr_carea' id='block_1_43' title="bbox 1102 719 1894 757">
    <p class='ocr_par' dir='ltr' id='par_1_43' title="bbox 1102 719 1894 757">
     <span class='ocr_line' id='line_1_43' title="bbox 1102 719 1894 757; baseline -0.006 -8"><span class='ocrx_word' id='word_1_287' title='bbox 1102 723 1117 749; x_wconf 85' lang='grc' dir='ltr'>ὁ</span> <span class='ocrx_word' id='word_1_288' title='bbox 1139 721 1245 757; x_wconf 81' lang='grc' dir='ltr'>Ἀμνών</span> <span class='ocrx_word' id='word_1_289' title='bbox 1255 731 1262 737; x_wconf 90' lang='grc'><strong>·</strong></span> <span class='ocrx_word' id='word_1_290' title='bbox 1277 723 1324 749; x_wconf 77' lang='grc' dir='ltr'>καὶ</span> <span class='ocrx_word' id='word_1_291' title='bbox 1336 723 1424 749; x_wconf 80' lang='grc' dir='ltr'><strong>νοσεῖν</strong></span> <span class='ocrx_word' id='word_1_292' title='bbox 1438 721 1664 757; x_wconf 83' lang='grc' dir='ltr'>ὑποκρινάμενος,</span> <span class='ocrx_word' id='word_1_293' title='bbox 1677 719 1771 754; x_wconf 77' lang='grc' dir='ltr'>ἐπειδὴ</span> <span class='ocrx_word' id='word_1_294' title='bbox 1785 720 1800 745; x_wconf 80' lang='grc' dir='ltr'>ὁ</span> <span class='ocrx_word' id='word_1_295' title='bbox 1812 719 1894 745; x_wconf 68' lang='grc' dir='ltr'>Δα-δῖδ</span> 
     </span>
    </p>
   </div>
   <div class='ocr_carea' id='block_1_44' title="bbox 1103 764 1894 804">
    <p class='ocr_par' dir='ltr' id='par_1_44' title="bbox 1103 764 1894 804">
     <span class='ocr_line' id='line_1_44' title="bbox 1103 764 1894 804; baseline -0.006 -9"><span class='ocrx_word' id='word_1_296' title='bbox 1103 769 1184 796; x_wconf 77' lang='grc' dir='ltr'>αὐτὸν</span> <span class='ocrx_word' id='word_1_297' title='bbox 1196 768 1376 803; x_wconf 71' lang='grc' dir='ltr'>ἐπεσκέψατο,</span> <span class='ocrx_word' id='word_1_298' title='bbox 1392 769 1518 804; x_wconf 85' lang='grc' dir='ltr'>παρεῖναι</span> <span class='ocrx_word' id='word_1_299' title='bbox 1530 767 1606 802; x_wconf 73' lang='grc' dir='ltr'>ἠξίου</span> <span class='ocrx_word' id='word_1_300' title='bbox 1620 767 1669 802; x_wconf 80' lang='grc' dir='ltr'>τὴν</span> <span class='ocrx_word' id='word_1_301' title='bbox 1681 765 1799 800; x_wconf 72' lang='grc' dir='ltr'>ἀδελφὴν</span> <span class='ocrx_word' id='word_1_302' title='bbox 1811 764 1894 791; x_wconf 58' lang='grc' dir='ltr'>αὐτὴν</span> 
     </span>
    </p>
   </div>
   <div class='ocr_carea' id='block_1_45' title="bbox 1104 810 1894 849">
    <p class='ocr_par' dir='ltr' id='par_1_45' title="bbox 1104 810 1894 849">
     <span class='ocr_line' id='line_1_45' title="bbox 1104 810 1894 849; baseline -0.006 -8"><span class='ocrx_word' id='word_1_303' title='bbox 1104 814 1335 849; x_wconf 83' lang='grc' dir='ltr'>θεραπεύσουσαν.</span> <span class='ocrx_word' id='word_1_304' title='bbox 1345 813 1399 840; x_wconf 73' lang='grc' dir='ltr'><strong>Καὶ</strong></span> <span class='ocrx_word' id='word_1_305' title='bbox 1412 813 1580 848; x_wconf 76' lang='grc' dir='ltr'><strong>διαφθείρας,</strong></span> <span class='ocrx_word' id='word_1_306' title='bbox 1596 810 1655 838; x_wconf 77' lang='grc' dir='ltr'>εἶτα</span> <span class='ocrx_word' id='word_1_307' title='bbox 1671 812 1799 846; x_wconf 77' lang='grc' dir='ltr'><strong>μισήσας,</strong></span> <span class='ocrx_word' id='word_1_308' title='bbox 1813 810 1894 841; x_wconf 69' lang='grc' dir='ltr'>εὐθὺς</span> 
     </span>
    </p>
   </div>
   <div class='ocr_carea' id='block_1_46' title="bbox 1104 855 1894 894">
    <p class='ocr_par' dir='ltr' id='par_1_46' title="bbox 1104 855 1894 894">
     <span class='ocr_line' id='line_1_46' title="bbox 1104 855 1894 894; baseline -0.008 -8"><span class='ocrx_word' id='word_1_309' title='bbox 1104 859 1306 894; x_wconf 79' lang='grc' dir='ltr'>ὲξέπεμψεν.Ἦ</span> <span class='ocrx_word' id='word_1_310' title='bbox 1319 859 1347 885; x_wconf 81' lang='grc' dir='ltr'>δὲ</span> <span class='ocrx_word' id='word_1_311' title='bbox 1371 858 1410 894; x_wconf 84' lang='grc' dir='ltr'><strong>τῷ</strong></span> <span class='ocrx_word' id='word_1_312' title='bbox 1434 858 1539 893; x_wconf 79' lang='grc' dir='ltr'>ἀδελφῷ</span> <span class='ocrx_word' id='word_1_313' title='bbox 1559 856 1734 892; x_wconf 77' lang='grc' dir='ltr'>Ἀὖεσσαλὼμ</span> <span class='ocrx_word' id='word_1_314' title='bbox 1746 856 1795 891; x_wconf 81' lang='grc' dir='ltr'>τὴν</span> <span class='ocrx_word' id='word_1_315' title='bbox 1813 855 1894 890; x_wconf 80' lang='grc' dir='ltr'>ὖὸριν</span> 
     </span>
    </p>
   </div>
   <div class='ocr_carea' id='block_1_47' title="bbox 1103 901 1893 940">
    <p class='ocr_par' dir='ltr' id='par_1_47' title="bbox 1103 901 1893 940">
     <span class='ocr_line' id='line_1_47' title="bbox 1103 901 1893 940; baseline -0.006 -9"><span class='ocrx_word' id='word_1_316' title='bbox 1103 905 1263 940; x_wconf 82' lang='grc' dir='ltr'>ἀπήγγειλε.</span> <span class='ocrx_word' id='word_1_317' title='bbox 1276 905 1408 936; x_wconf 80' lang='grc' dir='ltr'>Κάκεῖνος</span> <span class='ocrx_word' id='word_1_318' title='bbox 1425 904 1574 938; x_wconf 84' lang='grc' dir='ltr'>ἀγανακτεῖ</span> <span class='ocrx_word' id='word_1_319' title='bbox 1595 903 1652 938; x_wconf 85' lang='grc' dir='ltr'>μὲν,</span> <span class='ocrx_word' id='word_1_320' title='bbox 1667 901 1782 938; x_wconf 80' lang='grc' dir='ltr'><strong>κρύπτει</strong></span> <span class='ocrx_word' id='word_1_321' title='bbox 1802 901 1829 927; x_wconf 82' lang='grc' dir='ltr'>δὲ</span> <span class='ocrx_word' id='word_1_322' title='bbox 1844 901 1893 935; x_wconf 75' lang='grc' dir='ltr'>τὴν</span> 
     </span>
    </p>
   </div>
   <div class='ocr_carea' id='block_1_48' title="bbox 1102 948 1895 986">
    <p class='ocr_par' dir='ltr' id='par_1_48' title="bbox 1102 948 1895 986">
     <span class='ocr_line' id='line_1_48' title="bbox 1102 948 1895 986; baseline -0.005 -9"><span class='ocrx_word' id='word_1_323' title='bbox 1102 951 1198 986; x_wconf 81' lang='grc' dir='ltr'><strong>ὀργήν.</strong></span> <span class='ocrx_word' id='word_1_324' title='bbox 1216 950 1295 977; x_wconf 67' lang='grc' dir='ltr'>Μετὰ</span> <span class='ocrx_word' id='word_1_325' title='bbox 1310 958 1370 977; x_wconf 92' lang='grc' dir='ltr'>τινα</span> <span class='ocrx_word' id='word_1_326' title='bbox 1386 950 1415 976; x_wconf 80' lang='grc' dir='ltr'>δὲ</span> <span class='ocrx_word' id='word_1_327' title='bbox 1436 950 1529 985; x_wconf 78' lang='grc' dir='ltr'>καιρὸν</span> <span class='ocrx_word' id='word_1_328' title='bbox 1544 949 1589 976; x_wconf 83' lang='grc' dir='ltr'>τὸν</span> <span class='ocrx_word' id='word_1_329' title='bbox 1610 948 1715 984; x_wconf 79' lang='grc' dir='ltr'>Ἀμνὼν</span> <span class='ocrx_word' id='word_1_330' title='bbox 1729 949 1769 980; x_wconf 79' lang='grc' dir='ltr'><strong>εις</strong></span> <span class='ocrx_word' id='word_1_331' title='bbox 1786 949 1895 974; x_wconf 78' lang='grc' dir='ltr'>δεῖπνον</span> 
     </span>
    </p>
   </div>
   <div class='ocr_carea' id='block_1_49' title="bbox 1103 994 1894 1031">
    <p class='ocr_par' dir='ltr' id='par_1_49' title="bbox 1103 994 1894 1031">
     <span class='ocr_line' id='line_1_49' title="bbox 1103 994 1894 1031; baseline -0.003 -9"><span class='ocrx_word' id='word_1_332' title='bbox 1103 996 1230 1028; x_wconf 78' lang='grc' dir='ltr'>καλέσας,</span> <span class='ocrx_word' id='word_1_333' title='bbox 1244 997 1397 1027; x_wconf 76' lang='grc' dir='ltr'>ἀπέκτεινε,</span> <span class='ocrx_word' id='word_1_334' title='bbox 1413 996 1460 1022; x_wconf 67' lang='grc' dir='ltr'>καὶ</span> <span class='ocrx_word' id='word_1_335' title='bbox 1475 995 1602 1031; x_wconf 75' lang='grc' dir='ltr'>φοϐηθεὶς</span> <span class='ocrx_word' id='word_1_336' title='bbox 1618 995 1666 1030; x_wconf 85' lang='grc' dir='ltr'>τὴν</span> <span class='ocrx_word' id='word_1_337' title='bbox 1680 994 1765 1030; x_wconf 78' lang='grc' dir='ltr'>ὀργὴν</span> <span class='ocrx_word' id='word_1_338' title='bbox 1775 994 1824 1020; x_wconf 74' lang='grc' dir='ltr'>τοῦ</span> <span class='ocrx_word' id='word_1_339' title='bbox 1840 1002 1894 1020; x_wconf 78' lang='grc' dir='ltr'>πα-</span> 
     </span>
    </p>
   </div>
   <div class='ocr_carea' id='block_1_50' title="bbox 1103 1039 1894 1076">
    <p class='ocr_par' dir='ltr' id='par_1_50' title="bbox 1103 1039 1894 1076">
     <span class='ocr_line' id='line_1_50' title="bbox 1103 1039 1894 1076; baseline -0.003 -9"><span class='ocrx_word' id='word_1_340' title='bbox 1103 1041 1176 1076; x_wconf 79' lang='grc' dir='ltr'>τρὸς,</span> <span class='ocrx_word' id='word_1_341' title='bbox 1188 1041 1312 1075; x_wconf 80' lang='grc' dir='ltr'>ἀπέφυγε</span> <span class='ocrx_word' id='word_1_342' title='bbox 1321 1049 1327 1056; x_wconf 87' lang='grc'>·</span> <span class='ocrx_word' id='word_1_343' title='bbox 1347 1041 1415 1076; x_wconf 79' lang='grc' dir='ltr'>μετὰ</span> <span class='ocrx_word' id='word_1_344' title='bbox 1428 1040 1456 1066; x_wconf 82' lang='grc' dir='ltr'>δὲ</span> <span class='ocrx_word' id='word_1_345' title='bbox 1468 1040 1530 1075; x_wconf 85' lang='grc' dir='ltr'>τρία</span> <span class='ocrx_word' id='word_1_346' title='bbox 1542 1040 1588 1074; x_wconf 75' lang='grc' dir='ltr'>ἔτη</span> <span class='ocrx_word' id='word_1_347' title='bbox 1599 1040 1732 1071; x_wconf 84' lang='grc' dir='ltr'>ἐπάνεισι,</span> <span class='ocrx_word' id='word_1_348' title='bbox 1743 1039 1790 1066; x_wconf 82' lang='grc' dir='ltr'>τοῦ</span> <span class='ocrx_word' id='word_1_349' title='bbox 1806 1039 1894 1074; x_wconf 61' lang='lat' dir='ltr'><strong>eaput&quot;:</strong></span> 
     </span>
    </p>
   </div>
   <div class='ocr_carea' id='block_1_51' title="bbox 1103 1086 1893 1122">
    <p class='ocr_par' dir='ltr' id='par_1_51' title="bbox 1103 1086 1893 1122">
     <span class='ocr_line' id='line_1_51' title="bbox 1103 1086 1893 1122; baseline -0.001 -9"><span class='ocrx_word' id='word_1_350' title='bbox 1103 1087 1272 1118; x_wconf 81' lang='grc' dir='ltr'>κοπάσαντος</span> <span class='ocrx_word' id='word_1_351' title='bbox 1295 1086 1334 1122; x_wconf 88' lang='grc' dir='ltr'>τῷ</span> <span class='ocrx_word' id='word_1_352' title='bbox 1357 1086 1447 1113; x_wconf 80' lang='grc' dir='ltr'>Δαυῖδ.</span> <span class='ocrx_word' id='word_1_353' title='bbox 1467 1087 1504 1113; x_wconf 77' lang='grc' dir='ltr'><strong>Οὐ</strong></span> <span class='ocrx_word' id='word_1_354' title='bbox 1523 1086 1575 1122; x_wconf 88' lang='grc' dir='ltr'>μὴν</span> <span class='ocrx_word' id='word_1_355' title='bbox 1590 1087 1637 1113; x_wconf 59' lang='grc' dir='ltr'><strong>καλ⁵</strong></span> <span class='ocrx_word' id='word_1_356' title='bbox 1658 1086 1744 1121; x_wconf 72' lang='grc' dir='ltr'>ὂψεως</span> <span class='ocrx_word' id='word_1_357' title='bbox 1770 1086 1893 1118; x_wconf 69' lang='grc' dir='ltr'>ἀξιοῦται</span> 
     </span>
    </p>
   </div>
   <div class='ocr_carea' id='block_1_52' title="bbox 1103 1131 1894 1168">
    <p class='ocr_par' dir='ltr' id='par_1_52' title="bbox 1103 1131 1894 1168">
     <span class='ocr_line' id='line_1_52' title="bbox 1103 1131 1894 1168; baseline -0.001 -9"><span class='ocrx_word' id='word_1_358' title='bbox 1103 1132 1152 1168; x_wconf 78' lang='grc' dir='ltr'>τῆς</span> <span class='ocrx_word' id='word_1_359' title='bbox 1167 1132 1305 1168; x_wconf 83' lang='grc' dir='ltr'><strong>πατρικῆς</strong></span> <span class='ocrx_word' id='word_1_360' title='bbox 1324 1132 1431 1164; x_wconf 82' lang='grc' dir='ltr'>αὐτίκα,</span> <span class='ocrx_word' id='word_1_361' title='bbox 1445 1131 1512 1159; x_wconf 82' lang='grc' dir='ltr'>ἀλλὰ</span> <span class='ocrx_word' id='word_1_362' title='bbox 1525 1132 1594 1167; x_wconf 81' lang='grc' dir='ltr'>μετὰ</span> <span class='ocrx_word' id='word_1_363' title='bbox 1605 1131 1652 1159; x_wconf 87' lang='grc' dir='ltr'>δύο</span> <span class='ocrx_word' id='word_1_364' title='bbox 1666 1131 1816 1162; x_wconf 77' lang='grc' dir='ltr'>ἐνιαυτούς.</span> <span class='ocrx_word' id='word_1_365' title='bbox 1825 1132 1894 1167; x_wconf 77' lang='grc' dir='ltr'><strong>Ἥρ-</strong></span> 
     </span>
    </p>
   </div>
   <div class='ocr_carea' id='block_1_53' title="bbox 1103 1177 1894 1214">
    <p class='ocr_par' dir='ltr' id='par_1_53' title="bbox 1103 1177 1894 1214">
     <span class='ocr_line' id='line_1_53' title="bbox 1103 1177 1894 1214; baseline 0.001 -10"><span class='ocrx_word' id='word_1_366' title='bbox 1103 1178 1167 1211; x_wconf 82' lang='grc' dir='ltr'>ξατο</span> <span class='ocrx_word' id='word_1_367' title='bbox 1188 1178 1216 1205; x_wconf 80' lang='grc' dir='ltr'>δὲ</span> <span class='ocrx_word' id='word_1_368' title='bbox 1242 1178 1427 1205; x_wconf 77' lang='grc' dir='ltr'>ἐπιϐουλεύειν</span> <span class='ocrx_word' id='word_1_369' title='bbox 1442 1178 1481 1213; x_wconf 82' lang='grc' dir='ltr'>τῷ</span> <span class='ocrx_word' id='word_1_370' title='bbox 1497 1178 1592 1214; x_wconf 74' lang='grc' dir='ltr'>πατρὶ,</span> <span class='ocrx_word' id='word_1_371' title='bbox 1612 1179 1659 1205; x_wconf 79' lang='grc' dir='ltr'>καὶ</span> <span class='ocrx_word' id='word_1_372' title='bbox 1673 1178 1785 1214; x_wconf 69' lang='grc' dir='ltr'>ἅρματα</span> <span class='ocrx_word' id='word_1_373' title='bbox 1803 1177 1894 1212; x_wconf 69' lang='grc' dir='ltr'>ἑαυτῷ</span> 
     </span>
    </p>
   </div>
   <div class='ocr_carea' id='block_1_54' title="bbox 1103 1224 1894 1259">
    <p class='ocr_par' dir='ltr' id='par_1_54' title="bbox 1103 1224 1894 1259">
     <span class='ocr_line' id='line_1_54' title="bbox 1103 1224 1894 1259; baseline 0 -9"><span class='ocrx_word' id='word_1_374' title='bbox 1103 1224 1150 1250; x_wconf 77' lang='grc' dir='ltr'>καὶ</span> <span class='ocrx_word' id='word_1_375' title='bbox 1168 1225 1261 1255; x_wconf 76' lang='grc' dir='ltr'>ἱππεῖς</span> <span class='ocrx_word' id='word_1_376' title='bbox 1275 1224 1395 1258; x_wconf 77' lang='grc' dir='ltr'>ἐποίησε,</span> <span class='ocrx_word' id='word_1_377' title='bbox 1413 1224 1459 1250; x_wconf 70' lang='grc' dir='ltr'>καὶ</span> <span class='ocrx_word' id='word_1_378' title='bbox 1477 1224 1628 1250; x_wconf 82' lang='grc' dir='ltr'>ιδιοποιείτο</span> <span class='ocrx_word' id='word_1_379' title='bbox 1648 1224 1710 1254; x_wconf 79' lang='grc' dir='ltr'>τοὺς</span> <span class='ocrx_word' id='word_1_380' title='bbox 1727 1224 1894 1259; x_wconf 73' lang='grc' dir='ltr'><strong>ἐρχομένους</strong></span> 
     </span>
    </p>
   </div>
   <div class='ocr_carea' id='block_1_55' title="bbox 1104 1268 1894 1305">
    <p class='ocr_par' dir='ltr' id='par_1_55' title="bbox 1104 1268 1894 1305">
     <span class='ocr_line' id='line_1_55' title="bbox 1104 1268 1894 1305; baseline 0.003 -11"><span class='ocrx_word' id='word_1_381' title='bbox 1104 1268 1232 1303; x_wconf 82' lang='grc' dir='ltr'>κριθῆναι</span> <span class='ocrx_word' id='word_1_382' title='bbox 1249 1268 1315 1304; x_wconf 78' lang='grc' dir='ltr'>πρὸς</span> <span class='ocrx_word' id='word_1_383' title='bbox 1331 1269 1376 1296; x_wconf 84' lang='grc' dir='ltr'>τὸν</span> <span class='ocrx_word' id='word_1_384' title='bbox 1396 1269 1516 1304; x_wconf 81' lang='grc' dir='ltr'><strong>βασιλέα,</strong></span> <span class='ocrx_word' id='word_1_385' title='bbox 1531 1270 1648 1305; x_wconf 87' lang='grc' dir='ltr'>σχήματι</span> <span class='ocrx_word' id='word_1_386' title='bbox 1671 1270 1823 1302; x_wconf 80' lang='grc' dir='ltr'>ἐπιεικείας</span> <span class='ocrx_word' id='word_1_387' title='bbox 1844 1271 1894 1296; x_wconf 80' lang='grc' dir='ltr'><strong>ὐπ-</strong></span> 
     </span>
    </p>
   </div>
   <div class='ocr_carea' id='block_1_56' title="bbox 1103 1314 1893 1350">
    <p class='ocr_par' dir='ltr' id='par_1_56' title="bbox 1103 1314 1893 1350">
     <span class='ocr_line' id='line_1_56' title="bbox 1103 1314 1893 1350; baseline 0.001 -10"><span class='ocrx_word' id='word_1_388' title='bbox 1103 1314 1236 1349; x_wconf 77' lang='grc' dir='ltr'>αγὸμενος</span> <span class='ocrx_word' id='word_1_389' title='bbox 1252 1314 1315 1346; x_wconf 76' lang='grc' dir='ltr'>τοὺς</span> <span class='ocrx_word' id='word_1_390' title='bbox 1328 1315 1473 1350; x_wconf 76' lang='grc' dir='ltr'><strong>ὑπηκόους,</strong></span> <span class='ocrx_word' id='word_1_391' title='bbox 1484 1315 1531 1342; x_wconf 68' lang='grc' dir='ltr'>καὶ</span> <span class='ocrx_word' id='word_1_392' title='bbox 1545 1314 1646 1348; x_wconf 74' lang='grc' dir='ltr'>πλῆθος</span> <span class='ocrx_word' id='word_1_393' title='bbox 1659 1315 1821 1342; x_wconf 82' lang='grc' dir='ltr'>ἀποστατῶν</span> <span class='ocrx_word' id='word_1_394' title='bbox 1833 1324 1893 1342; x_wconf 76' lang='grc' dir='ltr'>συν-</span> 
     </span>
    </p>
   </div>
   <div class='ocr_carea' id='block_1_57' title="bbox 1104 1357 1894 1395">
    <p class='ocr_par' dir='ltr' id='par_1_57' title="bbox 1104 1357 1894 1395">
     <span class='ocr_line' id='line_1_57' title="bbox 1104 1357 1894 1395; baseline 0.004 -11"><span class='ocrx_word' id='word_1_395' title='bbox 1104 1357 1247 1393; x_wconf 78' lang='grc' dir='ltr'>αθροίζων,</span> <span class='ocrx_word' id='word_1_396' title='bbox 1264 1359 1304 1390; x_wconf 86' lang='grc' dir='ltr'>εις</span> <span class='ocrx_word' id='word_1_397' title='bbox 1319 1358 1464 1395; x_wconf 70' lang='grc' dir='ltr'>ἐπιϐουλὴν</span> <span class='ocrx_word' id='word_1_398' title='bbox 1480 1359 1526 1385; x_wconf 81' lang='grc' dir='ltr'><strong>τοῦ</strong></span> <span class='ocrx_word' id='word_1_399' title='bbox 1552 1359 1662 1395; x_wconf 82' lang='grc' dir='ltr'>πατρός.</span> <span class='ocrx_word' id='word_1_400' title='bbox 1679 1360 1734 1387; x_wconf 73' lang='grc' dir='ltr'><strong>Καὶ</strong></span> <span class='ocrx_word' id='word_1_401' title='bbox 1747 1360 1826 1392; x_wconf 80' lang='grc' dir='ltr'>τέλος</span> <span class='ocrx_word' id='word_1_402' title='bbox 1845 1361 1894 1387; x_wconf 79' lang='grc' dir='ltr'><strong>ἀπ-</strong></span> 
     </span>
    </p>
   </div>
   <div class='ocr_carea' id='block_1_58' title="bbox 1104 1403 1894 1441">
    <p class='ocr_par' dir='ltr' id='par_1_58' title="bbox 1104 1403 1894 1441">
     <span class='ocr_line' id='line_1_58' title="bbox 1104 1403 1894 1441; baseline 0.004 -12"><span class='ocrx_word' id='word_1_403' title='bbox 1104 1403 1179 1438; x_wconf 81' lang='grc' dir='ltr'>έστη,</span> <span class='ocrx_word' id='word_1_404' title='bbox 1199 1403 1246 1430; x_wconf 73' lang='grc' dir='ltr'>καὶ</span> <span class='ocrx_word' id='word_1_405' title='bbox 1263 1403 1375 1438; x_wconf 81' lang='grc' dir='ltr'>βασιλέα</span> <span class='ocrx_word' id='word_1_406' title='bbox 1396 1405 1491 1432; x_wconf 79' lang='grc' dir='ltr'>ἑαυτὸν</span> <span class='ocrx_word' id='word_1_407' title='bbox 1507 1406 1682 1441; x_wconf 84' lang='grc' dir='ltr'>ἀνηγόρευσε.</span> <span class='ocrx_word' id='word_1_408' title='bbox 1706 1406 1894 1441; x_wconf 75' lang='grc' dir='ltr'>Προσελάεετο</span> 
     </span>
    </p>
   </div>
   <div class='ocr_carea' id='block_1_59' title="bbox 1104 1448 1895 1486">
    <p class='ocr_par' dir='ltr' id='par_1_59' title="bbox 1104 1448 1895 1486">
     <span class='ocr_line' id='line_1_59' title="bbox 1104 1448 1895 1486; baseline 0.006 -12"><span class='ocrx_word' id='word_1_409' title='bbox 1104 1448 1132 1474; x_wconf 82' lang='grc' dir='ltr'>δὲ</span> <span class='ocrx_word' id='word_1_410' title='bbox 1149 1450 1196 1476; x_wconf 82' lang='grc' dir='ltr'>σὺν</span> <span class='ocrx_word' id='word_1_411' title='bbox 1213 1449 1302 1481; x_wconf 82' lang='grc' dir='ltr'>ἄλλοις</span> <span class='ocrx_word' id='word_1_412' title='bbox 1324 1450 1430 1482; x_wconf 86' lang='grc' dir='ltr'>πολλοῖς</span> <span class='ocrx_word' id='word_1_413' title='bbox 1451 1452 1496 1477; x_wconf 78' lang='grc' dir='ltr'>καὶ</span> <span class='ocrx_word' id='word_1_414' title='bbox 1511 1451 1556 1477; x_wconf 84' lang='grc' dir='ltr'>τὸν</span> <span class='ocrx_word' id='word_1_415' title='bbox 1576 1451 1724 1486; x_wconf 75' lang='grc' dir='ltr'>Ἀχιτόφελ,</span> <span class='ocrx_word' id='word_1_416' title='bbox 1741 1452 1772 1478; x_wconf 81' lang='grc' dir='ltr'>ὃν</span> <span class='ocrx_word' id='word_1_417' title='bbox 1785 1453 1800 1479; x_wconf 78' lang='grc' dir='ltr'>ὁ</span> <span class='ocrx_word' id='word_1_418' title='bbox 1813 1453 1895 1480; x_wconf 71' lang='grc' dir='ltr'><strong>Δαυῖδ</strong></span> 
     </span>
    </p>
   </div>
   <div class='ocr_carea' id='block_1_60' title="bbox 1105 1492 1893 1533">
    <p class='ocr_par' dir='ltr' id='par_1_60' title="bbox 1105 1492 1893 1533">
     <span class='ocr_line' id='line_1_60' title="bbox 1105 1492 1893 1533; baseline 0.005 -13"><span class='ocrx_word' id='word_1_419' title='bbox 1105 1492 1162 1529; x_wconf 75' lang='grc' dir='ltr'>εἶχε</span> <span class='ocrx_word' id='word_1_420' title='bbox 1177 1494 1338 1530; x_wconf 83' lang='grc' dir='ltr'>σύμὸουλον,</span> <span class='ocrx_word' id='word_1_421' title='bbox 1355 1496 1439 1531; x_wconf 80' lang='grc' dir='ltr'>ἄνδρα</span> <span class='ocrx_word' id='word_1_422' title='bbox 1456 1496 1542 1524; x_wconf 78' lang='grc' dir='ltr'>δεινὸν</span> <span class='ocrx_word' id='word_1_423' title='bbox 1560 1498 1608 1524; x_wconf 79' lang='grc' dir='ltr'>καὶ</span> <span class='ocrx_word' id='word_1_424' title='bbox 1623 1497 1797 1533; x_wconf 83' lang='grc' dir='ltr'>δραστήριον.</span> <span class='ocrx_word' id='word_1_425' title='bbox 1814 1499 1870 1525; x_wconf 66' lang='grc' dir='ltr'><strong>Καὶ</strong></span> <span class='ocrx_word' id='word_1_426' title='bbox 1880 1499 1893 1524; x_wconf 83' lang='grc'>6</span> 
     </span>
    </p>
   </div>
   <div class='ocr_carea' id='block_1_61' title="bbox 265 1539 1062 1580">
    <p class='ocr_par' dir='ltr' id='par_1_61' title="bbox 265 1539 1053 1577">
     <span class='ocr_line' id='line_1_61' title="bbox 265 1539 1053 1577; baseline 0.009 -12"><span class='ocrx_word' id='word_1_427' title='bbox 265 1547 328 1566; x_wconf 90' lang='lat' dir='ltr'><strong>cum</strong></span> <span class='ocrx_word' id='word_1_428' title='bbox 345 1539 389 1572; x_wconf 89' lang='lat' dir='ltr'><strong>iis,</strong></span> <span class='ocrx_word' id='word_1_429' title='bbox 399 1540 446 1574; x_wconf 85' lang='lat' dir='ltr'><strong>qui</strong></span> <span class='ocrx_word' id='word_1_430' title='bbox 458 1540 530 1567; x_wconf 85' lang='lat' dir='ltr'><strong>circa</strong></span> <span class='ocrx_word' id='word_1_431' title='bbox 542 1540 631 1575; x_wconf 89' lang='lat' dir='ltr'><strong>ipsum</strong></span> <span class='ocrx_word' id='word_1_432' title='bbox 644 1546 732 1574; x_wconf 88' lang='lat' dir='ltr'><strong>erant,</strong></span> <span class='ocrx_word' id='word_1_433' title='bbox 748 1543 829 1570; x_wconf 90' lang='lat' dir='ltr'><strong>nudis</strong></span> <span class='ocrx_word' id='word_1_434' title='bbox 841 1543 964 1577; x_wconf 80' lang='lat' dir='ltr'><strong>pedibus.</strong></span> <span class='ocrx_word' id='word_1_435' title='bbox 975 1543 1053 1572; x_wconf 88' lang='lat' dir='ltr'><strong>Tunc</strong></span> 
     </span>
    </p>
   </div>
   <div class='ocr_carea' id='block_1_62' title="bbox 1106 1539 1894 1580">
    <p class='ocr_par' dir='ltr' id='par_1_62' title="bbox 1106 1540 1894 1580">
     <span class='ocr_line' id='line_1_62' title="bbox 1106 1540 1894 1580; baseline 0.005 -14"><span class='ocrx_word' id='word_1_436' title='bbox 1106 1540 1185 1567; x_wconf 83' lang='grc' dir='ltr'>Δαυτδ</span> <span class='ocrx_word' id='word_1_437' title='bbox 1197 1541 1325 1572; x_wconf 83' lang='grc' dir='ltr'>ἀκούσας,</span> <span class='ocrx_word' id='word_1_438' title='bbox 1340 1542 1433 1576; x_wconf 78' lang='grc' dir='ltr'>φεύγει</span> <span class='ocrx_word' id='word_1_439' title='bbox 1458 1543 1526 1577; x_wconf 76' lang='grc' dir='ltr'>μετὰ</span> <span class='ocrx_word' id='word_1_440' title='bbox 1539 1543 1592 1569; x_wconf 84' lang='grc' dir='ltr'>τῶν</span> <span class='ocrx_word' id='word_1_441' title='bbox 1608 1544 1671 1578; x_wconf 71' lang='grc' dir='ltr'>περὶ</span> <span class='ocrx_word' id='word_1_442' title='bbox 1682 1543 1764 1570; x_wconf 78' lang='grc' dir='ltr'>αὑτὸν</span> <span class='ocrx_word' id='word_1_443' title='bbox 1779 1545 1894 1580; x_wconf 75' lang='grc' dir='ltr'>γυμνοῖς</span> 
     </span>
    </p>
   </div>
   <div class='ocr_carea' id='block_1_63' title="bbox 265 1585 1054 1621">
    <p class='ocr_par' dir='ltr' id='par_1_63' title="bbox 265 1585 1054 1621">
     <span class='ocr_line' id='line_1_63' title="bbox 265 1585 1054 1621; baseline 0.006 -9"><span class='ocrx_word' id='word_1_444' title='bbox 265 1586 346 1613; x_wconf 84' lang='lat' dir='ltr'><strong>etiam</strong></span> <span class='ocrx_word' id='word_1_445' title='bbox 372 1585 461 1613; x_wconf 87' lang='lat' dir='ltr'><strong>Semei</strong></span> <span class='ocrx_word' id='word_1_446' title='bbox 486 1587 575 1621; x_wconf 86' lang='lat' dir='ltr'><strong>ipsum</strong></span> <span class='ocrx_word' id='word_1_447' title='bbox 598 1593 757 1616; x_wconf 83' lang='lat' dir='ltr'><strong>exsecratus</strong></span> <span class='ocrx_word' id='word_1_448' title='bbox 778 1593 829 1616; x_wconf 88' lang='lat' dir='ltr'><strong>est.</strong></span> <span class='ocrx_word' id='word_1_449' title='bbox 848 1589 977 1617; x_wconf 88' lang='lat' dir='ltr'><strong>Precatus</strong></span> <span class='ocrx_word' id='word_1_450' title='bbox 989 1599 1054 1618; x_wconf 90' lang='lat' dir='ltr'><strong>vero</strong></span> 
     </span>
    </p>
   </div>
   <div class='ocr_carea' id='block_1_64' title="bbox 265 1631 1054 1669">
    <p class='ocr_par' dir='ltr' id='par_1_64' title="bbox 265 1631 1054 1669">
     <span class='ocr_line' id='line_1_64' title="bbox 265 1631 1054 1669; baseline 0.008 -11"><span class='ocrx_word' id='word_1_451' title='bbox 265 1631 362 1665; x_wconf 77' lang='lat' dir='ltr'><strong>David,</strong></span> <span class='ocrx_word' id='word_1_452' title='bbox 382 1636 410 1659; x_wconf 91' lang='lat' dir='ltr'><strong>ut</strong></span> <span class='ocrx_word' id='word_1_453' title='bbox 431 1631 504 1660; x_wconf 85' lang='lat' dir='ltr'><strong>Deus</strong></span> <span class='ocrx_word' id='word_1_454' title='bbox 526 1633 670 1659; x_wconf 74' lang='lat' dir='ltr'><strong>consilium</strong></span> <span class='ocrx_word' id='word_1_455' title='bbox 685 1633 873 1669; x_wconf 84' lang='lat' dir='ltr'><strong>Achitopbelis</strong></span> <span class='ocrx_word' id='word_1_456' title='bbox 887 1635 951 1662; x_wconf 83' lang='lat' dir='ltr'><strong>velit</strong></span> <span class='ocrx_word' id='word_1_457' title='bbox 966 1635 1054 1664; x_wconf 79' lang='lat' dir='ltr'><strong>facere</strong></span> 
     </span>
    </p>
   </div>
   <div class='ocr_carea' id='block_1_65' title="bbox 265 1677 1054 1715">
    <p class='ocr_par' dir='ltr' id='par_1_65' title="bbox 265 1677 1054 1715">
     <span class='ocr_line' id='line_1_65' title="bbox 265 1677 1054 1715; baseline 0.005 -11"><span class='ocrx_word' id='word_1_458' title='bbox 265 1677 387 1710; x_wconf 85' lang='lat' dir='ltr'><strong>irritum,</strong></span> <span class='ocrx_word' id='word_1_459' title='bbox 401 1678 536 1705; x_wconf 84' lang='lat' dir='ltr'><strong>submittit</strong></span> <span class='ocrx_word' id='word_1_460' title='bbox 552 1678 632 1705; x_wconf 85' lang='lat' dir='ltr'><strong>etiam</strong></span> <span class='ocrx_word' id='word_1_461' title='bbox 650 1677 746 1711; x_wconf 86' lang='lat' dir='ltr'><strong>Chusi,</strong></span> <span class='ocrx_word' id='word_1_462' title='bbox 765 1679 883 1706; x_wconf 88' lang='lat' dir='ltr'><strong>amicum</strong></span> <span class='ocrx_word' id='word_1_463' title='bbox 899 1689 991 1713; x_wconf 87' lang='lat' dir='ltr'><strong>suum,</strong></span> <span class='ocrx_word' id='word_1_464' title='bbox 1007 1681 1054 1715; x_wconf 92' lang='lat' dir='ltr'><strong>qui</strong></span> 
     </span>
    </p>
   </div>
   <div class='ocr_carea' id='block_1_66' title="bbox 265 1724 1055 1760">
    <p class='ocr_par' dir='ltr' id='par_1_66' title="bbox 265 1724 1055 1760">
     <span class='ocr_line' id='line_1_66' title="bbox 265 1724 1055 1760; baseline 0.006 -11"><span class='ocrx_word' id='word_1_465' title='bbox 265 1724 407 1750; x_wconf 68' lang='lat' dir='ltr'><strong>sententiae</strong></span> <span class='ocrx_word' id='word_1_466' title='bbox 428 1724 501 1751; x_wconf 84' lang='lat' dir='ltr'><strong>illius</strong></span> <span class='ocrx_word' id='word_1_467' title='bbox 517 1725 698 1755; x_wconf 85' lang='lat' dir='ltr'><strong>contradicat.</strong></span> <span class='ocrx_word' id='word_1_468' title='bbox 715 1732 747 1752; x_wconf 85' lang='lat' dir='ltr'><strong>ac</strong></span> <span class='ocrx_word' id='word_1_469' title='bbox 762 1733 809 1760; x_wconf 89' lang='lat' dir='ltr'><strong>per</strong></span> <span class='ocrx_word' id='word_1_470' title='bbox 834 1727 990 1754; x_wconf 85' lang='lat' dir='ltr'><strong>sacerdotes</strong></span> <span class='ocrx_word' id='word_1_471' title='bbox 1005 1726 1055 1754; x_wconf 85' lang='lat' dir='ltr'><strong>Sa-</strong></span> 
     </span>
    </p>
   </div>
   <div class='ocr_carea' id='block_1_67' title="bbox 265 1769 1056 1807">
    <p class='ocr_par' dir='ltr' id='par_1_67' title="bbox 265 1769 1056 1807">
     <span class='ocr_line' id='line_1_67' title="bbox 265 1769 1056 1807; baseline 0.006 -12"><span class='ocrx_word' id='word_1_472' title='bbox 265 1769 365 1796; x_wconf 86' lang='lat' dir='ltr'><strong>docum</strong></span> <span class='ocrx_word' id='word_1_473' title='bbox 381 1774 408 1796; x_wconf 84' lang='lat' dir='ltr'><strong>et</strong></span> <span class='ocrx_word' id='word_1_474' title='bbox 423 1770 598 1797; x_wconf 78' lang='lat' dir='ltr'><strong>Abiatharem</strong></span> <span class='ocrx_word' id='word_1_475' title='bbox 619 1771 671 1798; x_wconf 88' lang='lat' dir='ltr'><strong>sibi</strong></span> <span class='ocrx_word' id='word_1_476' title='bbox 684 1772 777 1798; x_wconf 88' lang='lat' dir='ltr'><strong>omnia</strong></span> <span class='ocrx_word' id='word_1_477' title='bbox 795 1771 927 1807; x_wconf 76' lang='lat' dir='ltr'><strong>signiticet</strong></span> <span class='ocrx_word' id='word_1_478' title='bbox 940 1773 1056 1801; x_wconf 80' lang='lat' dir='ltr'><strong>Abessa-</strong></span> 
     </span>
    </p>
   </div>
   <div class='ocr_carea' id='block_1_68' title="bbox 267 1816 1055 1854">
    <p class='ocr_par' dir='ltr' id='par_1_68' title="bbox 267 1816 1055 1854">
     <span class='ocr_line' id='line_1_68' title="bbox 267 1816 1055 1854; baseline 0.004 -11"><span class='ocrx_word' id='word_1_479' title='bbox 267 1816 338 1844; x_wconf 87' lang='lat' dir='ltr'><strong>lonis</strong></span> <span class='ocrx_word' id='word_1_480' title='bbox 361 1816 485 1843; x_wconf 89' lang='lat' dir='ltr'><strong>consilia.</strong></span> <span class='ocrx_word' id='word_1_481' title='bbox 498 1816 581 1844; x_wconf 87' lang='lat' dir='ltr'><strong>Cbusi</strong></span> <span class='ocrx_word' id='word_1_482' title='bbox 595 1824 669 1850; x_wconf 87' lang='lat' dir='ltr'><strong>vero,</strong></span> <span class='ocrx_word' id='word_1_483' title='bbox 685 1817 731 1844; x_wconf 90' lang='lat' dir='ltr'><strong>ubi</strong></span> <span class='ocrx_word' id='word_1_484' title='bbox 756 1817 791 1845; x_wconf 85' lang='lat' dir='ltr'><strong>ad</strong></span> <span class='ocrx_word' id='word_1_485' title='bbox 816 1819 978 1852; x_wconf 87' lang='lat' dir='ltr'><strong>parricidam</strong></span> <span class='ocrx_word' id='word_1_486' title='bbox 993 1827 1055 1854; x_wconf 84' lang='lat' dir='ltr'><strong>per—</strong></span> 
     </span>
    </p>
   </div>
   <div class='ocr_carea' id='block_1_69' title="bbox 267 1861 1056 1897">
    <p class='ocr_par' dir='ltr' id='par_1_69' title="bbox 267 1861 1056 1897">
     <span class='ocr_line' id='line_1_69' title="bbox 267 1861 1056 1897; baseline 0.006 -9"><span class='ocrx_word' id='word_1_487' title='bbox 267 1862 351 1894; x_wconf 77' lang='lat' dir='ltr'><strong>venit,</strong></span> <span class='ocrx_word' id='word_1_488' title='bbox 366 1862 400 1889; x_wconf 89' lang='lat' dir='ltr'><strong>ab</strong></span> <span class='ocrx_word' id='word_1_489' title='bbox 425 1861 484 1896; x_wconf 83' lang='lat' dir='ltr'><strong>ipso</strong></span> <span class='ocrx_word' id='word_1_490' title='bbox 509 1868 639 1897; x_wconf 88' lang='lat' dir='ltr'><strong>tanquam</strong></span> <span class='ocrx_word' id='word_1_491' title='bbox 655 1863 741 1890; x_wconf 83' lang='lat' dir='ltr'><strong>ﬁdelis</strong></span> <span class='ocrx_word' id='word_1_492' title='bbox 760 1868 787 1890; x_wconf 89' lang='lat' dir='ltr'><strong>et</strong></span> <span class='ocrx_word' id='word_1_493' title='bbox 805 1863 951 1892; x_wconf 89' lang='lat' dir='ltr'><strong>benevolus</strong></span> <span class='ocrx_word' id='word_1_494' title='bbox 967 1865 1056 1892; x_wconf 88' lang='lat' dir='ltr'><strong>credi-</strong></span> 
     </span>
    </p>
   </div>
   <div class='ocr_carea' id='block_1_70' title="bbox 267 1909 1055 1946">
    <p class='ocr_par' dir='ltr' id='par_1_70' title="bbox 267 1909 1055 1946">
     <span class='ocr_line' id='line_1_70' title="bbox 267 1909 1055 1946; baseline 0.005 -12"><span class='ocrx_word' id='word_1_495' title='bbox 267 1913 323 1939; x_wconf 86' lang='lat' dir='ltr'><strong>tus,</strong></span> <span class='ocrx_word' id='word_1_496' title='bbox 339 1915 391 1934; x_wconf 85' lang='lat' dir='ltr'><strong>una</strong></span> <span class='ocrx_word' id='word_1_497' title='bbox 409 1916 471 1936; x_wconf 88' lang='lat' dir='ltr'><strong>cum</strong></span> <span class='ocrx_word' id='word_1_498' title='bbox 485 1909 662 1943; x_wconf 82' lang='lat' dir='ltr'><strong>Achitophele</strong></span> <span class='ocrx_word' id='word_1_499' title='bbox 675 1910 701 1936; x_wconf 95' lang='lat' dir='ltr'><strong>in</strong></span> <span class='ocrx_word' id='word_1_500' title='bbox 719 1910 838 1937; x_wconf 88' lang='lat' dir='ltr'><strong>medium</strong></span> <span class='ocrx_word' id='word_1_501' title='bbox 855 1911 1055 1946; x_wconf 89' lang='lat' dir='ltr'><strong>consulereju-</strong></span> 
     </span>
    </p>
   </div>
   <div class='ocr_carea' id='block_1_71' title="bbox 268 1954 1055 1990">
    <p class='ocr_par' dir='ltr' id='par_1_71' title="bbox 268 1954 1055 1990">
     <span class='ocr_line' id='line_1_71' title="bbox 268 1954 1055 1990; baseline 0.006 -11"><span class='ocrx_word' id='word_1_502' title='bbox 268 1954 357 1985; x_wconf 85' lang='lat' dir='ltr'><strong>betur,</strong></span> <span class='ocrx_word' id='word_1_503' title='bbox 373 1961 428 1988; x_wconf 90' lang='lat' dir='ltr'><strong>quo</strong></span> <span class='ocrx_word' id='word_1_504' title='bbox 444 1958 524 1989; x_wconf 89' lang='lat' dir='ltr'><strong>pacto</strong></span> <span class='ocrx_word' id='word_1_505' title='bbox 551 1954 651 1982; x_wconf 88' lang='lat' dir='ltr'><strong>bellum</strong></span> <span class='ocrx_word' id='word_1_506' title='bbox 675 1955 730 1989; x_wconf 74' lang='lat' dir='ltr'><strong>geri</strong></span> <span class='ocrx_word' id='word_1_507' title='bbox 748 1960 882 1990; x_wconf 86' lang='lat' dir='ltr'><strong>oporteat.</strong></span> <span class='ocrx_word' id='word_1_508' title='bbox 899 1955 932 1983; x_wconf 83' lang='lat' dir='ltr'><strong>Et</strong></span> <span class='ocrx_word' id='word_1_509' title='bbox 945 1956 1055 1984; x_wconf 63' lang='lat' dir='ltr'><strong>Achito«</strong></span> 
     </span>
    </p>
   </div>
   <div class='ocr_carea' id='block_1_72' title="bbox 268 1998 1055 2037">
    <p class='ocr_par' dir='ltr' id='par_1_72' title="bbox 268 1998 1055 2037">
     <span class='ocr_line' id='line_1_72' title="bbox 268 1998 1055 2037; baseline 0.008 -13"><span class='ocrx_word' id='word_1_510' title='bbox 268 1998 331 2032; x_wconf 85' lang='lat' dir='ltr'><strong>phel</strong></span> <span class='ocrx_word' id='word_1_511' title='bbox 346 1999 455 2033; x_wconf 91' lang='lat' dir='ltr'><strong>quidem</strong></span> <span class='ocrx_word' id='word_1_512' title='bbox 471 2005 566 2027; x_wconf 84' lang='lat' dir='ltr'><strong>auctor</strong></span> <span class='ocrx_word' id='word_1_513' title='bbox 579 2005 630 2032; x_wconf 80' lang='lat' dir='ltr'><strong>est,</strong></span> <span class='ocrx_word' id='word_1_514' title='bbox 644 2005 673 2027; x_wconf 90' lang='lat' dir='ltr'><strong>ut</strong></span> <span class='ocrx_word' id='word_1_515' title='bbox 689 2000 857 2035; x_wconf 80' lang='lat' dir='ltr'><strong>Abessalom,</strong></span> <span class='ocrx_word' id='word_1_516' title='bbox 872 2002 948 2037; x_wconf 91' lang='lat' dir='ltr'><strong>prius</strong></span> <span class='ocrx_word' id='word_1_517' title='bbox 965 2007 1055 2030; x_wconf 88' lang='lat' dir='ltr'><strong>tamen</strong></span> 
     </span>
    </p>
   </div>
   <div class='ocr_carea' id='block_1_73' title="bbox 267 2045 1056 2083">
    <p class='ocr_par' dir='ltr' id='par_1_73' title="bbox 267 2045 1056 2083">
     <span class='ocr_line' id='line_1_73' title="bbox 267 2045 1056 2083; baseline 0.005 -12"><span class='ocrx_word' id='word_1_518' title='bbox 267 2052 330 2071; x_wconf 88' lang='lat' dir='ltr'><strong>cum</strong></span> <span class='ocrx_word' id='word_1_519' title='bbox 349 2045 435 2080; x_wconf 83' lang='lat' dir='ltr'><strong>patris</strong></span> <span class='ocrx_word' id='word_1_520' title='bbox 450 2046 592 2081; x_wconf 87' lang='lat' dir='ltr'><strong>pellicibus</strong></span> <span class='ocrx_word' id='word_1_521' title='bbox 607 2054 781 2081; x_wconf 82' lang='lat' dir='ltr'><strong>c0ngressus,</strong></span> <span class='ocrx_word' id='word_1_522' title='bbox 794 2055 857 2074; x_wconf 89' lang='lat' dir='ltr'><strong>eum</strong></span> <span class='ocrx_word' id='word_1_523' title='bbox 878 2056 892 2075; x_wconf 89' lang='lat' dir='ltr'><strong>a</strong></span> <span class='ocrx_word' id='word_1_524' title='bbox 910 2053 985 2082; x_wconf 78' lang='lat' dir='ltr'><strong>tergo</strong></span> <span class='ocrx_word' id='word_1_525' title='bbox 996 2056 1056 2083; x_wconf 89' lang='lat' dir='ltr'><strong>per-</strong></span> 
     </span>
    </p>
   </div>
   <div class='ocr_carea' id='block_1_74' title="bbox 268 2091 1055 2127">
    <p class='ocr_par' dir='ltr' id='par_1_74' title="bbox 268 2091 1055 2127">
     <span class='ocr_line' id='line_1_74' title="bbox 268 2091 1055 2127; baseline 0.004 -10"><span class='ocrx_word' id='word_1_526' title='bbox 268 2095 409 2126; x_wconf 83' lang='lat' dir='ltr'><strong>sequatur,</strong></span> <span class='ocrx_word' id='word_1_527' title='bbox 424 2096 505 2125; x_wconf 87' lang='lat' dir='ltr'><strong>atque</strong></span> <span class='ocrx_word' id='word_1_528' title='bbox 520 2091 682 2126; x_wconf 88' lang='lat' dir='ltr'><strong>imparatum</strong></span> <span class='ocrx_word' id='word_1_529' title='bbox 705 2093 886 2127; x_wconf 77' lang='lat' dir='ltr'><strong>aggrediatur.</strong></span> <span class='ocrx_word' id='word_1_530' title='bbox 901 2093 984 2121; x_wconf 83' lang='lat' dir='ltr'><strong>Cbusi</strong></span> <span class='ocrx_word' id='word_1_531' title='bbox 1005 2102 1055 2120; x_wconf 91' lang='lat' dir='ltr'><strong>au-</strong></span> 
     </span>
    </p>
   </div>
   <div class='ocr_carea' id='block_1_75' title="bbox 269 2138 1057 2173">
    <p class='ocr_par' dir='ltr' id='par_1_75' title="bbox 269 2138 1057 2173">
     <span class='ocr_line' id='line_1_75' title="bbox 269 2138 1057 2173; baseline 0.004 -8"><span class='ocrx_word' id='word_1_532' title='bbox 269 2142 334 2169; x_wconf 85' lang='lat' dir='ltr'><strong>tem.</strong></span> <span class='ocrx_word' id='word_1_533' title='bbox 352 2139 386 2166; x_wconf 89' lang='lat' dir='ltr'><strong>de</strong></span> <span class='ocrx_word' id='word_1_534' title='bbox 400 2138 541 2173; x_wconf 88' lang='lat' dir='ltr'><strong>pellicibus</strong></span> <span class='ocrx_word' id='word_1_535' title='bbox 557 2139 665 2173; x_wconf 88' lang='lat' dir='ltr'><strong>quidem</strong></span> <span class='ocrx_word' id='word_1_536' title='bbox 683 2139 750 2165; x_wconf 90' lang='lat' dir='ltr'><strong>nihil</strong></span> <span class='ocrx_word' id='word_1_537' title='bbox 764 2140 870 2167; x_wconf 87' lang='lat' dir='ltr'><strong>consilii</strong></span> <span class='ocrx_word' id='word_1_538' title='bbox 884 2140 945 2173; x_wconf 87' lang='lat' dir='ltr'><strong>dat;</strong></span> <span class='ocrx_word' id='word_1_539' title='bbox 958 2146 985 2168; x_wconf 89' lang='lat' dir='ltr'><strong>at</strong></span> <span class='ocrx_word' id='word_1_540' title='bbox 999 2145 1030 2168; x_wconf 91' lang='lat' dir='ltr'><strong>ut</strong></span> <span class='ocrx_word' id='word_1_541' title='bbox 1041 2148 1057 2168; x_wconf 89' lang='lat' dir='ltr'><strong>e</strong></span> 
     </span>
    </p>
   </div>
   <div class='ocr_carea' id='block_1_76' title="bbox 270 2184 1055 2219">
    <p class='ocr_par' dir='ltr' id='par_1_76' title="bbox 270 2184 1055 2219">
     <span class='ocr_line' id='line_1_76' title="bbox 270 2184 1055 2219; baseline 0.003 -8"><span class='ocrx_word' id='word_1_542' title='bbox 270 2185 384 2219; x_wconf 81' lang='lat' dir='ltr'><strong>vestigio</strong></span> <span class='ocrx_word' id='word_1_543' title='bbox 407 2184 434 2210; x_wconf 94' lang='lat' dir='ltr'><strong>in</strong></span> <span class='ocrx_word' id='word_1_544' title='bbox 456 2189 558 2218; x_wconf 77' lang='lat' dir='ltr'><strong>patrem</strong></span> <span class='ocrx_word' id='word_1_545' title='bbox 576 2185 705 2219; x_wconf 87' lang='lat' dir='ltr'><strong>impetum</strong></span> <span class='ocrx_word' id='word_1_546' title='bbox 719 2184 810 2218; x_wconf 79' lang='lat' dir='ltr'><strong>faciat,</strong></span> <span class='ocrx_word' id='word_1_547' title='bbox 831 2185 883 2213; x_wconf 85' lang='lat' dir='ltr'><strong>hoc</strong></span> <span class='ocrx_word' id='word_1_548' title='bbox 896 2186 1055 2213; x_wconf 82' lang='lat' dir='ltr'><strong>Abessaloni</strong></span> 
     </span>
    </p>
   </div>
   <div class='ocr_carea' id='block_1_77' title="bbox 269 2222 1092 2266">
    <p class='ocr_par' dir='ltr' id='par_1_77' title="bbox 269 2222 1092 2266">
     <span class='ocr_line' id='line_1_77' title="bbox 269 2222 1092 2266; baseline 0.002 -10"><span class='ocrx_word' id='word_1_549' title='bbox 269 2229 418 2257; x_wconf 85' lang='lat' dir='ltr'><strong>dissuadet.</strong></span> <span class='ocrx_word' id='word_1_550' title='bbox 435 2229 483 2261; x_wconf 86' lang='lat' dir='ltr'><strong>Ne,</strong></span> <span class='ocrx_word' id='word_1_551' title='bbox 501 2229 599 2264; x_wconf 90' lang='lat' dir='ltr'><strong>inquit,</strong></span> <span class='ocrx_word' id='word_1_552' title='bbox 616 2229 642 2256; x_wconf 91' lang='lat' dir='ltr'><strong>in</strong></span> <span class='ocrx_word' id='word_1_553' title='bbox 658 2231 795 2258; x_wconf 92' lang='lat' dir='ltr'><strong>montibus</strong></span> <span class='ocrx_word' id='word_1_554' title='bbox 822 2231 849 2258; x_wconf 92' lang='lat' dir='ltr'><strong>in</strong></span> <span class='ocrx_word' id='word_1_555' title='bbox 874 2231 961 2266; x_wconf 88' lang='lat' dir='ltr'><strong>ipsum</strong></span> <span class='ocrx_word' id='word_1_556' title='bbox 988 2231 1056 2258; x_wconf 92' lang='lat' dir='ltr'><strong>inci-</strong></span> <span class='ocrx_word' id='word_1_557' title='bbox 1072 2222 1092 2249; x_wconf 69' lang='grc' dir='ltr'>υ</span> 
     </span>
    </p>
   </div>
   <div class='ocr_carea' id='block_1_78' title="bbox 270 2275 1056 2311">
    <p class='ocr_par' dir='ltr' id='par_1_78' title="bbox 270 2275 1056 2311">
     <span class='ocr_line' id='line_1_78' title="bbox 270 2275 1056 2311; baseline 0.003 -9"><span class='ocrx_word' id='word_1_558' title='bbox 270 2275 348 2308; x_wconf 86' lang='lat' dir='ltr'><strong>dens,</strong></span> <span class='ocrx_word' id='word_1_559' title='bbox 373 2275 448 2303; x_wconf 87' lang='lat' dir='ltr'><strong>clade</strong></span> <span class='ocrx_word' id='word_1_560' title='bbox 472 2280 669 2310; x_wconf 80' lang='lat' dir='ltr'><strong>acccpta,cnm</strong></span> <span class='ocrx_word' id='word_1_561' title='bbox 696 2277 846 2303; x_wconf 79' lang='lat' dir='ltr'><strong>exercitum</strong></span> <span class='ocrx_word' id='word_1_562' title='bbox 872 2277 979 2311; x_wconf 87' lang='lat' dir='ltr'><strong>perdas,</strong></span> <span class='ocrx_word' id='word_1_563' title='bbox 999 2282 1056 2304; x_wconf 87' lang='lat' dir='ltr'><strong>tum</strong></span> 
     </span>
    </p>
   </div>
   <div class='ocr_carea' id='block_1_79' title="bbox 270 2320 1058 2356">
    <p class='ocr_par' dir='ltr' id='par_1_79' title="bbox 270 2320 1058 2356">
     <span class='ocr_line' id='line_1_79' title="bbox 270 2320 1058 2356; baseline 0.001 -9"><span class='ocrx_word' id='word_1_564' title='bbox 270 2329 335 2347; x_wconf 70' lang='lat' dir='ltr'><strong>vero</strong></span> <span class='ocrx_word' id='word_1_565' title='bbox 352 2321 409 2355; x_wconf 88' lang='lat' dir='ltr'><strong>ipse</strong></span> <span class='ocrx_word' id='word_1_566' title='bbox 431 2320 458 2346; x_wconf 94' lang='lat' dir='ltr'><strong>in</strong></span> <span class='ocrx_word' id='word_1_567' title='bbox 475 2321 560 2355; x_wconf 86' lang='lat' dir='ltr'><strong>patris</strong></span> <span class='ocrx_word' id='word_1_568' title='bbox 575 2328 672 2349; x_wconf 88' lang='lat' dir='ltr'><strong>manus</strong></span> <span class='ocrx_word' id='word_1_569' title='bbox 685 2321 809 2356; x_wconf 86' lang='lat' dir='ltr'><strong>captivus</strong></span> <span class='ocrx_word' id='word_1_570' title='bbox 830 2322 981 2356; x_wconf 76' lang='lat' dir='ltr'><strong>pervenias.</strong></span> <span class='ocrx_word' id='word_1_571' title='bbox 993 2320 1058 2348; x_wconf 59' lang='lat' dir='ltr'><strong>Par-</strong></span> 
     </span>
    </p>
   </div>
   <div class='ocr_carea' id='block_1_80' title="bbox 272 2367 1056 2400">
    <p class='ocr_par' dir='ltr' id='par_1_80' title="bbox 272 2367 1056 2400">
     <span class='ocr_line' id='line_1_80' title="bbox 272 2367 1056 2400; baseline 0.001 -7"><span class='ocrx_word' id='word_1_572' title='bbox 272 2367 357 2394; x_wconf 83' lang='lat' dir='ltr'><strong>ricida</strong></span> <span class='ocrx_word' id='word_1_573' title='bbox 382 2367 464 2400; x_wconf 71' lang='lat' dir='ltr'><strong>igitur</strong></span> <span class='ocrx_word' id='word_1_574' title='bbox 483 2367 610 2394; x_wconf 80' lang='lat' dir='ltr'><strong>dicente:</strong></span> <span class='ocrx_word' id='word_1_575' title='bbox 625 2367 720 2394; x_wconf 78' lang='lat' dir='ltr'><strong>Melius</strong></span> <span class='ocrx_word' id='word_1_576' title='bbox 746 2373 783 2393; x_wconf 78' lang='lat' dir='ltr'><strong>est</strong></span> <span class='ocrx_word' id='word_1_577' title='bbox 804 2367 943 2393; x_wconf 78' lang='lat' dir='ltr'><strong>consilium</strong></span> <span class='ocrx_word' id='word_1_578' title='bbox 966 2367 1056 2399; x_wconf 77' lang='lat' dir='ltr'><strong>Cltusi,</strong></span> 
     </span>
    </p>
   </div>
   <div class='ocr_carea' id='block_1_81' title="bbox 271 2413 1058 2449">
    <p class='ocr_par' dir='ltr' id='par_1_81' title="bbox 271 2413 1058 2449">
     <span class='ocr_line' id='line_1_81' title="bbox 271 2413 1058 2449; baseline 0.003 -11"><span class='ocrx_word' id='word_1_579' title='bbox 271 2421 350 2448; x_wconf 79' lang='lat' dir='ltr'><strong>quam</strong></span> <span class='ocrx_word' id='word_1_580' title='bbox 367 2413 583 2447; x_wconf 76' lang='lat' dir='ltr'><strong>Acltitophelis”,</strong></span> <span class='ocrx_word' id='word_1_581' title='bbox 600 2420 717 2440; x_wconf 71' lang='lat' dir='ltr'><strong>maerore</strong></span> <span class='ocrx_word' id='word_1_582' title='bbox 733 2418 875 2448; x_wconf 89' lang='lat' dir='ltr'><strong>correptus</strong></span> <span class='ocrx_word' id='word_1_583' title='bbox 898 2413 1058 2449; x_wconf 82' lang='lat' dir='ltr'><strong>Acbitophel</strong></span> 
     </span>
    </p>
   </div>
   <div class='ocr_carea' id='block_1_82' title="bbox 272 2457 1058 2492">
    <p class='ocr_par' dir='ltr' id='par_1_82' title="bbox 272 2457 1058 2492">
     <span class='ocr_line' id='line_1_82' title="bbox 272 2457 1058 2492; baseline 0.004 -9"><span class='ocrx_word' id='word_1_584' title='bbox 272 2457 323 2484; x_wconf 87' lang='lat' dir='ltr'><strong>sibi</strong></span> <span class='ocrx_word' id='word_1_585' title='bbox 349 2457 400 2492; x_wconf 92' lang='lat' dir='ltr'><strong>ipsi</strong></span> <span class='ocrx_word' id='word_1_586' title='bbox 421 2457 518 2492; x_wconf 74' lang='lat' dir='ltr'><strong>laqueo</strong></span> <span class='ocrx_word' id='word_1_587' title='bbox 533 2457 614 2484; x_wconf 87' lang='lat' dir='ltr'><strong>vitam</strong></span> <span class='ocrx_word' id='word_1_588' title='bbox 638 2458 745 2492; x_wconf 77' lang='lat' dir='ltr'><strong>eripuit.</strong></span> <span class='ocrx_word' id='word_1_589' title='bbox 769 2457 854 2485; x_wconf 88' lang='lat' dir='ltr'><strong>Cbusi</strong></span> <span class='ocrx_word' id='word_1_590' title='bbox 876 2466 940 2486; x_wconf 78' lang='lat' dir='ltr'><strong>vero</strong></span> <span class='ocrx_word' id='word_1_591' title='bbox 967 2459 1058 2486; x_wconf 90' lang='lat' dir='ltr'><strong>omnia</strong></span> 
     </span>
    </p>
   </div>
   <div class='ocr_carea' id='block_1_83' title="bbox 273 2501 1059 2538">
    <p class='ocr_par' dir='ltr' id='par_1_83' title="bbox 273 2501 1059 2538">
     <span class='ocr_line' id='line_1_83' title="bbox 273 2501 1059 2538; baseline 0.005 -10"><span class='ocrx_word' id='word_1_592' title='bbox 273 2501 367 2529; x_wconf 76' lang='lat' dir='ltr'><strong>Davidi</strong></span> <span class='ocrx_word' id='word_1_593' title='bbox 390 2509 437 2537; x_wconf 85' lang='lat' dir='ltr'><strong>per</strong></span> <span class='ocrx_word' id='word_1_594' title='bbox 462 2503 618 2531; x_wconf 83' lang='lat' dir='ltr'><strong>sacerdotes</strong></span> <span class='ocrx_word' id='word_1_595' title='bbox 631 2503 795 2538; x_wconf 78' lang='lat' dir='ltr'><strong>signiﬁcavit</strong></span> <span class='ocrx_word' id='word_1_596' title='bbox 809 2512 816 2530; x_wconf 92' lang='lat'>:</span> <span class='ocrx_word' id='word_1_597' title='bbox 828 2504 965 2538; x_wconf 83' lang='lat' dir='ltr'><strong>jussitque</strong></span> <span class='ocrx_word' id='word_1_598' title='bbox 982 2504 1059 2532; x_wconf 62' lang='lat' dir='ltr'><strong>insue</strong></span> 
     </span>
    </p>
   </div>
   <div class='ocr_carea' id='block_1_84' title="bbox 273 2547 1057 2583">
    <p class='ocr_par' dir='ltr' id='par_1_84' title="bbox 273 2547 1057 2583">
     <span class='ocr_line' id='line_1_84' title="bbox 273 2547 1057 2583; baseline 0.003 -9"><span class='ocrx_word' id='word_1_599' title='bbox 273 2555 320 2582; x_wconf 81' lang='lat' dir='ltr'><strong>per</strong></span> <span class='ocrx_word' id='word_1_600' title='bbox 344 2548 425 2575; x_wconf 88' lang='lat' dir='ltr'><strong>etiam</strong></span> <span class='ocrx_word' id='word_1_601' title='bbox 453 2547 554 2583; x_wconf 81' lang='lat' dir='ltr'><strong>fugere.</strong></span> <span class='ocrx_word' id='word_1_602' title='bbox 572 2548 703 2583; x_wconf 86' lang='lat' dir='ltr'><strong>Deinceps</strong></span> <span class='ocrx_word' id='word_1_603' title='bbox 722 2556 786 2575; x_wconf 82' lang='lat' dir='ltr'><strong>vero</strong></span> <span class='ocrx_word' id='word_1_604' title='bbox 813 2556 875 2575; x_wconf 91' lang='lat' dir='ltr'><strong>cum</strong></span> <span class='ocrx_word' id='word_1_605' title='bbox 897 2549 1057 2576; x_wconf 87' lang='lat' dir='ltr'><strong>Abessalom</strong></span> 
     </span>
    </p>
   </div>
   <div class='ocr_carea' id='block_1_85' title="bbox 274 2594 1058 2637">
    <p class='ocr_par' dir='ltr' id='par_1_85' title="bbox 274 2594 1058 2637">
     <span class='ocr_line' id='line_1_85' title="bbox 274 2594 1058 2637; baseline 0.003 -17"><span class='ocrx_word' id='word_1_606' title='bbox 274 2594 356 2620; x_wconf 71' lang='lat' dir='ltr'><strong>rebus</strong></span> <span class='ocrx_word' id='word_1_607' title='bbox 367 2594 493 2621; x_wconf 85' lang='lat' dir='ltr'><strong>omnibus</strong></span> <span class='ocrx_word' id='word_1_608' title='bbox 504 2595 654 2626; x_wconf 79' lang='lat' dir='ltr'><strong>instructis,</strong></span> <span class='ocrx_word' id='word_1_609' title='bbox 669 2594 805 2629; x_wconf 84' lang='lat' dir='ltr'><strong>corruptis</strong></span> <span class='ocrx_word' id='word_1_610' title='bbox 821 2594 901 2621; x_wconf 85' lang='lat' dir='ltr'><strong>etiam</strong></span> <span class='ocrx_word' id='word_1_611' title='bbox 918 2595 992 2630; x_wconf 81' lang='lat' dir='ltr'><strong>prius</strong></span> <span class='ocrx_word' id='word_1_612' title='bbox 1009 2603 1058 2637; x_wconf 52' lang='grc' dir='ltr'><strong>ρλ-</strong></span> 
     </span>
    </p>
   </div>
   <div class='ocr_carea' id='block_1_86' title="bbox 275 2640 1056 2676">
    <p class='ocr_par' dir='ltr' id='par_1_86' title="bbox 275 2640 1056 2676">
     <span class='ocr_line' id='line_1_86' title="bbox 275 2640 1056 2676; baseline 0.001 -10"><span class='ocrx_word' id='word_1_613' title='bbox 275 2641 324 2667; x_wconf 88' lang='lat' dir='ltr'><strong>tris</strong></span> <span class='ocrx_word' id='word_1_614' title='bbox 341 2640 482 2674; x_wconf 82' lang='lat' dir='ltr'><strong>pellicibus</strong></span> <span class='ocrx_word' id='word_1_615' title='bbox 496 2640 576 2675; x_wconf 88' lang='lat' dir='ltr'><strong>idque</strong></span> <span class='ocrx_word' id='word_1_616' title='bbox 585 2641 702 2674; x_wconf 88' lang='lat' dir='ltr'><strong>publice,</strong></span> <span class='ocrx_word' id='word_1_617' title='bbox 718 2646 820 2676; x_wconf 82' lang='lat' dir='ltr'><strong>patrem</strong></span> <span class='ocrx_word' id='word_1_618' title='bbox 834 2646 1056 2676; x_wconf 87' lang='lat' dir='ltr'><strong>persequeretur,</strong></span> 
     </span>
    </p>
   </div>
   <div class='ocr_carea' id='block_1_87' title="bbox 275 2684 1059 2720">
    <p class='ocr_par' dir='ltr' id='par_1_87' title="bbox 275 2684 1059 2720">
     <span class='ocr_line' id='line_1_87' title="bbox 275 2684 1059 2720; baseline 0.004 -10"><span class='ocrx_word' id='word_1_619' title='bbox 275 2684 359 2711; x_wconf 71' lang='lat' dir='ltr'><strong>David</strong></span> <span class='ocrx_word' id='word_1_620' title='bbox 376 2684 484 2719; x_wconf 87' lang='lat' dir='ltr'><strong>quidem</strong></span> <span class='ocrx_word' id='word_1_621' title='bbox 511 2684 569 2719; x_wconf 86' lang='lat' dir='ltr'><strong>ipse</strong></span> <span class='ocrx_word' id='word_1_622' title='bbox 592 2686 619 2711; x_wconf 91' lang='lat' dir='ltr'><strong>in</strong></span> <span class='ocrx_word' id='word_1_623' title='bbox 635 2686 721 2712; x_wconf 86' lang='lat' dir='ltr'><strong>aciem</strong></span> <span class='ocrx_word' id='word_1_624' title='bbox 737 2693 790 2712; x_wconf 92' lang='lat' dir='ltr'><strong>non</strong></span> <span class='ocrx_word' id='word_1_625' title='bbox 806 2686 925 2720; x_wconf 86' lang='lat' dir='ltr'><strong>prodiit;</strong></span> <span class='ocrx_word' id='word_1_626' title='bbox 942 2687 1059 2714; x_wconf 88' lang='lat' dir='ltr'><strong>ducibus</strong></span> 
     </span>
    </p>
   </div>
   <div class='ocr_carea' id='block_1_88' title="bbox 274 2731 1057 2767">
    <p class='ocr_par' dir='ltr' id='par_1_88' title="bbox 274 2731 1057 2767">
     <span class='ocr_line' id='line_1_88' title="bbox 274 2731 1057 2767; baseline 0.001 -10"><span class='ocrx_word' id='word_1_627' title='bbox 274 2739 340 2758; x_wconf 74' lang='lat' dir='ltr'><strong>Vcl&#39;O</strong></span> <span class='ocrx_word' id='word_1_628' title='bbox 355 2731 414 2758; x_wconf 88' lang='lat' dir='ltr'><strong>suis</strong></span> <span class='ocrx_word' id='word_1_629' title='bbox 428 2731 532 2758; x_wconf 78' lang='lat' dir='ltr'><strong>credito</strong></span> <span class='ocrx_word' id='word_1_630' title='bbox 553 2731 674 2758; x_wconf 78' lang='lat' dir='ltr'><strong>exercitu</strong></span> <span class='ocrx_word' id='word_1_631' title='bbox 699 2733 828 2767; x_wconf 78' lang='lat' dir='ltr'><strong>pra-cepit</strong></span> <span class='ocrx_word' id='word_1_632' title='bbox 853 2733 929 2767; x_wconf 88' lang='lat' dir='ltr'><strong>ipsis,</strong></span> <span class='ocrx_word' id='word_1_633' title='bbox 944 2733 1036 2760; x_wconf 85' lang='lat' dir='ltr'><strong>dicens</strong></span> <span class='ocrx_word' id='word_1_634' title='bbox 1051 2741 1057 2758; x_wconf 86' lang='lat'><strong>:</strong></span> 
     </span>
    </p>
   </div>
   <div class='ocr_carea' id='block_1_89' title="bbox 275 2775 1060 2811">
    <p class='ocr_par' dir='ltr' id='par_1_89' title="bbox 275 2775 1060 2811">
     <span class='ocr_line' id='line_1_89' title="bbox 275 2775 1060 2811; baseline 0.003 -9"><span class='ocrx_word' id='word_1_635' title='bbox 275 2775 383 2803; x_wconf 79' lang='lat' dir='ltr'><strong>Parcite</strong></span> <span class='ocrx_word' id='word_1_636' title='bbox 407 2776 462 2811; x_wconf 78' lang='lat' dir='ltr'><strong>ﬁlio</strong></span> <span class='ocrx_word' id='word_1_637' title='bbox 486 2784 542 2803; x_wconf 82' lang='lat' dir='ltr'><strong>meo</strong></span> <span class='ocrx_word' id='word_1_638' title='bbox 563 2776 757 2804; x_wconf 68' lang='lat' dir='ltr'><strong>Abessaloni”.</strong></span> <span class='ocrx_word' id='word_1_639' title='bbox 785 2777 882 2804; x_wconf 73' lang='lat' dir='ltr'><strong>Praalio</strong></span> <span class='ocrx_word' id='word_1_640' title='bbox 908 2784 973 2805; x_wconf 88' lang='lat' dir='ltr'><strong>vero</strong></span> <span class='ocrx_word' id='word_1_641' title='bbox 1002 2777 1060 2805; x_wconf 83' lang='lat' dir='ltr'><strong>acri</strong></span> 
     </span>
    </p>
   </div>
   <div class='ocr_carea' id='block_1_90' title="bbox 312 2854 908 2893">
    <p class='ocr_par' dir='ltr' id='par_1_90' title="bbox 312 2854 908 2893">
     <span class='ocr_line' id='line_1_90' title="bbox 312 2854 908 2893; baseline 0.003 -11"><span class='ocrx_word' id='word_1_642' title='bbox 312 2856 334 2872; x_wconf 74' lang='lat'>“</span> <span class='ocrx_word' id='word_1_643' title='bbox 354 2854 374 2882; x_wconf 84' lang='lat' dir='ltr'><strong>ll</strong></span> <span class='ocrx_word' id='word_1_644' title='bbox 390 2855 454 2892; x_wconf 73' lang='lat' dir='ltr'><strong>Reg.</strong></span> <span class='ocrx_word' id='word_1_645' title='bbox 472 2865 537 2890; x_wconf 70' lang='lat' dir='ltr'><strong>xvu,</strong></span> <span class='ocrx_word' id='word_1_646' title='bbox 558 2857 599 2884; x_wconf 71' lang='lat' dir='ltr'><strong>ll.</strong></span> <span class='ocrx_word' id='word_1_647' title='bbox 638 2857 659 2874; x_wconf 83' lang='lat'><strong>&quot;</strong></span> <span class='ocrx_word' id='word_1_648' title='bbox 679 2857 699 2885; x_wconf 95' lang='lat' dir='ltr'><strong>ll</strong></span> <span class='ocrx_word' id='word_1_649' title='bbox 712 2856 776 2893; x_wconf 69' lang='lat' dir='ltr'><strong>Reg.</strong></span> <span class='ocrx_word' id='word_1_650' title='bbox 791 2865 868 2892; x_wconf 71' lang='lat' dir='ltr'><strong>“tu,</strong></span> <span class='ocrx_word' id='word_1_651' title='bbox 882 2857 908 2885; x_wconf 78' lang='lat'><strong>5.</strong></span> 
     </span>
    </p>
   </div>
   <div class='ocr_carea' id='block_1_91' title="bbox 1104 1587 1893 1626">
    <p class='ocr_par' dir='ltr' id='par_1_91' title="bbox 1104 1587 1893 1626">
     <span class='ocr_line' id='line_1_91' title="bbox 1104 1587 1893 1626; baseline 0.005 -14"><span class='ocrx_word' id='word_1_652' title='bbox 1104 1588 1159 1618; x_wconf 78' lang='grc' dir='ltr'>τοῖς</span> <span class='ocrx_word' id='word_1_653' title='bbox 1174 1587 1268 1613; x_wconf 81' lang='grc' dir='ltr'>ποσίν·</span> <span class='ocrx_word' id='word_1_654' title='bbox 1286 1588 1330 1613; x_wconf 76' lang='grc' dir='ltr'>ὅτε</span> <span class='ocrx_word' id='word_1_655' title='bbox 1346 1588 1391 1614; x_wconf 77' lang='grc' dir='ltr'>καὶ</span> <span class='ocrx_word' id='word_1_656' title='bbox 1406 1589 1501 1623; x_wconf 77' lang='grc' dir='ltr'>Σεμεεὶ</span> <span class='ocrx_word' id='word_1_657' title='bbox 1515 1588 1588 1624; x_wconf 82' lang='grc' dir='ltr'>αὐτῷ</span> <span class='ocrx_word' id='word_1_658' title='bbox 1601 1590 1749 1625; x_wconf 79' lang='grc' dir='ltr'>κατηρᾶτο.</span> <span class='ocrx_word' id='word_1_659' title='bbox 1767 1590 1893 1626; x_wconf 77' lang='grc' dir='ltr'><strong>Εὺχόμε-</strong></span> 
     </span>
    </p>
   </div>
   <div class='ocr_carea' id='block_1_92' title="bbox 1104 1632 1895 1672">
    <p class='ocr_par' dir='ltr' id='par_1_92' title="bbox 1104 1632 1895 1672">
     <span class='ocr_line' id='line_1_92' title="bbox 1104 1632 1895 1672; baseline 0.006 -14"><span class='ocrx_word' id='word_1_660' title='bbox 1104 1641 1149 1664; x_wconf 85' lang='grc' dir='ltr'><strong>νος</strong></span> <span class='ocrx_word' id='word_1_661' title='bbox 1167 1632 1195 1659; x_wconf 84' lang='grc' dir='ltr'>δὲ</span> <span class='ocrx_word' id='word_1_662' title='bbox 1214 1633 1263 1668; x_wconf 79' lang='grc' dir='ltr'>τὴν</span> <span class='ocrx_word' id='word_1_663' title='bbox 1285 1633 1331 1660; x_wconf 76' lang='grc' dir='ltr'>τοῦ</span> <span class='ocrx_word' id='word_1_664' title='bbox 1354 1634 1492 1669; x_wconf 76' lang='grc' dir='ltr'>Ἀχιτόφελ</span> <span class='ocrx_word' id='word_1_665' title='bbox 1514 1635 1739 1670; x_wconf 80' lang='grc' dir='ltr'>διασκεδασθῆναι</span> <span class='ocrx_word' id='word_1_666' title='bbox 1763 1636 1864 1672; x_wconf 79' lang='grc' dir='ltr'>βουλὴν</span> <span class='ocrx_word' id='word_1_667' title='bbox 1881 1638 1895 1663; x_wconf 79' lang='grc' dir='ltr'>ὁ</span> 
     </span>
    </p>
   </div>
   <div class='ocr_carea' id='block_1_93' title="bbox 1104 1678 1894 1718">
    <p class='ocr_par' dir='ltr' id='par_1_93' title="bbox 1104 1678 1894 1718">
     <span class='ocr_line' id='line_1_93' title="bbox 1104 1678 1894 1718; baseline 0.006 -14"><span class='ocrx_word' id='word_1_668' title='bbox 1104 1678 1194 1711; x_wconf 79' lang='grc' dir='ltr'>Δαυῒδ,</span> <span class='ocrx_word' id='word_1_669' title='bbox 1211 1679 1313 1714; x_wconf 82' lang='grc' dir='ltr'>πέμπει</span> <span class='ocrx_word' id='word_1_670' title='bbox 1326 1681 1373 1706; x_wconf 74' lang='grc' dir='ltr'>καὶ</span> <span class='ocrx_word' id='word_1_671' title='bbox 1387 1680 1432 1706; x_wconf 84' lang='grc' dir='ltr'>τὸν</span> <span class='ocrx_word' id='word_1_672' title='bbox 1450 1681 1546 1707; x_wconf 79' lang='grc' dir='ltr'>ἑαυτοῦ</span> <span class='ocrx_word' id='word_1_673' title='bbox 1559 1681 1633 1716; x_wconf 85' lang='grc' dir='ltr'>φίλον</span> <span class='ocrx_word' id='word_1_674' title='bbox 1644 1682 1728 1709; x_wconf 75' lang='grc' dir='ltr'>Χουσὶ</span> <span class='ocrx_word' id='word_1_675' title='bbox 1741 1684 1772 1718; x_wconf 82' lang='grc' dir='ltr'>τῇ</span> <span class='ocrx_word' id='word_1_676' title='bbox 1787 1683 1894 1710; x_wconf 70' lang='grc' dir='ltr'>ἐκείνου</span> 
     </span>
    </p>
   </div>
   <div class='ocr_carea' id='block_1_94' title="bbox 1104 1725 1894 1764">
    <p class='ocr_par' dir='ltr' id='par_1_94' title="bbox 1104 1725 1894 1764">
     <span class='ocr_line' id='line_1_94' title="bbox 1104 1725 1894 1764; baseline 0.005 -14"><span class='ocrx_word' id='word_1_677' title='bbox 1104 1725 1201 1760; x_wconf 80' lang='grc' dir='ltr'>γνώμῃ</span> <span class='ocrx_word' id='word_1_678' title='bbox 1218 1725 1434 1761; x_wconf 77' lang='grc' dir='ltr'>ἀντιταξόμενον,</span> <span class='ocrx_word' id='word_1_679' title='bbox 1447 1727 1494 1753; x_wconf 75' lang='grc' dir='ltr'>καὶ</span> <span class='ocrx_word' id='word_1_680' title='bbox 1505 1727 1549 1754; x_wconf 72' lang='grc' dir='ltr'>διὰ</span> <span class='ocrx_word' id='word_1_681' title='bbox 1560 1726 1615 1755; x_wconf 86' lang='grc' dir='ltr'>τῶν</span> <span class='ocrx_word' id='word_1_682' title='bbox 1629 1728 1725 1764; x_wconf 79' lang='grc' dir='ltr'>ἱερέων</span> <span class='ocrx_word' id='word_1_683' title='bbox 1739 1728 1837 1756; x_wconf 77' lang='grc' dir='ltr'>Σαδὼκ</span> <span class='ocrx_word' id='word_1_684' title='bbox 1848 1729 1894 1755; x_wconf 74' lang='grc' dir='ltr'>καὶ</span> 
     </span>
    </p>
   </div>
   <div class='ocr_carea' id='block_1_95' title="bbox 1111 1770 1894 1810">
    <p class='ocr_par' dir='ltr' id='par_1_95' title="bbox 1111 1770 1894 1810">
     <span class='ocr_line' id='line_1_95' title="bbox 1111 1770 1894 1810; baseline 0.006 -14"><span class='ocrx_word' id='word_1_685' title='bbox 1111 1770 1241 1806; x_wconf 69' lang='grc' dir='ltr'>Ἀϐιάθαρ</span> <span class='ocrx_word' id='word_1_686' title='bbox 1262 1770 1416 1806; x_wconf 78' lang='grc' dir='ltr'>δηλώσοντα</span> <span class='ocrx_word' id='word_1_687' title='bbox 1439 1771 1512 1807; x_wconf 83' lang='grc' dir='ltr'>αὐτῷ</span> <span class='ocrx_word' id='word_1_688' title='bbox 1530 1773 1584 1799; x_wconf 78' lang='grc' dir='ltr'><strong>πᾶν</strong></span> <span class='ocrx_word' id='word_1_689' title='bbox 1609 1773 1622 1799; x_wconf 81' lang='grc' dir='ltr'>ὃ</span> <span class='ocrx_word' id='word_1_690' title='bbox 1635 1773 1668 1800; x_wconf 77' lang='grc' dir='ltr'>ἂν</span> <span class='ocrx_word' id='word_1_691' title='bbox 1681 1773 1864 1810; x_wconf 74' lang='grc' dir='ltr'>βουλεύσηται</span> <span class='ocrx_word' id='word_1_692' title='bbox 1880 1775 1894 1802; x_wconf 84' lang='grc' dir='ltr'><strong><em>ὁ</em></strong></span> 
     </span>
    </p>
   </div>
   <div class='ocr_carea' id='block_1_96' title="bbox 1112 1816 1895 1856">
    <p class='ocr_par' dir='ltr' id='par_1_96' title="bbox 1112 1816 1895 1856">
     <span class='ocr_line' id='line_1_96' title="bbox 1112 1816 1895 1856; baseline 0.006 -14"><span class='ocrx_word' id='word_1_693' title='bbox 1112 1816 1294 1852; x_wconf 78' lang='grc' dir='ltr'>Ἀϐεσσαλώμ.</span> <span class='ocrx_word' id='word_1_694' title='bbox 1304 1817 1333 1843; x_wconf 86' lang='lat'><strong>&#39;0</strong></span> <span class='ocrx_word' id='word_1_695' title='bbox 1342 1817 1370 1843; x_wconf 78' lang='grc' dir='ltr'>δὲ</span> <span class='ocrx_word' id='word_1_696' title='bbox 1380 1818 1474 1848; x_wconf 81' lang='grc' dir='ltr'>Χουσὶ,</span> <span class='ocrx_word' id='word_1_697' title='bbox 1483 1819 1577 1856; x_wconf 76' lang='grc' dir='ltr'>ἐπειδὴ</span> <span class='ocrx_word' id='word_1_698' title='bbox 1590 1819 1658 1854; x_wconf 75' lang='grc' dir='ltr'>προς</span> <span class='ocrx_word' id='word_1_699' title='bbox 1668 1819 1713 1846; x_wconf 79' lang='grc' dir='ltr'><strong>τὸν</strong></span> <span class='ocrx_word' id='word_1_700' title='bbox 1728 1821 1895 1856; x_wconf 81' lang='grc' dir='ltr'>πατραλοίαν</span> 
     </span>
    </p>
   </div>
   <div class='ocr_carea' id='block_1_97' title="bbox 1105 1855 1892 1901">
    <p class='ocr_par' dir='ltr' id='par_1_97' title="bbox 1105 1855 1892 1901">
     <span class='ocr_line' id='line_1_97' title="bbox 1105 1855 1892 1901; baseline 0.008 -13"><span class='ocrx_word' id='word_1_701' title='bbox 1105 1861 1197 1888; x_wconf 83' lang='grc' dir='ltr'>τοῦτον</span> <span class='ocrx_word' id='word_1_702' title='bbox 1212 1862 1333 1896; x_wconf 59' lang='grc' dir='ltr'>ἀψίκετο,</span> <span class='ocrx_word' id='word_1_703' title='bbox 1345 1863 1497 1895; x_wconf 72' lang='grc' dir='ltr'>πιστευθεὶς</span> <span class='ocrx_word' id='word_1_704' title='bbox 1508 1855 1550 1896; x_wconf 71' lang='grc' dir='ltr'>’ὡς</span> <span class='ocrx_word' id='word_1_705' title='bbox 1563 1864 1655 1897; x_wconf 80' lang='grc' dir='ltr'>εὕνους</span> <span class='ocrx_word' id='word_1_706' title='bbox 1668 1865 1753 1901; x_wconf 82' lang='grc' dir='ltr'>αὐτῷ,</span> <span class='ocrx_word' id='word_1_707' title='bbox 1770 1867 1853 1898; x_wconf 77' lang='grc' dir='ltr'>αὑτός</span> <span class='ocrx_word' id='word_1_708' title='bbox 1865 1875 1892 1894; x_wconf 73' lang='grc' dir='ltr'><strong>τε</strong></span> 
     </span>
    </p>
   </div>
   <div class='ocr_carea' id='block_1_98' title="bbox 1105 1907 1892 1947">
    <p class='ocr_par' dir='ltr' id='par_1_98' title="bbox 1105 1907 1892 1947">
     <span class='ocr_line' id='line_1_98' title="bbox 1105 1907 1892 1947; baseline 0.008 -14"><span class='ocrx_word' id='word_1_709' title='bbox 1105 1907 1152 1934; x_wconf 77' lang='grc' dir='ltr'>καὶ</span> <span class='ocrx_word' id='word_1_710' title='bbox 1172 1908 1311 1942; x_wconf 84' lang='grc' dir='ltr'>Ἀχιτόφελ</span> <span class='ocrx_word' id='word_1_711' title='bbox 1328 1908 1525 1944; x_wconf 78' lang='grc' dir='ltr'>προτρέπονται</span> <span class='ocrx_word' id='word_1_712' title='bbox 1542 1910 1556 1935; x_wconf 74' lang='grc' dir='ltr'><em>ὅ</em></span> <span class='ocrx_word' id='word_1_713' title='bbox 1572 1919 1598 1936; x_wconf 88' lang='grc' dir='ltr'><strong>τι</strong></span> <span class='ocrx_word' id='word_1_714' title='bbox 1618 1910 1676 1937; x_wconf 81' lang='grc' dir='ltr'>δέον</span> <span class='ocrx_word' id='word_1_715' title='bbox 1699 1912 1764 1946; x_wconf 79' lang='grc' dir='ltr'>περὶ</span> <span class='ocrx_word' id='word_1_716' title='bbox 1777 1912 1892 1947; x_wconf 79' lang='grc' dir='ltr'>πολέμου</span> 
     </span>
    </p>
   </div>
   <div class='ocr_carea' id='block_1_99' title="bbox 1106 1955 1893 1991">
    <p class='ocr_par' dir='ltr' id='par_1_99' title="bbox 1106 1955 1893 1991">
     <span class='ocr_line' id='line_1_99' title="bbox 1106 1955 1893 1991; baseline 0.008 -12"><span class='ocrx_word' id='word_1_717' title='bbox 1106 1955 1202 1980; x_wconf 81' lang='grc' dir='ltr'>εἰπεῖν.</span> <span class='ocrx_word' id='word_1_718' title='bbox 1219 1955 1273 1980; x_wconf 79' lang='grc' dir='ltr'><strong>Καὶ</strong></span> <span class='ocrx_word' id='word_1_719' title='bbox 1292 1955 1306 1981; x_wconf 88' lang='grc' dir='ltr'><strong>ό</strong></span> <span class='ocrx_word' id='word_1_720' title='bbox 1325 1955 1467 1990; x_wconf 74' lang='grc' dir='ltr'>Ἀχιτόφελ</span> <span class='ocrx_word' id='word_1_721' title='bbox 1482 1957 1674 1991; x_wconf 82' lang='grc' dir='ltr'>προτρέπεται,</span> <span class='ocrx_word' id='word_1_722' title='bbox 1688 1959 1749 1989; x_wconf 80' lang='grc' dir='ltr'>ταῖς</span> <span class='ocrx_word' id='word_1_723' title='bbox 1773 1958 1821 1985; x_wconf 78' lang='grc' dir='ltr'>τοῦ</span> <span class='ocrx_word' id='word_1_724' title='bbox 1845 1967 1893 1985; x_wconf 80' lang='grc' dir='ltr'>πα·</span> 
     </span>
    </p>
   </div>
   <div class='ocr_carea' id='block_1_100' title="bbox 1105 1999 1892 2037">
    <p class='ocr_par' dir='ltr' id='par_1_100' title="bbox 1105 1999 1892 2037">
     <span class='ocr_line' id='line_1_100' title="bbox 1105 1999 1892 2037; baseline 0.006 -12"><span class='ocrx_word' id='word_1_725' title='bbox 1105 1999 1168 2034; x_wconf 81' lang='grc' dir='ltr'>τρδς</span> <span class='ocrx_word' id='word_1_726' title='bbox 1184 1999 1277 2026; x_wconf 75' lang='grc' dir='ltr'>τοῦτον</span> <span class='ocrx_word' id='word_1_727' title='bbox 1294 2000 1406 2035; x_wconf 72' lang='grc' dir='ltr'>μιγέντα</span> <span class='ocrx_word' id='word_1_728' title='bbox 1428 2001 1588 2033; x_wconf 83' lang='grc' dir='ltr'>παλλακαῖς,</span> <span class='ocrx_word' id='word_1_729' title='bbox 1603 2002 1690 2029; x_wconf 83' lang='grc' dir='ltr'>ὀπίσω</span> <span class='ocrx_word' id='word_1_730' title='bbox 1707 2002 1830 2037; x_wconf 83' lang='grc' dir='ltr'>διώκειν,</span> <span class='ocrx_word' id='word_1_731' title='bbox 1850 2004 1892 2030; x_wconf 80' lang='grc' dir='ltr'>καὶ</span> 
     </span>
    </p>
   </div>
   <div class='ocr_carea' id='block_1_101' title="bbox 1106 2045 1892 2084">
    <p class='ocr_par' dir='ltr' id='par_1_101' title="bbox 1106 2045 1892 2084">
     <span class='ocr_line' id='line_1_101' title="bbox 1106 2045 1892 2084; baseline 0.005 -13"><span class='ocrx_word' id='word_1_732' title='bbox 1106 2045 1264 2081; x_wconf 82' lang='grc' dir='ltr'>ἀσυντάκτῳ</span> <span class='ocrx_word' id='word_1_733' title='bbox 1289 2046 1497 2081; x_wconf 79' lang='grc' dir='ltr'>προσϐαλεῖν.’0</span> <span class='ocrx_word' id='word_1_734' title='bbox 1521 2047 1549 2074; x_wconf 81' lang='grc' dir='ltr'>δὲ</span> <span class='ocrx_word' id='word_1_735' title='bbox 1573 2048 1657 2073; x_wconf 75' lang='grc' dir='ltr'>Χουσὶ</span> <span class='ocrx_word' id='word_1_736' title='bbox 1680 2048 1745 2084; x_wconf 75' lang='grc' dir='ltr'>περὶ</span> <span class='ocrx_word' id='word_1_737' title='bbox 1769 2049 1820 2083; x_wconf 80' lang='grc' dir='ltr'>μὲν</span> <span class='ocrx_word' id='word_1_738' title='bbox 1843 2049 1892 2076; x_wconf 85' lang='grc' dir='ltr'>τῶν</span> 
     </span>
    </p>
   </div>
   <div class='ocr_carea' id='block_1_102' title="bbox 1107 2090 1893 2128">
    <p class='ocr_par' dir='ltr' id='par_1_102' title="bbox 1107 2090 1893 2128">
     <span class='ocr_line' id='line_1_102' title="bbox 1107 2090 1893 2128; baseline 0.006 -13"><span class='ocrx_word' id='word_1_739' title='bbox 1107 2090 1251 2117; x_wconf 79' lang='grc' dir='ltr'>παλλακῶν</span> <span class='ocrx_word' id='word_1_740' title='bbox 1274 2090 1348 2117; x_wconf 80' lang='grc' dir='ltr'>οὐδὲν</span> <span class='ocrx_word' id='word_1_741' title='bbox 1365 2091 1536 2127; x_wconf 81' lang='grc' dir='ltr'>ἀπεφήνατο·</span> <span class='ocrx_word' id='word_1_742' title='bbox 1552 2092 1669 2128; x_wconf 76' lang='grc' dir='ltr'>ὲξορμᾷν</span> <span class='ocrx_word' id='word_1_743' title='bbox 1685 2092 1713 2119; x_wconf 83' lang='grc' dir='ltr'>δὲ</span> <span class='ocrx_word' id='word_1_744' title='bbox 1731 2093 1814 2126; x_wconf 78' lang='grc' dir='ltr'>εὐθὺς</span> <span class='ocrx_word' id='word_1_745' title='bbox 1828 2094 1893 2121; x_wconf 81' lang='grc' dir='ltr'>κατὰ</span> 
     </span>
    </p>
   </div>
   <div class='ocr_carea' id='block_1_103' title="bbox 1106 2137 1893 2177">
    <p class='ocr_par' dir='ltr' id='par_1_103' title="bbox 1106 2137 1893 2177">
     <span class='ocr_line' id='line_1_103' title="bbox 1106 2137 1893 2177; baseline 0.006 -15"><span class='ocrx_word' id='word_1_746' title='bbox 1106 2137 1152 2163; x_wconf 84' lang='grc' dir='ltr'>τοῦ</span> <span class='ocrx_word' id='word_1_747' title='bbox 1168 2137 1269 2172; x_wconf 72' lang='grc' dir='ltr'>πατρὸς</span> <span class='ocrx_word' id='word_1_748' title='bbox 1287 2138 1317 2164; x_wconf 84' lang='grc' dir='ltr'>οὐ</span> <span class='ocrx_word' id='word_1_749' title='bbox 1342 2137 1488 2174; x_wconf 83' lang='grc' dir='ltr'>συνεχώρει</span> <span class='ocrx_word' id='word_1_750' title='bbox 1519 2138 1557 2174; x_wconf 85' lang='grc' dir='ltr'>τῷ</span> <span class='ocrx_word' id='word_1_751' title='bbox 1576 2139 1765 2175; x_wconf 78' lang='grc' dir='ltr'>Ἀὅεσσαλώμ-</span> <span class='ocrx_word' id='word_1_752' title='bbox 1781 2141 1828 2167; x_wconf 83' lang='grc' dir='ltr'>ἵνα</span> <span class='ocrx_word' id='word_1_753' title='bbox 1849 2141 1893 2177; x_wconf 67' lang='grc' dir='ltr'>μὴ,</span> 
     </span>
    </p>
   </div>
   <div class='ocr_carea' id='block_1_104' title="bbox 1107 2184 1893 2222">
    <p class='ocr_par' dir='ltr' id='par_1_104' title="bbox 1107 2184 1893 2222">
     <span class='ocr_line' id='line_1_104' title="bbox 1107 2184 1893 2222; baseline 0.005 -13"><span class='ocrx_word' id='word_1_754' title='bbox 1107 2184 1135 2210; x_wconf 81' lang='grc' dir='ltr'>ὲν</span> <span class='ocrx_word' id='word_1_755' title='bbox 1155 2184 1240 2219; x_wconf 72' lang='grc' dir='ltr'>ὄρεσι,</span> <span class='ocrx_word' id='word_1_756' title='bbox 1255 2184 1345 2218; x_wconf 70' lang='grc' dir='ltr'>φησιν,</span> <span class='ocrx_word' id='word_1_757' title='bbox 1360 2184 1485 2219; x_wconf 80' lang='grc' dir='ltr'>ἐμπεσὼν</span> <span class='ocrx_word' id='word_1_758' title='bbox 1496 2185 1542 2211; x_wconf 81' lang='grc' dir='ltr'><strong>καὶ</strong></span> <span class='ocrx_word' id='word_1_759' title='bbox 1553 2185 1718 2220; x_wconf 73' lang='grc' dir='ltr'>δυσφορίαις,</span> <span class='ocrx_word' id='word_1_760' title='bbox 1729 2186 1760 2212; x_wconf 87' lang='grc' dir='ltr'><strong>τό</strong></span> <span class='ocrx_word' id='word_1_761' title='bbox 1773 2195 1804 2212; x_wconf 85' lang='grc' dir='ltr'><strong>τε</strong></span> <span class='ocrx_word' id='word_1_762' title='bbox 1817 2195 1893 2222; x_wconf 82' lang='grc' dir='ltr'>στρα-</span> 
     </span>
    </p>
   </div>
   <div class='ocr_carea' id='block_1_105' title="bbox 1107 2228 1893 2266">
    <p class='ocr_par' dir='ltr' id='par_1_105' title="bbox 1107 2228 1893 2266">
     <span class='ocr_line' id='line_1_105' title="bbox 1107 2228 1893 2266; baseline 0.004 -12"><span class='ocrx_word' id='word_1_763' title='bbox 1107 2228 1216 2256; x_wconf 83' lang='grc' dir='ltr'>τόπεδον</span> <span class='ocrx_word' id='word_1_764' title='bbox 1235 2228 1403 2265; x_wconf 83' lang='grc' dir='ltr'>διαφθείρῃς,</span> <span class='ocrx_word' id='word_1_765' title='bbox 1419 2228 1467 2255; x_wconf 78' lang='grc' dir='ltr'><strong>καὶ</strong></span> <span class='ocrx_word' id='word_1_766' title='bbox 1489 2229 1568 2261; x_wconf 77' lang='grc' dir='ltr'>αὐτὸς</span> <span class='ocrx_word' id='word_1_767' title='bbox 1581 2231 1641 2261; x_wconf 82' lang='grc' dir='ltr'>ταῖς</span> <span class='ocrx_word' id='word_1_768' title='bbox 1655 2229 1702 2256; x_wconf 77' lang='grc' dir='ltr'>τοῦ</span> <span class='ocrx_word' id='word_1_769' title='bbox 1728 2231 1837 2266; x_wconf 79' lang='grc' dir='ltr'>πατρὸς</span> <span class='ocrx_word' id='word_1_770' title='bbox 1851 2231 1893 2265; x_wconf 87' lang='grc' dir='ltr'>λη-</span> 
     </span>
    </p>
   </div>
   <div class='ocr_carea' id='block_1_106' title="bbox 1108 2273 1891 2311">
    <p class='ocr_par' dir='ltr' id='par_1_106' title="bbox 1108 2273 1891 2311">
     <span class='ocr_line' id='line_1_106' title="bbox 1108 2273 1891 2311; baseline 0.004 -11"><span class='ocrx_word' id='word_1_771' title='bbox 1108 2273 1202 2309; x_wconf 78' lang='grc' dir='ltr'>φθείης</span> <span class='ocrx_word' id='word_1_772' title='bbox 1225 2274 1312 2309; x_wconf 82' lang='grc' dir='ltr'>χερσί.</span> <span class='ocrx_word' id='word_1_773' title='bbox 1328 2274 1381 2300; x_wconf 80' lang='grc' dir='ltr'><strong>Τοῦ</strong></span> <span class='ocrx_word' id='word_1_774' title='bbox 1396 2273 1424 2300; x_wconf 81' lang='grc' dir='ltr'>δὲ</span> <span class='ocrx_word' id='word_1_775' title='bbox 1443 2274 1607 2309; x_wconf 82' lang='grc' dir='ltr'>πατραλοίου</span> <span class='ocrx_word' id='word_1_776' title='bbox 1632 2275 1769 2307; x_wconf 75' lang='grc' dir='ltr'>είπόντος”</span> <span class='ocrx_word' id='word_1_777' title='bbox 1794 2275 1891 2311; x_wconf 70' lang='grc' dir='ltr'>Ἀγαθὴ</span> 
     </span>
    </p>
   </div>
   <div class='ocr_carea' id='block_1_107' title="bbox 1105 2319 1893 2356">
    <p class='ocr_par' dir='ltr' id='par_1_107' title="bbox 1105 2319 1893 2356">
     <span class='ocr_line' id='line_1_107' title="bbox 1105 2319 1893 2356; baseline 0.005 -10"><span class='ocrx_word' id='word_1_778' title='bbox 1105 2319 1206 2354; x_wconf 77' lang='grc' dir='ltr'>βουλὴ</span> <span class='ocrx_word' id='word_1_779' title='bbox 1224 2319 1318 2346; x_wconf 77' lang='grc' dir='ltr'>Χουσὶ</span> <span class='ocrx_word' id='word_1_780' title='bbox 1333 2320 1408 2354; x_wconf 78' lang='grc' dir='ltr'>ὑπὲρ</span> <span class='ocrx_word' id='word_1_781' title='bbox 1423 2319 1480 2355; x_wconf 76' lang='grc' dir='ltr'>τὴν</span> <span class='ocrx_word' id='word_1_782' title='bbox 1489 2321 1613 2355; x_wconf 76' lang='grc' dir='ltr'>,βουλὴν</span> <span class='ocrx_word' id='word_1_783' title='bbox 1632 2321 1796 2356; x_wconf 60' lang='grc' dir='ltr'><strong>Ἀχιτόφελ.</strong></span> <span class='ocrx_word' id='word_1_784' title='bbox 1815 2323 1893 2356; x_wconf 72' lang='grc' dir='ltr'>λυπη-</span> 
     </span>
    </p>
   </div>
   <div class='ocr_carea' id='block_1_108' title="bbox 1108 2365 1892 2402">
    <p class='ocr_par' dir='ltr' id='par_1_108' title="bbox 1108 2365 1892 2402">
     <span class='ocr_line' id='line_1_108' title="bbox 1108 2365 1892 2402; baseline 0.001 -11"><span class='ocrx_word' id='word_1_785' title='bbox 1108 2365 1164 2396; x_wconf 77' lang='grc' dir='ltr'>θεὶς</span> <span class='ocrx_word' id='word_1_786' title='bbox 1177 2365 1317 2400; x_wconf 81' lang='grc' dir='ltr'>Ἀχιτόφελ</span> <span class='ocrx_word' id='word_1_787' title='bbox 1329 2365 1480 2401; x_wconf 76' lang='grc' dir='ltr'>ἀπήγξατο.</span> <span class='ocrx_word' id='word_1_788' title='bbox 1490 2366 1518 2392; x_wconf 91' lang='lat'>&#39;0</span> <span class='ocrx_word' id='word_1_789' title='bbox 1527 2366 1555 2393; x_wconf 77' lang='grc' dir='ltr'>δὲ</span> <span class='ocrx_word' id='word_1_790' title='bbox 1566 2367 1650 2393; x_wconf 75' lang='grc' dir='ltr'>Χουσὶ</span> <span class='ocrx_word' id='word_1_791' title='bbox 1664 2367 1703 2402; x_wconf 82' lang='grc' dir='ltr'><strong>τῷ</strong></span> <span class='ocrx_word' id='word_1_792' title='bbox 1713 2368 1797 2394; x_wconf 78' lang='grc' dir='ltr'>Δαυῒδ</span> <span class='ocrx_word' id='word_1_793' title='bbox 1810 2369 1892 2396; x_wconf 75' lang='grc' dir='ltr'>πάντα</span> 
     </span>
    </p>
   </div>
   <div class='ocr_carea' id='block_1_109' title="bbox 1107 2411 1891 2448">
    <p class='ocr_par' dir='ltr' id='par_1_109' title="bbox 1107 2411 1891 2448">
     <span class='ocr_line' id='line_1_109' title="bbox 1107 2411 1891 2448; baseline 0.003 -11"><span class='ocrx_word' id='word_1_794' title='bbox 1107 2411 1151 2437; x_wconf 67' lang='grc' dir='ltr'><strong>διὰ</strong></span> <span class='ocrx_word' id='word_1_795' title='bbox 1163 2411 1216 2438; x_wconf 85' lang='grc' dir='ltr'>τῶν</span> <span class='ocrx_word' id='word_1_796' title='bbox 1234 2412 1326 2447; x_wconf 81' lang='grc' dir='ltr'>ἱερέων</span> <span class='ocrx_word' id='word_1_797' title='bbox 1342 2412 1470 2448; x_wconf 76' lang='grc' dir='ltr'>ἐδήλωσε,</span> <span class='ocrx_word' id='word_1_798' title='bbox 1487 2413 1535 2440; x_wconf 76' lang='grc' dir='ltr'>καὶ</span> <span class='ocrx_word' id='word_1_799' title='bbox 1554 2412 1663 2447; x_wconf 74' lang='grc' dir='ltr'>φεύγειν</span> <span class='ocrx_word' id='word_1_800' title='bbox 1678 2412 1719 2439; x_wconf 74' lang='grc' dir='ltr'>ἔτι</span> <span class='ocrx_word' id='word_1_801' title='bbox 1741 2414 1891 2441; x_wconf 72' lang='grc' dir='ltr'>ἐκέλευσεν.</span> 
     </span>
    </p>
   </div>
   <div class='ocr_carea' id='block_1_110' title="bbox 1115 2457 1892 2494">
    <p class='ocr_par' dir='ltr' id='par_1_110' title="bbox 1115 2457 1892 2494">
     <span class='ocr_line' id='line_1_110' title="bbox 1115 2457 1892 2494; baseline 0.001 -10"><span class='ocrx_word' id='word_1_802' title='bbox 1115 2458 1190 2484; x_wconf 80' lang='grc' dir='ltr'>Ἐπεὶ</span> <span class='ocrx_word' id='word_1_803' title='bbox 1216 2457 1245 2484; x_wconf 75' lang='grc' dir='ltr'>δὲ</span> <span class='ocrx_word' id='word_1_804' title='bbox 1270 2458 1549 2494; x_wconf 83' lang='grc' dir='ltr'>παρασκευασάμενος</span> <span class='ocrx_word' id='word_1_805' title='bbox 1570 2459 1584 2484; x_wconf 88' lang='grc' dir='ltr'><strong><em>ὸ</em></strong></span> <span class='ocrx_word' id='word_1_806' title='bbox 1608 2458 1787 2494; x_wconf 81' lang='grc' dir='ltr'>Ἀϐεσσαλὼμ</span> <span class='ocrx_word' id='word_1_807' title='bbox 1812 2460 1892 2487; x_wconf 77' lang='grc' dir='ltr'>ὀπίσω</span> 
     </span>
    </p>
   </div>
   <div class='ocr_carea' id='block_1_111' title="bbox 1108 2504 1893 2541">
    <p class='ocr_par' dir='ltr' id='par_1_111' title="bbox 1108 2504 1893 2541">
     <span class='ocr_line' id='line_1_111' title="bbox 1108 2504 1893 2541; baseline -0.001 -10"><span class='ocrx_word' id='word_1_808' title='bbox 1108 2504 1155 2531; x_wconf 79' lang='grc' dir='ltr'>τοῦ</span> <span class='ocrx_word' id='word_1_809' title='bbox 1172 2505 1273 2541; x_wconf 76' lang='grc' dir='ltr'>πατρὸς</span> <span class='ocrx_word' id='word_1_810' title='bbox 1296 2504 1452 2537; x_wconf 80' lang='grc' dir='ltr'>κατεδίωξε,</span> <span class='ocrx_word' id='word_1_811' title='bbox 1470 2505 1601 2540; x_wconf 74' lang='grc' dir='ltr'>πρότερον</span> <span class='ocrx_word' id='word_1_812' title='bbox 1626 2506 1686 2536; x_wconf 88' lang='grc' dir='ltr'>ταῖς</span> <span class='ocrx_word' id='word_1_813' title='bbox 1708 2505 1816 2532; x_wconf 75' lang='grc' dir='ltr'>ἐκείνου</span> <span class='ocrx_word' id='word_1_814' title='bbox 1834 2506 1893 2533; x_wconf 73' lang='grc' dir='ltr'>παλ-</span> 
     </span>
    </p>
   </div>
   <div class='ocr_carea' id='block_1_112' title="bbox 1108 2551 1893 2588">
    <p class='ocr_par' dir='ltr' id='par_1_112' title="bbox 1108 2551 1893 2588">
     <span class='ocr_line' id='line_1_112' title="bbox 1108 2551 1893 2588; baseline -0.003 -10"><span class='ocrx_word' id='word_1_815' title='bbox 1108 2551 1204 2584; x_wconf 89' lang='grc' dir='ltr'>λακαῖς</span> <span class='ocrx_word' id='word_1_816' title='bbox 1225 2552 1254 2578; x_wconf 80' lang='grc' dir='ltr'>ὲν</span> <span class='ocrx_word' id='word_1_817' title='bbox 1275 2551 1399 2587; x_wconf 78' lang='grc' dir='ltr'>ὑπαίθρῳ</span> <span class='ocrx_word' id='word_1_818' title='bbox 1420 2553 1519 2587; x_wconf 73' lang='grc' dir='ltr'>μιγεὶς,</span> <span class='ocrx_word' id='word_1_819' title='bbox 1536 2553 1550 2578; x_wconf 84' lang='grc' dir='ltr'><em>ὁ</em></span> <span class='ocrx_word' id='word_1_820' title='bbox 1565 2551 1614 2588; x_wconf 81' lang='grc' dir='ltr'>μὲν</span> <span class='ocrx_word' id='word_1_821' title='bbox 1628 2551 1709 2578; x_wconf 77' lang='grc' dir='ltr'>Δαυῖδ</span> <span class='ocrx_word' id='word_1_822' title='bbox 1722 2552 1773 2579; x_wconf 86' lang='grc' dir='ltr'>οὐκ</span> <span class='ocrx_word' id='word_1_823' title='bbox 1788 2553 1893 2588; x_wconf 77' lang='grc' dir='ltr'>ἐξῆλθεν</span> 
     </span>
    </p>
   </div>
   <div class='ocr_carea' id='block_1_113' title="bbox 1110 2597 1892 2634">
    <p class='ocr_par' dir='ltr' id='par_1_113' title="bbox 1110 2597 1892 2634">
     <span class='ocr_line' id='line_1_113' title="bbox 1110 2597 1892 2634; baseline 0.004 -12"><span class='ocrx_word' id='word_1_824' title='bbox 1110 2597 1190 2628; x_wconf 83' lang='grc' dir='ltr'>αὐτὸς</span> <span class='ocrx_word' id='word_1_825' title='bbox 1206 2598 1246 2628; x_wconf 80' lang='grc' dir='ltr'>εἰς</span> <span class='ocrx_word' id='word_1_826' title='bbox 1265 2597 1488 2632; x_wconf 75' lang='grc' dir='ltr'>ἀντιπαράταξιν,</span> <span class='ocrx_word' id='word_1_827' title='bbox 1507 2598 1622 2634; x_wconf 74' lang='grc' dir='ltr'>ἡγεμόσι</span> <span class='ocrx_word' id='word_1_828' title='bbox 1644 2598 1672 2625; x_wconf 87' lang='grc' dir='ltr'>δὲ</span> <span class='ocrx_word' id='word_1_829' title='bbox 1695 2599 1849 2630; x_wconf 80' lang='grc' dir='ltr'>πιστεύσας</span> <span class='ocrx_word' id='word_1_830' title='bbox 1868 2598 1892 2623; x_wconf 69' lang='grc' dir='ltr'>τὸ</span> 
     </span>
    </p>
   </div>
   <div class='ocr_carea' id='block_1_114' title="bbox 1111 2643 1892 2680">
    <p class='ocr_par' dir='ltr' id='par_1_114' title="bbox 1111 2643 1892 2680">
     <span class='ocr_line' id='line_1_114' title="bbox 1111 2643 1892 2680; baseline 0.003 -12"><span class='ocrx_word' id='word_1_831' title='bbox 1111 2643 1277 2678; x_wconf 83' lang='grc' dir='ltr'>στράτευμα,</span> <span class='ocrx_word' id='word_1_832' title='bbox 1294 2643 1443 2670; x_wconf 81' lang='grc' dir='ltr'>ἐνετείλατο</span> <span class='ocrx_word' id='word_1_833' title='bbox 1457 2644 1547 2676; x_wconf 78' lang='grc' dir='ltr'>αὐτοῖς</span> <span class='ocrx_word' id='word_1_834' title='bbox 1562 2645 1648 2678; x_wconf 84' lang='grc' dir='ltr'>λέγων</span> <span class='ocrx_word' id='word_1_835' title='bbox 1657 2653 1665 2660; x_wconf 74' lang='grc' dir='ltr'><strong>ο</strong></span> <span class='ocrx_word' id='word_1_836' title='bbox 1677 2645 1831 2673; x_wconf 79' lang='grc' dir='ltr'>Φείσασθέ</span> <span class='ocrx_word' id='word_1_837' title='bbox 1840 2651 1892 2680; x_wconf 80' lang='grc' dir='ltr'>μιν</span> 
     </span>
    </p>
   </div>
   <div class='ocr_carea' id='block_1_115' title="bbox 1110 2688 1891 2726">
    <p class='ocr_par' dir='ltr' id='par_1_115' title="bbox 1110 2688 1891 2726">
     <span class='ocr_line' id='line_1_115' title="bbox 1110 2688 1891 2726; baseline -0.001 -10"><span class='ocrx_word' id='word_1_838' title='bbox 1110 2688 1162 2716; x_wconf 74' lang='grc' dir='ltr'>τοῦ</span> <span class='ocrx_word' id='word_1_839' title='bbox 1177 2689 1334 2723; x_wconf 80' lang='grc' dir='ltr'>παιδαρίου</span> <span class='ocrx_word' id='word_1_840' title='bbox 1349 2689 1544 2724; x_wconf 74' lang='grc' dir='ltr'>Ἀὅεσσαλώμ.</span> <span class='ocrx_word' id='word_1_841' title='bbox 1556 2690 1609 2716; x_wconf 78' lang='grc' dir='ltr'><strong>Τοῦ</strong></span> <span class='ocrx_word' id='word_1_842' title='bbox 1622 2690 1650 2716; x_wconf 78' lang='grc' dir='ltr'>δὲ</span> <span class='ocrx_word' id='word_1_843' title='bbox 1664 2690 1784 2725; x_wconf 76' lang='grc' dir='ltr'>πολέμου</span> <span class='ocrx_word' id='word_1_844' title='bbox 1799 2691 1891 2726; x_wconf 52' lang='lat' dir='ltr'><strong>copy}:-</strong></span> 
     </span>
    </p>
   </div>
   <div class='ocr_carea' id='block_1_116' title="bbox 1110 2734 1891 2770">
    <p class='ocr_par' dir='ltr' id='par_1_116' title="bbox 1110 2734 1891 2770">
     <span class='ocr_line' id='line_1_116' title="bbox 1110 2734 1891 2770; baseline -0.004 -9"><span class='ocrx_word' id='word_1_845' title='bbox 1110 2735 1203 2769; x_wconf 83' lang='grc' dir='ltr'>γέντος</span> <span class='ocrx_word' id='word_1_846' title='bbox 1223 2736 1252 2761; x_wconf 75' lang='grc' dir='ltr'><strong>έν</strong></span> <span class='ocrx_word' id='word_1_847' title='bbox 1269 2734 1308 2770; x_wconf 83' lang='grc' dir='ltr'>τῷ</span> <span class='ocrx_word' id='word_1_848' title='bbox 1327 2734 1422 2770; x_wconf 87' lang='grc' dir='ltr'>δρυμῷ</span> <span class='ocrx_word' id='word_1_849' title='bbox 1443 2734 1573 2770; x_wconf 76' lang='grc' dir='ltr'>Ἐφρατμ,</span> <span class='ocrx_word' id='word_1_850' title='bbox 1587 2735 1715 2762; x_wconf 85' lang='grc' dir='ltr'>πίπτουσι</span> <span class='ocrx_word' id='word_1_851' title='bbox 1739 2735 1790 2770; x_wconf 81' lang='grc' dir='ltr'>μὲν</span> <span class='ocrx_word' id='word_1_852' title='bbox 1814 2735 1891 2761; x_wconf 63' lang='grc' dir='ltr'>εἴκοςι</span> 
     </span>
    </p>
   </div>
   <div class='ocr_carea' id='block_1_117' title="bbox 1110 2779 1893 2820">
    <p class='ocr_par' dir='ltr' id='par_1_117' title="bbox 1110 2779 1893 2820">
     <span class='ocr_line' id='line_1_117' title="bbox 1110 2779 1893 2820; baseline -0.001 -13"><span class='ocrx_word' id='word_1_853' title='bbox 1110 2780 1226 2815; x_wconf 83' lang='grc' dir='ltr'>χιλιάδες</span> <span class='ocrx_word' id='word_1_854' title='bbox 1240 2779 1345 2815; x_wconf 82' lang='grc' dir='ltr'>ἀνδρῶν</span> <span class='ocrx_word' id='word_1_855' title='bbox 1359 2779 1412 2807; x_wconf 73' lang='grc' dir='ltr'><strong>ἀπὸ</strong></span> <span class='ocrx_word' id='word_1_856' title='bbox 1423 2780 1470 2806; x_wconf 85' lang='grc' dir='ltr'>τοῦ</span> <span class='ocrx_word' id='word_1_857' title='bbox 1484 2780 1688 2820; x_wconf 81' lang='grc' dir='ltr'>στρατεύματος</span> <span class='ocrx_word' id='word_1_858' title='bbox 1703 2780 1751 2806; x_wconf 79' lang='grc' dir='ltr'>τοῦ</span> <span class='ocrx_word' id='word_1_859' title='bbox 1772 2781 1893 2807; x_wconf 47' lang='lat'><strong>16:534-</strong></span> 
     </span>
    </p>
   </div>
  </div>
