1926 3051
247 111 300 139 535

661 112 689 139 δ.
709 111 896 139 ATHANASII
916 112 990 140 OPP.
1008 112 1099 140 PARS
1125 112 1170 139 Ill.
1183 126 1217 132 —-
1238 112 1449 140 EXEGETICA.

1813 115 1862 143 555

282 175 352 202 Tum
379 175 460 202 etiam
486 174 641 202 Graecorum
665 178 750 208 poetae
774 178 801 201 et
823 179 957 206 oratores,
981 174 1028 209 qui

1115 175 1170 201 Καὶ
1179 175 1202 200 οἱ
1213 175 1277 209 παρ’
1290 173 1400 208 Ἕλλησι
1411 173 1439 199 δὲ
1448 176 1558 209 ποιηταὶ
1571 175 1618 201 καὶ
1627 173 1801 209 λογογράφοι,
1809 176 1861 202 κατ’

247 228 309 248 cum
325 220 436 248 omnino
453 220 553 247 nullam
567 219 626 255 ejus
637 219 674 246 rei
689 227 783 246 curam
801 219 942 251 haberem,
957 227 1033 248 vera-

247 275 281 294 ne
296 271 387 294 essent
402 273 462 301 quae
477 266 607 297 dicerent,
623 265 842 299 conscripserunt
869 265 979 299 singuli.
997 265 1034 291 si-

1081 221 1174 247 οὺδένα
1199 220 1297 255 τρόπον
1318 219 1365 246 τοῦ
1380 220 1488 255 ἀληθεῖς
1507 217 1577 246 εἶναι
1593 220 1795 254 φροντίσαντες,
1810 229 1862 246 συν-

1081 264 1446 296 τεθείκασιψάϐασανίστως
1467 265 1496 291 τὺ
1519 266 1610 296 αὐτοῖς
1634 265 1740 297 δοκοῦν,
1771 266 1862 291 σκοπὸν

247 319 282 339 ne
295 312 396 347 praevio
409 312 543 344 examine,
556 318 616 346 qua:
631 311 697 345 ipsis
712 311 882 341 videbantur,
899 310 972 337 hunc
989 317 1033 337 so-

1082 309 1188 344 εχοντες
1204 310 1262 342 ἕνα,
1279 310 1310 336 τὺ
1327 309 1455 342 ἐπίδειξιν
1470 311 1633 346 ποιήσασθαι
1649 310 1781 345 γλώττης.

246 358 303 386 lum
327 359 407 386 ﬁnem
426 358 567 389 habentes,
584 361 614 385 ut
636 357 765 384 nimirum
790 356 890 391 lingua:
906 363 963 383 sua:
979 356 1035 382 ele-

247 406 367 441 gantiam
383 409 562 433 ostentarent.

823 450 889 477 Item
901 451 928 477 in
941 450 1036 484 psalm.
1052 458 1103 477 xm
1115 450 1293 485 ἐπιγραφήν,

282 500 430 528 Athanasii.
452 499 605 527 Secundum
627 505 764 534 anagogen
789 506 863 530 vero,
889 498 975 532 aperit
999 498 1027 525 in

247 547 297 574 hoc
313 547 416 582 psalmo
433 551 460 574 et
474 546 591 580 explicat
607 545 759 572 clarissime
777 544 919 571 hominum
933 543 1029 578 impie-

246 596 328 619 tatem
341 596 368 618 et
381 591 448 626 legis
461 591 711 626 praevaricationem
725 590 751 616 in
766 589 893 617 omnibus
906 589 964 616 suis
981 596 1028 616 co-

246 637 355 665 natibus
368 646 374 664 :
387 642 416 664 ut
428 637 491 664 hinc
503 637 690 664 necessitatem
702 636 833 663 adventus
846 634 948 662 Christi
961 642 1029 669 prte—

246 683 326 710 dicet.
345 683 432 718 Atque
444 683 485 710 sic
499 682 608 717 quidem
633 682 712 709 divus
725 680 890 708 Athanasius
905 688 911 706 :
929 687 1028 707 secun-

245 728 310 756 dum
325 733 415 756 autem
430 735 557 763 magnum
569 727 708 759 Basilium,
721 731 775 754 etc.

1117 498 1173 534 (56)
1192 499 1374 526 Ἆθανασίου.
1391 499 1468 527 Κατὰ
1482 500 1573 535 μέντοι
1587 499 1742 534 ἀναγωγὴν.
1757 499 1861 535 διαρῤἡι

1078 544 1127 580 δην
1145 546 1174 571 ὲν
1190 545 1229 580 τῷ
1246 547 1357 580 παρόντι
1373 545 1473 581 ψαλμῷ
1486 545 1628 581 σαφηνίζει
1640 545 1694 572 τῶν
1717 546 1862 581 ἀνθρώπων

1078 591 1128 624 τὴν
1144 592 1183 622 εἰς
1198 592 1227 618 τὸ
1242 592 1370 623 παντελὲς
1383 592 1435 618 τῶν
1451 592 1671 628 ἐπιτηδευμάτων
1684 592 1813 618 ἀσέϐειαν
1823 593 1862 618 καὶ

1079 637 1262 672 παρανομίαν,
1280 638 1322 664 ἵνα
1340 638 1369 664 τὸ
1391 638 1537 672 ἀναγκαῖον
1561 638 1610 673 τῆς
1628 639 1790 672 ἐπιφανείας
1805 640 1861 665 ἁνα-

1078 682 1184 718 κηρύξῃ
1201 683 1330 718 Χριστοῦ.
1349 684 1403 710 Καὶ
1419 683 1505 715 οὕτως
1520 684 1568 719 μὲν
1579 685 1593 710 ό
1605 683 1674 715 θεῖος
1691 684 1859 716 Ἀθανάσιιις·

1077 727 1147 754 κατὰ
1159 727 1188 754 δὲ
1200 728 1244 755 τὸν
1261 728 1346 764 μέγαν
1360 728 1508 760 Βασίλειον,
1524 734 1575 756 etc.

516 784 644 811 Similiter
657 785 684 811 in
696 785 802 811 titulum
813 784 908 819 psalm.
929 792 986 817 xw,
1003 784 1142 818 prwmissa
1155 783 1311 811 Theodoreti
1324 785 1464 816 sententia,
1479 784 1603 819 subjicit:

281 833 445 861 Athanasius
461 837 549 860 autem
566 837 593 860 et
607 832 732 864 Basilius,
748 833 838 867 magni
862 832 899 858 illi
918 831 1022 864 Patres,

1113 831 1168 866 (57)
1194 831 1351 863 ’ᾹΟανάσιος
1369 831 1396 858 δὲ
1410 831 1455 858 καὶ
1473 831 1620 862 Βασίλειος,
1638 831 1662 858 οἱ
1683 831 1797 866 μεγάλοι
1811 831 1861 857 Πα-

244 882 331 911 aiunt,
345 877 470 904 Davidem
495 877 628 911 psalmum
652 878 725 904 hunc
739 877 880 908 cecinisse,
899 881 929 903 ut
946 877 1027 904 doce-

245 928 296 954 ret,
313 922 441 957 quidnam
460 922 525 949 illud
540 922 585 954 sit,
602 922 677 957 quod
693 922 830 948 hominem
846 926 977 956 pra‘paret
992 922 1026 949 ad

245 966 350 994 beatam
373 967 446 994 illam
466 966 584 1002 quietem
599 966 827 1001 consequendam.
847 965 946 999 Quare,
963 974 1026 993 cum

242 1012 413 1048 propositum
440 1015 513 1038 esset
540 1011 567 1038 in
590 1013 642 1038 hoc
656 1011 761 1046 psalmo
784 1011 920 1037 hominem
940 1009 1027 1044 perle-

244 1063 318 1086 ctum
343 1057 506 1090 describere,
530 1065 608 1090 eum,
632 1057 753 1091 inquam,
776 1057 824 1090 qui
850 1055 1024 1082 beatitudinis

243 1105 379 1139 particeps
401 1103 509 1131 futurus
527 1109 578 1136 est,
593 1103 687 1130 ordine
704 1109 737 1130 ac
750 1102 792 1129 via
804 1102 922 1137 quadam
940 1101 1024 1128 utitur

244 1151 271 1177 in
292 1151 326 1177 iis
342 1157 408 1185 quae
430 1150 458 1176 in
484 1150 544 1184 ipso
560 1149 676 1184 spectari
699 1149 797 1180 solent,
812 1147 971 1183 aproximis
993 1153 1025 1174 ac

243 1196 340 1230 primis
350 1195 422 1222 iacto
435 1195 556 1222 exordio.
572 1195 617 1222 Sic
632 1194 714 1230 ibitur
725 1193 829 1229 incipit,
840 1193 960 1226 Domine,
970 1198 1023 1220 etc.

1077 876 1164 911 τέρες,
1184 877 1264 910 φασίν
1273 885 1280 892 '
1296 878 1336 903 ὅτι
1349 877 1440 904 τοῦτον
1453 877 1508 912 ᾅδει
1523 877 1567 903 τὸν
1579 877 1683 912 ψαλμὸν
1704 878 1718 903 ὁ
1734 877 1817 903 Δαυῖδ
1827 879 1862 903 δι·

1076 921 1192 953 δάσκων,
1208 922 1234 948 τί
1254 921 1287 948 ἂν
1311 922 1452 957 ἄνθρωπον
1475 923 1678 958 παρασκευάσαι
1705 923 1755 957 τῆς
1779 931 1860 957 μαχα-

1079 966 1138 1001 ρίας
1154 967 1262 1001 ἐκείνης
1278 968 1368 1002 τυχεῖν
1392 966 1503 1001 λήξεως.
1527 968 1572 994 Διὸ
1592 967 1638 995 τὸν
1661 967 1762 994 τέλειον
1775 967 1861 1002 ἡμῖνέ

1076 1012 1155 1047 λόγος
1178 1013 1333 1049 ὑπογράψαι
1357 1013 1525 1048 βουλόμενός,
1540 1013 1586 1040 τὸν
1601 1014 1655 1040 τῶν
1672 1014 1861 1049 μακαρισμῶν,

1078 1059 1266 1094 ἐπιτυγχάνειν
1281 1059 1420 1094 μέλλοντα,
1436 1058 1510 1091 τάξει
1527 1060 1580 1086 τινὶ
1601 1060 1648 1086 καὶ
1661 1060 1712 1094 ὁΞῷ
1729 1060 1783 1086 τῶν
1803 1059 1861 1094 περὶ

1078 1104 1158 1131 αὑτὸν
1180 1104 1373 1140 θεωρουμένων
1398 1105 1577 1140 χρησάμενος,
1591 1105 1645 1132 ἀπὸ
1659 1105 1713 1132 τῶν
1734 1114 1861 1141 προσελιο

1079 1149 1180 1184 στέρων
1204 1149 1251 1176 καὶ
1267 1149 1382 1185 πρώτων
1404 1149 1453 1184 τὴν
1470 1150 1555 1185 ἀρχὴν
1568 1149 1722 1185 πεποίηται.
1731 1151 1861 1186 Ἀρχόμε-

1077 1203 1121 1226 νος
1135 1192 1180 1221 οὖν
1195 1202 1275 1229 φησι·
1289 1195 1388 1228 Κύριε,
1401 1198 1453 1222 etc.

519 1252 631 1279 Rursum
646 1253 672 1278 in
683 1251 777 1287 psalm.
792 1259 827 1279 xv
840 1251 887 1278 illa
905 1251 991 1282 verba,
1008 1260 1018 1277 ι
1033 1250 1138 1278 Sanctis
1153 1252 1197 1286 qui
1215 1256 1274 1278 sunt
1288 1252 1315 1278 in
1330 1257 1409 1285 terra,
1425 1261 1434 1278 ι
1448 1257 1509 1285 etc.,
1525 1261 1548 1279 υ.
1560 1252 1585 1279 5.

277 1300 449 1327 Athanasius.
471 1299 585 1327 Sanctos
601 1307 661 1326 esse
684 1299 722 1326 ait
747 1299 801 1332 hic,
815 1299 860 1334 qui
881 1299 906 1325 in
922 1298 1023 1333 Spiritu

244 1351 307 1373 sunt
327 1346 489 1373 sanctiﬁcati
512 1355 518 1372 :
536 1345 637 1372 Christi
657 1352 719 1372 vero
736 1349 846 1377 terram,
863 1344 1023 1373 Ecclesiam.

244 1389 310 1417 lllnd
321 1398 395 1423 vero,
411 1390 572 1424 Miriﬁcasti,
588 1397 648 1424 pro,
664 1388 823 1422 Declarasti,
840 1390 958 1424 ponitur.
974 1388 1023 1416 νο·

244 1437 360 1464 lnntates
385 1444 466 1471 porro
489 1436 573 1471 ipsius
587 1435 674 1462 Patris
689 1435 823 1471 intelligit.
838 1435 874 1462 Ut
887 1436 1023 1463 universo-

244 1490 304 1509 rum
321 1482 364 1508 hic
377 1482 412 1509 sit
425 1489 522 1509 sensus
537 1491 544 1509 :
558 1481 593 1508 lis
604 1482 651 1516 qui
665 1481 692 1508 in
707 1481 759 1509 ﬁde
773 1481 934 1509 sanetiﬁcati
947 1487 1022 1515 sunt,

243 1527 378 1562 cognitam
405 1527 520 1554 reddidit
543 1527 708 1554 voluntatem
722 1527 821 1554 Patris.
836 1526 917 1554 Potes
934 1532 1024 1555 tamen

243 1573 317 1600 hunc
336 1580 444 1600 versum
465 1572 505 1599 sic
528 1571 692 1607 intelligere:
710 1572 890 1600 Admirabiles
911 1572 1027 1600 reddidit

243 1617 314 1646 Deus
336 1623 445 1646 sanctos
469 1625 542 1645 suos.
564 1617 675 1650 Quare?
695 1617 764 1650 Quia
790 1618 942 1645 voluntates
966 1617 1025 1652 ejus

242 1672 337 1692 omnes
353 1664 381 1691 in
398 1664 462 1699 ipsis
476 1668 562 1696 erant,
580 1663 653 1691 etab
670 1663 737 1698 ipsis
753 1663 946 1698 implebantur.

1114 1298 1170 1333 (58)
1187 1298 1366 1331 Ἀθανάσιος.
1383 1299 1488 1333 Ἀγίους
1502 1297 1571 1325 εἶναί
1584 1308 1664 1334 φησιν
1675 1295 1791 1326 ἐνταῦθα.
1800 1301 1862 1331 τοὺς

1077 1343 1258 1379 ἡγιασμένους
1279 1345 1307 1370 ὲν
1330 1345 1484 1380 Πνεύματι·
1498 1345 1613 1381 Χριστοῦ
1629 1345 1657 1371 δὲ
1672 1345 1724 1380 γῆν
1735 1346 1784 1380 τὴν
1803 1346 1861 1372 Ἐχ-

1076 1390 1201 1426 κλησὶαψ
1211 1391 1241 1417 τὸ
1250 1391 1288 1424 δὲ,
1297 1391 1555 1426 Ἐθαυμὰστωσας,
1566 1392 1624 1418 ἀντὶ
1637 1391 1695 1423 τοῦ,
1711 1392 1861 1427 Ἐφανέρω-

1077 1445 1134 1468 σας.
1163 1436 1307 1472 Θελήματα
1331 1437 1359 1463 δὲ
1384 1437 1464 1464 αὐτοῦ
1478 1437 1525 1464 τοῦ
1541 1437 1661 1473 Πατρός·
1677 1438 1709 1463 ἵν’
1757 1438 1787 1463 τὸ
1804 1437 1862 1464 ἅλων

1074 1481 1158 1508 οὕτω·
1172 1482 1233 1514 Τοῖς
1245 1483 1419 1518 ἡγιασμένοις
1432 1484 1460 1509 ἐν
1474 1483 1564 1510 πίστει
1575 1483 1693 1517 γνωστὸν
1709 1483 1819 1518 ἐποίησε
1831 1483 1862 1509 τὸ

1075 1527 1178 1563 θέλημα
1190 1527 1236 1554 τοῦ
1251 1528 1364 1563 Πατρός.
1379 1528 1495 1564 Νοήσεις
1508 1528 1536 1554 δὲ
1546 1528 1591 1555 τὸν
1604 1527 1693 1562 στίχον
1706 1529 1753 1554 καὶ
1763 1528 1859 1558 οὕτως·

1080 1572 1287 1608 Ἐθαυμάστωσε
1303 1573 1365 1604 τοὺς
1379 1573 1472 1607 ἁγίους
1493 1574 1507 1600 ὁ
1531 1573 1604 1604 Θεὸς.
1620 1573 1668 1599 Διὰ
1683 1572 1725 1604 ei;
1744 1573 1816 1599 Διὸτι
1827 1573 1862 1599 τὰ

1074 1617 1137 1653 θελή
1142 1627 1213 1653 ματα
1235 1618 1317 1645 αὑτοῦ
1331 1618 1419 1646 πάντα
1433 1619 1463 1645 ὲν
1476 1619 1565 1650 αὐτοῖς
1579 1617 1659 1653 ἦσαν,
1673 1618 1721 1644 καὶ
1736 1619 1801 1653 παρ’
1816 1619 1862 1645 αὑ-

1073 1664 1130 1695 τοῖς
1145 1663 1274 1698 ἐγίνοντο.

779 1723 871 1749 Adhuc
890 1722 924 1749 ad
939 1721 1224 1758 inscriptionem'psal.
1241 1730 1319 1750 xvnt.

276 1781 448 1809 Athanasius.
465 1779 689 1823 Quandoquidem
712 1779 797 1807 David
820 1780 872 1807 hoc
895 1780 955 1806 loco
976 1787 1022 1806 ca-

241 1825 292 1855 nit,
307 1829 337 1851 ut
351 1829 377 1851 et
393 1824 420 1850 in
429 1831 496 1850 xxtn
508 1824 623 1858 psalmo,
635 1831 724 1851 rerum
737 1823 860 1851 omnium
869 1823 1021 1858 opiﬁcium,

241 1869 414 1904 reprehendit
427 1877 483 1901 eos,
500 1869 546 1904 qui
562 1869 694 1896 tnundum
708 1877 724 1897 a
739 1871 829 1904 seipso
848 1874 876 1897 et
889 1877 956 1897 casu
970 1877 1021 1896 ex-

241 1914 344 1941 stitisse
372 1914 475 1945 dicunt,
505 1919 532 1941 et
553 1914 626 1942 nulla
662 1915 718 1950 regi
739 1914 908 1950 providentia
931 1923 938 1942 :
962 1914 1022 1941 illos

241 1959 333 1992 etiam,
348 1960 394 1994 qui
413 1960 535 1987 serviunt
551 1965 685 1988 creaturae
706 1968 761 1995 prae
787 1959 925 1988 Creatore.
951 1959 1021 1992 Quid

241 2006 323 2041 igitur
337 2006 456 2040 loquitur
471 2006 505 2033 ad
517 2013 563 2034 eos
585 2006 633 2041 qui
647 2013 681 2034 ex
691 2006 816 2041 gentibus
829 2006 917 2033 vocati
929 2005 1011 2033 sunt?

1111 1779 1168 1815 (59)
1189 1779 1375 1813 Ἀθανάσιος.
1402 1778 1535 1806 Ἐνταῦθα
1561 1778 1652 1813 μέντοι
1673 1778 1687 1803 ό
1707 1775 1861 1808 Δαυῒδ,·ὡς

1074 1824 1102 1850 ὲν
1122 1823 1162 1859 τῷ
1183 1825 1298 1859 εἰκοστῷ
1313 1824 1396 1860 τρίτῳ
1412 1823 1511 1858 ψαλμῷ
1523 1844 1529 1856 ,
1545 1823 1652 1858 ψάλλων
1666 1821 1700 1848 τὰ
1718 1823 1769 1856 τῆς
1782 1822 1860 1856 γενέ·

1074 1878 1152 1901 σεως,
1166 1871 1284 1897 αἰτιᾶται
1299 1872 1362 1902 τοὺς
1376 1871 1516 1905 αὐτόματα
1528 1869 1653 1903 λέγοντας
1664 1869 1812 1902 ὑφεστάναι
1824 1869 1858 1894 τὰ

1073 1915 1138 1942 ὄντα
1154 1915 1200 1942 καὶ
1219 1916 1373 1951 ἀπρονόητα
1388 1913 1467 1947 εἶναι,
1485 1916 1532 1941 καὶ
1546 1915 1607 1945 τοὺς
1621 1913 1802 1948 λατρεύοντας
1824 1914 1858 1947 τῇ

1073 1961 1160 1988 κτίσει
1177 1962 1252 1997 παρὰ
1265 1961 1310 1988 τὸν
1330 1961 1470 1988 κτίσαντα.
1494 1961 1527 1986 Τί
1543 1959 1588 1988 οὖν
1605 1960 1657 1995 ἄρα
1672 1960 1740 1994 φησὶ
1758 1961 1816 1992 τοῖς
1829 1959 1858 1992 ἐξ

1079 2005 1163 2032 ἐθνῶν
1176 2006 1373 2042 κεκλημένοις;
1393 2006 1437 2033 Sic
1454 2007 1490 2032 ibi
1507 2014 1582 2032 sensu
1594 2005 1762 2039 incomplete.

569 2060 637 2089 Item
652 2062 679 2088 in
694 2062 811 2096 ejusdem
825 2061 921 2096 psalmi
937 2061 1014 2088 verba
1027 2061 1033 2088 t'

1083 2082 1091 2094 ,
1115 2062 1176 2088 Οὐκ
1187 2060 1247 2089 εἰσὶ
1257 2063 1369 2096 λαλιαι,
1380 2067 1442 2096 etc.,
1456 2071 1479 2090 υ.
1491 2062 1518 2088 Δ.

273 2120 360 2148 Porro
385 2121 413 2148 S.
438 2120 553 2156 Cyrillus
580 2125 607 2148 et
628 2121 765 2148 maximus
788 2121 833 2148 ille
856 2120 1022 2148 Athanasius

1109 2119 1165 2155 (60)
1183 2120 1212 2147 ’0
1224 2120 1252 2147 δὲ
1268 2121 1345 2155 ἅγιος
1358 2119 1492 2156 Κύριλλος
1514 2120 1562 2147 καὶ
1577 2121 1591 2147 ὁ
1605 2120 1757 2155 παμμέγας
1777 2121 1857 2148 Ἀθα-

241 2174 289 2201 per
306 2167 415 2194 modum
432 2166 655 2202 interrogationis
678 2166 783 2201 legunt,
797 2165 871 2201 quod
886 2166 931 2193 hic
954 2166 1022 2193 dici-

242 2217 304 2238 tur:
320 2211 413 2238 Nonne
429 2216 489 2238 sunt
509 2211 627 2246 loquelae,
639 2216 685 2238 att:
702 2218 842 2243 sermones,
859 2218 970 2245 quorum
981 2218 1022 2237 vo-

241 2263 281 2282 ces
296 2264 347 2283 non
368 2257 532 2283 audientur?
551 2257 629 2291 quasi
648 2257 721 2284 dicat
735 2255 837 2283 David:
860 2255 955 2283 Nonne
970 2263 1021 2283 au-

242 2301 355 2328 diuntur
367 2303 449 2329 etiam
464 2307 602 2330 mutarum
626 2303 684 2330 sive
707 2309 809 2333 rerum,
836 2301 894 2329 sive
908 2308 1021 2335 operum

242 2354 321 2375 voces
342 2348 443 2384 absque
471 2356 597 2376 sermone
606 2353 634 2376 et
658 2348 771 2383 lingua?
784 2347 866 2379 Sane,
880 2347 952 2374 dicat
970 2347 1021 2374 ali-

240 2394 312 2428 quis.
325 2393 391 2421 Nam
410 2394 640 2429 quemadmodum
656 2394 772 2422 textoris
798 2394 944 2421 artiﬁcium
964 2394 1019 2422 cla-

240 2445 296 2467 mat
324 2440 397 2467 varia
420 2448 453 2468 ae
468 2441 616 2469 versicolor
632 2440 733 2474 vestis;
750 2447 783 2467 ac
799 2440 887 2471 navis,
916 2440 943 2466 in
965 2448 1019 2475 qua

240 2485 308 2512 nihil
324 2486 484 2521 reprehendi
505 2491 602 2522 potest,
622 2486 746 2521 opiﬁcem
770 2493 849 2513 suum
864 2486 994 2521 prtedicat
1010 2495 1017 2519 ;

241 2534 348 2562 labrum
361 2535 477 2570 denique
493 2535 578 2570 ipsius
590 2542 659 2569 opus
673 2543 679 2560 :
700 2533 740 2561 sie
752 2538 778 2561 et
791 2538 928 2566 creatura,
939 2532 1018 2567 cujus

241 2581 404 2609 mentionem
430 2581 561 2612 fecimus,
577 2581 628 2607 etsi
646 2587 772 2608 sermone
789 2587 823 2607 ac
838 2579 943 2607 ratione
971 2579 1019 2606 deo

276 2660 332 2694 (56)
352 2659 409 2688 Hoc
421 2664 609 2693 argumentum
632 2658 756 2694 superius
767 2656 939 2694 prtemittitur
951 2656 1021 2694 psal-

240 2692 285 2736 mo
300 2703 363 2736 _xnt,
379 2695 425 2722 sed
441 2692 531 2729 priora
554 2694 645 2727 verba,
663 2692 733 2720 κατὰ
760 2692 850 2728 μέντοι
864 2692 1018 2725 ἀναγωγήν,

240 2731 276 2757 ibi
291 2731 396 2757 desunt.

275 2765 330 2798 (57)
351 2764 416 2791 Vide
432 2764 570 2799 psal..rtv.

274 2800 331 2833 (53)
351 2799 410 2827 H.ec
424 2797 548 2834 leguntur
560 2800 592 2827 ad
608 2807 714 2829 versum
729 2799 746 2826 '5
765 2797 832 2833 psal.
849 2805 893 2829 xv,
908 2801 934 2824 et
951 2803 1015 2831 pau-

1072 2166 1163 2198 νάσιος
1179 2167 1207 2193 ὲν
1220 2167 1352 2202 ἐρωτήσει
1369 2166 1581 2200 ἀναγινώσκουσι
1597 2167 1636 2199 τὸ,
1652 2168 1713 2195 Οὐκ
1727 2167 1788 2194 εἰσὶ
1804 2169 1859 2194 ,ια-

1071 2213 1144 2243 Jtal,
1162 2212 1232 2240 οὐδὲ
1246 2213 1340 2247 λόγοι,
1355 2210 1399 2239 ὧν
1422 2213 1488 2247 οὐχὶ
1510 2213 1691 2240 ἀκούσονται
1710 2215 1739 2240 αὶ
1761 2212 1857 2247 φωναὶ

1072 2258 1186 2291 αὑτῶνς
1197 2258 1333 2285 τουτέστιν
1344 2267 1352 2273 ·
1368 2256 1440 2294 Ἀρα
1456 2259 1506 2285 οὐκ
1519 2259 1571 2285 εἰσὶ
1596 2259 1642 2285 καὶ
1655 2258 1710 2284 τῶν
1726 2259 1857 2292 ἀφώνων,

1072 2305 1089 2340 ἢ
1118 2305 1304 2341 πραγμάτων,
1326 2305 1342 2340 ἢ
1373 2304 1471 2340 ἔργων,
1486 2305 1572 2340 φωναὶ
1594 2305 1678 2340 χωρὶς
1701 2305 1783 2338 λόγου
1812 2307 1859 2333 καὶ

1072 2350 1214 2385 γλώττης;
1232 2350 1295 2382 Ναὶ,
1312 2350 1377 2386 φαίη
1391 2350 1423 2376 ἄν
1436 2359 1487 2382 τις.
1507 2351 1611 2386 Ὥσπερ
1625 2350 1678 2385 γὰρ
1693 2350 1740 2377 τοῦ
1769 2352 1858 2385 ὑφάν-

1073 2405 1119 2423 του
1130 2396 1178 2432 τὴν
1195 2397 1291 2432 τέχνην
1316 2397 1333 2431 ἡ
1357 2396 1546 2428 πολυποίκιλος
1566 2396 1647 2432 ἐσθὴς
1673 2396 1786 2431 ἀναϐοᾷ,
1810 2397 1860 2424 καὶ

1072 2442 1118 2468 τὸν
1131 2442 1270 2477 ναυπηγὸν
1286 2443 1302 2477 ἡ
1319 2442 1486 2477 ἀδιαϐλήτως
1503 2442 1601 2477 ἔχουσα
1614 2441 1681 2473 ναῦς
1697 2442 1859 2477 ἀνακηρύτ-

1072 2497 1123 2520 τει,
1136 2489 1182 2515 καὶ
1195 2489 1238 2515 τὸν
1256 2488 1367 2524 σιδηρέα
1379 2487 1409 2513 τὺ
1421 2488 1500 2523 ἔργον
1510 2486 1591 2515 αὐτοῦ
1602 2496 1608 2501 '
1622 2487 1694 2514 οὕτω
1705 2488 1752 2515 καὶ
1766 2489 1782 2523 ὴ
1797 2488 1857 2515 κτί-

1074 2532 1172 2570 σις,·ἦς
1187 2534 1286 2570 ἀρτίως
1296 2535 1335 2560 διε
1339 2543 1390 2569 μνη
1396 2534 1572 2569 μονεύσαμεν,
1584 2533 1689 2568 ἄφωνος
1701 2534 1762 2568 μὲν,
1771 2534 1858 2569 ἤγουν

1070 2581 1181 2615 ἄλογοςο
1196 2580 1273 2608 λαλιὰ
1289 2580 1317 2606 δὲ
1332 2580 1426 2616 ὥσπερ
1440 2580 1524 2615 αὐτῆς
1543 2580 1573 2606 τὸ
1599 2579 1691 2614 θαῦμά
1709 2580 1781 2612 ἐστι,
1809 2581 1858 2607 καὶ

1068 2658 1123 2685 lum
1143 2662 1245 2685 mutata
1259 2662 1286 2685 et
1301 2658 1424 2685 auctiora
1439 2657 1484 2685 hic
1499 2661 1572 2684 sunt.

1104 2692 1158 2728 (59)
1178 2692 1239 2720 Haec
1264 2701 1318 2720 non
1343 2693 1470 2728 leguntur
1491 2692 1518 2719 in
1543 2691 1784 2727 Expasitionibus,
1803 2691 1852 2722 sed

1069 2734 1132 2756 sunt
1147 2728 1294 2760 Athanasio
1301 2728 1392 2761 digna.

1102 2762 1157 2798 (60)
1173 2762 1238 2790 Vide
1249 2763 1314 2791 ibid.
1326 2762 1452 2798 superius
1467 2762 1501 2791 ad
1516 2769 1626 2791 versum
1643 2761 1671 2789 4.

1066 2835 1103 2849 «ιε,
