1926 3051
50 132 94 160 557

529 129 743 158 FRAGMENTA
761 130 940 157 COMMENT.
963 130 996 157 IN
1018 130 1189 158 PSALMOS.

1606 130 1658 158 558

48 187 97 218 οἷον
107 191 176 226 φωνὴ
187 191 216 216 τὸ
228 190 322 221 κάλλος
338 189 385 216 καὶ
398 188 519 221 εὐταξία.
535 189 573 216 Τὸ
584 190 638 225 γὰρ
653 189 777 225 διήγημα
789 189 820 215 τὸ

878 190 1004 223 stituitur,
1030 190 1143 224 loquelae
1157 195 1246 216 tamen
1263 189 1348 216 instar
1366 188 1424 223 ipsa
1433 192 1486 219 est.
1497 187 1658 215 admiranda

49 237 161 272 οὐράνιον
176 237 220 264 καὶ
236 236 265 262 τὸ
281 237 355 270 ῥῆμα
370 236 400 262 τὸ
422 236 498 271 παρὰ
513 236 563 270 τῆς
586 236 692 271 ἡμέρας
716 235 820 272 βοώμε-

50 291 88 308 νον
103 282 171 317 gmw};
188 282 235 316 μὲν
250 281 379 316 ἔναρθρος
401 282 450 308 οὐκ
475 281 563 314 ἔστιν,
587 281 648 319 οὔτε
674 281 754 308 λαλιὰ
777 281 821 308 διὰ

51 328 169 363 στόματος
178 337 184 342 ·
199 327 353 354 διδασκαλία
363 327 390 353 δὲ
403 327 476 359 θείας
491 328 632 363 δυνάμεως
648 328 752 362 γίνεται
766 329 821 359 τοῖς

49 374 145 400 ἐπαΐειν
157 374 344 408 ἐπισταμένοις
358 373 502 407 σιωπώσης
514 374 614 408 φωνῆς.
630 373 702 408 Πλὴν
715 373 821 408 ἄφωνον

49 418 92 453 τὴν
108 417 189 444 κτίσιν
214 418 298 444 εἰπὼν
317 419 330 444 ὁ
344 417 435 448 Δαυῒδ,
448 418 603 453 ἀπέφηνεν,
620 418 661 444 ὅτι
682 419 750 453 μήτε
768 419 820 453 ἒμ-

49 471 130 494 πνους,
150 463 215 497 μήτε
235 462 342 498 λογικὴ,
367 462 437 488 κατὰ
454 463 483 488 τὸ
500 462 595 489 δοκοῦν
610 463 667 493 τοῖς
687 462 820 497 Ἑλλήνιον

50 512 138 545 σοφοῖς.
150 510 219 536 Ζῶον
235 508 372 546 γὰρεῖναί
389 518 471 544 φασιν
484 510 513 536 ἓν
527 509 573 536 τον
597 509 742 544 σύμπαντα
756 508 820 535 τοῦ-

49 565 87 582 τον
96 557 190 592 κόσμον
199 565 205 572 ·
221 557 278 588 ζῶα
290 557 317 582 δὲ
334 556 433 592 ὁμοίως
447 557 493 583 καὶ
506 556 541 583 τὰ
558 556 639 592 μέρη,
654 556 684 588 ἐξ
698 552 736 582 ὧν
752 563 822 591 συμ-

51 602 197 638 πληροῦται.

877 236 964 270 ipsius
981 236 1150 270 magnitudo,
1165 243 1272 270 voxque
1287 239 1329 263 es:
1357 235 1457 262 eximia
1485 234 1573 269 ipsius
1600 235 1675 272 pul-t

875 282 1001 309 chritudo
1025 287 1051 308 ct
1080 282 1284 309 ordinatissima
1319 281 1474 316 dispositio.
1518 279 1676 315 Coelorumf

875 335 992 362 namque
1016 329 1147 358 narratio,
1174 328 1320 362 verbaque,
1347 335 1409 361 qua:
1431 327 1490 354 dies
1515 327 1635 362 loquitur
1652 349 1660 358 .

876 373 1052 408 quantumvis
1076 381 1129 400 non
1153 378 1277 400 constent
1304 380 1371 400 voce
1400 373 1552 405 articulata,
1572 381 1662 407 neque

876 419 942 446 fiant
962 419 1112 446 ministerio
1137 420 1213 451 oris;
1239 418 1336 446 docent
1353 423 1443 446 tamen
1463 419 1583 446 divinam
1613 427 1662 454 po-

876 465 988 493 tentiam
1007 473 1064 497 eos,
1082 465 1128 497 qui
1144 472 1236 492 vocem
1253 469 1355 492 mutam
1385 465 1479 492 audire
1504 473 1536 492 ac
1562 465 1660 492 intelli-

876 519 940 546 gere
958 515 1069 538 norunt.
1088 511 1250 546 Quanquam
1264 512 1345 538 etiam
1363 511 1417 538 hoc
1429 511 1547 538 asseruit
1563 510 1660 542 David,

876 565 938 585 eum
956 562 1060 584 mutam
1076 558 1178 585 diceret
1190 562 1355 589 creaturam,
1371 557 1444 592 quod
1462 557 1592 584 nimirum
1611 565 1660 584 ne—

877 611 930 637 que
949 603 1079 635 animata,
1096 611 1185 638 neque
1214 603 1355 630 rationalis
1374 604 1429 635 sit,
1446 608 1478 629 ut
1502 603 1660 629 Graecorum

50 651 200 685 sapientibus
222 651 319 686 placet.
349 650 382 678 Hi
399 651 529 686 lnamquc
555 650 655 677 animal
676 650 814 685 quoddam
836 658 920 678 unum
939 659 999 678 esse
1013 651 1107 678 dicunt
1125 652 1281 678 universum
1305 651 1378 678 hunc
1399 650 1546 677 mundum:
1566 651 1619 676 imo
1634 657 1661 677 et

53 701 132 725 “artes
146 697 212 732 ejus,
224 705 258 725 ex
276 698 376 733 quibus
401 701 519 729 constat,
536 697 665 724 animalia
682 697 850 724 existimant.

645 749 715 780 Item
731 753 759 779 in
781 753 888 780 titulum
904 753 974 788 psal.
990 761 1048 781 κισ.

79 813 128 848 (Gl)
150 815 200 846 Εἰς
218 813 252 839 τὸ
278 813 364 845 τέλος
389 813 437 839 καὶ
458 809 533 844 οὗτος
558 813 572 839 ὁ
594 812 700 848 ψαλμὸς
723 811 817 846 ἐπιγέ-
835 817 855 844 Β

51 866 164 894 γραπται,
182 859 333 895 μελλόντων
346 859 426 885 τινῶν
437 858 506 894 ἔχων
518 859 727 894 προαγόρευσιν.
744 859 821 885 Κατὰ

55 906 99 941 γὰρ
111 905 152 931 τὸν
167 906 253 940 μέγαν
269 905 437 936 Ἀθανάσιον,
451 905 558 939 λέγεται
576 905 624 939 μὲν
635 906 649 931 ό
664 905 770 940 ψαλμὺς
782 904 819 936 ὡς

52 951 77 977 ἐκ
89 951 224 986 προσώπου
238 951 293 977 τῶν
311 951 374 986 περὶ
387 951 431 977 τὸν
448 951 529 977 Δαυῗδ
545 951 671 986 ἑταίρων,
690 951 763 986 αὐτῷ
782 950 821 985 τῷ

52 996 118 1022 Δανῒδ
133 997 320 1033 ἐπευχομένων
333 996 452 1023 ποιοῦντι
468 995 563 1023 θυσίαν
582 1005 588 1010 ·
608 995 773 1031 ἀναφέρεται
793 995 821 1022 δὲ

55 1043 90 1068 καὶ
104 1045 139 1075 είς
150 1044 295 1079 πρόσωπον
311 1043 365 1069 τῶν
383 1043 550 1074 ἀποστόλων,
562 1042 599 1075 ὡς
615 1043 643 1068 ἐν
665 1042 758 1078 ἡμέρᾳ
773 1041 820 1068 τοῦ

53 1089 150 1124 σταυροῦ
165 1089 202 1124 τῷ
216 1088 329 1124 Χριστῷ
341 1089 555 1124 συνευχομένων.

906 812 1053 848 Inscriptio
1067 814 1148 840 etiam
1163 814 1246 849 hujus
1260 814 1357 849 psalmi
1373 819 1425 847 est,
1443 813 1476 840 In
1491 813 1580 848 ﬁnem,
1595 814 1659 848 quia

877 859 1031 886 futurorum
1072 860 1254 894 quorumdam
1284 860 1488 895 prmdictionem
1525 859 1658 886 continet.

876 903 943 931 Nam
973 905 1123 932 secundum
1140 913 1267 940 magnum
1284 905 1360 932 illum
1385 905 1576 936 Athanasium,
1595 905 1661 931 diei-

876 956 922 978 tur
944 951 988 978 hic
1016 952 1137 986 psalmus
1167 951 1194 978 in
1224 959 1339 986 persona
1359 951 1509 978 amicorum
1537 950 1659 981 Davidis.

876 997 927 1032 ipsi
954 996 1120 1024 sacriﬁcanti
1149 997 1296 1024 astantium
1327 997 1450 1032 heneqtle
1478 997 1657 1031 precantium.

875 1042 980 1070 Referri
992 1047 1081 1069 tamen
1098 1046 1186 1076 potest
1199 1043 1279 1069 etiam
1295 1042 1327 1069 ad
1342 1042 1491 1076 apostolos,
1507 1042 1552 1076 qui
1581 1041 1659 1068 Chri-

875 1093 928 1119 sto,
947 1095 1009 1115 cum
1023 1087 1236 1122 crucifigeretur,
1254 1094 1348 1122 preces
1363 1095 1427 1114 suas
1449 1086 1658 1122 conjungebant.

309 1146 344 1172 Et
358 1147 384 1173 in
401 1146 470 1181 psul.
489 1153 575 1173 xxvul
589 1146 644 1173 hate
664 1146 752 1177 verba,
771 1154 780 1170 ι
799 1144 834 1171 Et
849 1148 965 1172 conteret
980 1143 1069 1171 cedro;
1089 1142 1196 1177 Libani,
1211 1152 1221 1169 ι
1237 1148 1300 1177 etc.,
1316 1151 1338 1170 υ.
1356 1142 1381 1170 5.

77 1203 124 1238 (62)
135 1205 211 1232 Κατὰ
227 1205 258 1231 δὲ
272 1205 317 1231 τὸν
339 1199 431 1240 μέγαν
445 1204 613 1235 Ἀθανάσιον,
628 1204 718 1240 κέδροι
737 1203 821 1230 Διδά-

52 1258 86 1276 νου
100 1252 121 1276 οἱ
134 1251 227 1286 ὑψηλοὶ
246 1251 292 1277 τοῦ
315 1250 369 1277 τῶν
389 1250 523 1277 Ἰουδαίων
544 1249 620 1282 λαοῦ,
644 1249 686 1276 διὰ
702 1249 732 1275 τὸ
754 1249 822 1276 ὣνο-

53 1294 137 1327 μασθαι
163 1295 295 1327 πολλάκις
315 1296 344 1322 ἐν
360 1297 393 1331 τῇ
420 1295 480 1330 Θείᾳ
505 1295 601 1330 Γραφῇ
625 1295 741 1321 Λίϐανον
771 1294 821 1330 τὴν

55 1339 223 1378 Ἰερουσαλήμ.
250 1342 278 1368 ’0
300 1341 328 1368 δὲ
351 1342 449 1377 μόσχος
469 1341 499 1367 τὸ
519 1340 712 1376 θυσιαστήριον
734 1340 819 1376 δηλοῖ.

51 1385 222 1420 Συντρίὼνται
236 1384 286 1414 οὖν
299 1387 374 1414 αὐτοί
390 1395 419 1413 τε
431 1387 477 1413 καὶ
491 1386 522 1413 τὸ
532 1387 596 1422 παρ’
613 1386 704 1418 αὐτοῖς
717 1386 756 1417 εἰς
776 1385 820 1412 τέ-

51 1428 86 1462 λος
100 1430 298 1469 θυσιαστήριον.

911 1204 945 1230 At
961 1203 1111 1233 secundum
1125 1210 1254 1236 magnum
1271 1202 1461 1234 Athanasium,
1475 1202 1548 1230 cedri
1563 1201 1660 1229 Libani

877 1250 1006 1277 dicuntur
1021 1249 1214 1276 eminentiores
1231 1249 1258 1275 in
1274 1248 1374 1283 populo
1386 1247 1510 1279 Iudaico.
1524 1256 1556 1276 eo
1586 1256 1660 1283 quoa

875 1295 1027 1324 Jerusalem
1042 1303 1162 1331 persaepe
1182 1295 1302 1322 Libanus
1321 1300 1432 1323 vocetur
1447 1296 1474 1322 in
1490 1303 1567 1323 sacra
1583 1295 1660 1323 Scri-

875 1348 966 1379 ptura.
984 1342 1092 1370 Vitulus
1111 1351 1176 1370 vero
1201 1342 1337 1377 signiﬁcat
1360 1343 1454 1369 altare.
1473 1342 1659 1369 Conteruntur

879 1388 962 1423 igitur
977 1389 1005 1416 in
1022 1388 1102 1416 tinem
1117 1393 1145 1416 et
1162 1388 1213 1423 ipsi
1226 1387 1311 1416 Judaei
1329 1393 1462 1415 eteorum
1484 1389 1578 1416 altare.

203 1491 239 1517 At
251 1491 277 1517 in
292 1491 361 1526 psal.
377 1499 470 1524 xxxtv,
488 1491 566 1518 verba
585 1491 647 1525 ista,
665 1500 674 1517 ι
693 1490 727 1517 Et
742 1492 828 1517 oratio
843 1498 900 1517 mea
914 1490 943 1517 in
954 1490 1040 1517 sinum
1061 1497 1157 1522 meum,
1174 1499 1182 1514 ι
1199 1494 1261 1522 etc.,
1282 1490 1403 1523 adnotat,
1419 1499 1442 1517 υ.
1458 1491 1501 1518 15.

78 1548 126 1583 (63)
146 1549 223 1576 Κατὰ
239 1549 271 1576 δὲ
294 1549 340 1576 τὸν
354 1549 425 1576 θεῖον
452 1549 619 1581 Ἀθανάσιον,
637 1549 667 1576 τὺ
683 1550 821 1584 ἀποστρα-

911 1548 1067 1576 Secundum
1082 1556 1146 1575 vero
1163 1548 1256 1575 divum
1283 1549 1472 1580 Athanasium.
1493 1548 1565 1583 quod
1580 1548 1660 1576 Chri-

52 1594 119 1629 φῆναι
133 1596 172 1627 εἰς
194 1595 296 1622 κόλπον
312 1595 360 1631 τὴν
384 1596 455 1632 ὑπὲρ
476 1596 610 1622 Ἰουδαίων
633 1595 680 1622 τοῦ
701 1595 819 1631 Χριστοῦ

51 1642 185 1677 προσευχὴν
202 1642 372 1678 σημαντικὺν
386 1642 419 1668 ἂν
431 1641 474 1678 εἴη
492 1641 539 1668 τοῦ
554 1643 728 1677 ὲναπομεῖναι
749 1641 822 1667 ὲκεί-

53 1694 101 1719 νους
114 1690 143 1723 τῇ
158 1689 293 1724 ἁμαρτίᾳ,
311 1689 358 1715 καὶ
375 1689 458 1724 μηδὲν
476 1689 668 1723 ὠφεληθῆναι,
683 1689 716 1724 τῇ
739 1688 823 1724 ὑπερ-

53 1730 104 1767 ϐολῇ
117 1733 164 1768 τῆς
178 1734 310 1765 ἀπονοίας
319 1733 368 1769 τὴν
386 1734 539 1770 προσευχὴν
555 1733 649 1770 ὥσπερ
663 1733 824 1769 ἀνακάμψαι

53 1778 210 1812 ποιήσαντας.
234 1779 266 1806 Ὀ
283 1779 330 1814 μὲν
347 1779 400 1816 γὰρ
414 1780 526 1816 Κύριος,
552 1778 661 1815 θεωρῶν
676 1779 722 1806 τὸν
739 1788 824 1806 κατα-

53 1822 184 1860 ληψόμενον
201 1826 302 1857 αὐτοὺς
321 1825 433 1862 ὄλεθρον
447 1846 454 1858 ,
481 1828 528 1854 καὶ
553 1826 602 1861 τὴν
630 1825 746 1862 ἐσχάτην
770 1827 823 1852 ἀπ-

52 1869 144 1904 όὰειαν,
161 1872 271 1899 ἐπένθει
288 1872 358 1908 ὑπὲρ
374 1872 462 1899 αὐτῶν
478 1881 485 1887 ·
502 1873 526 1898 οἱ
541 1873 569 1898 δὲ
583 1872 695 1899 τοιαῦτα
723 1872 824 1908 ἐπρατ-

52 1922 96 1946 τθν,
107 1916 140 1948 ὡς
154 1918 201 1953 τὴν
220 1918 305 1953 εὐχὴν
320 1918 401 1945 αὑτοῦ
417 1918 467 1953 τὴν
487 1919 556 1953 ὑπὲρ
570 1918 660 1945 αὐτῶν
678 1918 715 1954 μὴ
731 1927 820 1954 παρα-

52 1961 189 1996 πέμπεσθαι
206 1966 246 1997 εἰς
264 1965 298 1991 τὰ
315 1962 376 1992 ὦτα
399 1964 447 1992 τοῦ
464 1965 579 2000 Πατρὺς,
597 1964 654 1991 ἀλλ’
669 1964 762 1999 ὥσπερ
776 1965 823 1990 ἁν-

52 2008 230 2043 τικρουομένην
244 2009 298 2035 ὑπὸ
314 2009 360 2036 τοῦ
385 2007 590 2044 μεγέθους⁸τῆς
620 2009 709 2035 αὐτῶν
727 2009 823 2035 δυσσε-

52 2048 122 2083 555“,
140 2053 320 2080 καθέλκεσθαι
336 2054 382 2080 καὶ
397 2054 609 2090 ἐπαναστρέφειν
638 2053 705 2089 πρὸς
730 2054 820 2079 αὐτόν.

53 2096 88 2122 Διὸ
100 2097 169 2133 ἔλεγε
184 2107 191 2114 ·
207 2100 264 2126 Καὶ
280 2100 299 2133 ὴ
315 2099 468 2135 προσευχή
492 2109 552 2134 μου
567 2101 610 2132 εἰς
625 2100 741 2126 κόλπον
761 2108 822 2133 μου

53 2141 312 2179 ἀποστραφήσεται.
327 2146 358 2172 Et
374 2146 429 2180 γὰρ
444 2145 576 2178 σώζεσθαι
591 2144 701 2181 ἔμελλον
714 2145 760 2171 καὶ
778 2153 822 2180 με-

52 2188 160 2217 ταϐαλεῖν
173 2192 226 2218 τῶν
240 2191 432 2227 ἀσεϐημάτων,
451 2190 654 2228 εὐθυδρομοᾷσα
674 2192 691 2226 ἡ
705 2199 821 2226 προσευ-

875 1596 908 1622 sti
925 1594 1046 1629 precatio
1059 1601 1109 1629 pro
1126 1593 1228 1621 Judaeis
1254 1595 1281 1621 in
1309 1595 1399 1622 sinum
1416 1595 1476 1629 ejus
1503 1595 1658 1626 revertitur.

876 1641 991 1668 denotat
1005 1648 1053 1668 eos
1068 1644 1180 1675 peccato
1194 1648 1244 1667 suo
1259 1641 1417 1673 imma-nere,
1434 1649 1483 1668 nec
1509 1641 1659 1675 quidquam

872 1686 964 1721 juvari
980 1694 1012 1713 eo
1026 1686 1098 1721 quod
1122 1686 1235 1713 insaniae
1248 1694 1304 1713 suae
1319 1687 1510 1722 exsuperantia
1527 1686 1658 1718 etliciunt,

875 1736 906 1759 ut
919 1739 1014 1767 preces
1035 1731 1137 1759 Christi
1154 1732 1233 1765 quasi
1253 1737 1402 1759 retrorsum
1417 1732 1575 1759 ﬂectantur.
1601 1732 1657 1759 Do—

874 1778 965 1805 minus
980 1777 1063 1810 enim,
1079 1785 1141 1805 cum
1159 1777 1308 1805 intueretur
1332 1783 1480 1805 extremam
1508 1778 1658 1812 perniciem

874 1831 935 1858 quae
951 1823 1025 1858 ipsos
1041 1824 1271 1858 comprehensum
1282 1828 1351 1855 erat,
1365 1831 1482 1851 maerore
1499 1824 1601 1859 ingenti
1613 1831 1660 1851 eo-

874 1877 935 1896 rum
951 1876 1034 1896 causa
1050 1869 1215 1897 adiciebatur
1234 1880 1241 1897 :
1260 1870 1311 1904 ipsi
1324 1878 1388 1897 vero
1403 1870 1466 1897 talia
1488 1870 1613 1904 agebant.
1630 1875 1661 1897 ut

874 1923 969 1950 preces
985 1915 1088 1943 Christi
1102 1923 1150 1950 pro
1177 1916 1242 1950 ipsis
1259 1917 1419 1951 neutiquam
1441 1917 1659 1944 lransn’tilleren—

875 1965 918 1987 tur
929 1961 962 1988 ad
977 1968 1058 1988 aures
1073 1969 1158 1995 usque
1172 1959 1270 1993 Patris,
1284 1961 1330 1988 sed
1346 1969 1511 1996 repercussae
1526 1962 1659 1996 quodam-

874 2007 956 2034 modo
981 2015 996 2034 a
1013 2007 1200 2042 magnitudine
1222 2007 1367 2042 impietatis
1388 2008 1508 2042 ipsorum
1536 2009 1659 2035 retrahe-

874 2057 968 2080 rentur
984 2060 1016 2080 ac
1037 2057 1236 2080 reverterentur
1253 2053 1285 2079 ad
1302 2052 1457 2080 Dominum.
1477 2053 1595 2088 Ideoque
1608 2055 1659 2080 aie-

876 2099 923 2126 bat
941 2109 946 2125 :
966 2098 1001 2125 Et
1015 2100 1100 2126 omtio
1114 2108 1172 2126 mea
1186 2100 1214 2126 in
1228 2100 1315 2126 sinum
1328 2108 1413 2126 meum
1426 2105 1575 2127 revertetur.
1589 2098 1658 2127 Nam

874 2146 898 2172 si
911 2145 1034 2172 salvandi
1050 2145 1166 2173 fuissent
1186 2151 1213 2173 et
1237 2146 1271 2173 ab
1297 2146 1436 2180 impietate
1452 2146 1627 2173 convertendi
1646 2166 1655 2178 ,

874 2191 1032 2218 transiissct
1046 2191 1139 2226 utique
1167 2193 1287 2227 precatio
1304 2192 1456 2220 Salvatoris
1472 2198 1545 2220 recto
1561 2200 1655 2223 cursu.

53 2234 129 2268 χὴτοῦ
143 2237 270 2274 Σωτῆρος
297 2238 442 2270 ἀκωλύτως
467 2238 500 2264 ἃν
523 2238 569 2264 καὶ
592 2237 820 2272 ἁπαραποόἰστως

878 2242 958 2272 atque
973 2245 988 2264 a
1003 2238 1110 2264 nemine
1125 2238 1253 2273 impedita
1269 2238 1301 2265 ad
1316 2246 1396 2266 aures
1419 2246 1505 2273 usque
1529 2243 1658 2274 paternas

53 2280 90 2306 ἐπὶ
104 2282 135 2309 τὰ
148 2281 204 2311 ὦτα
219 2285 255 2311 τὰ
273 2284 394 2319 πατρικὰ
409 2284 518 2320 παρῄει.

875 2282 1045 2310 accessisset.

361 2341 394 2368 In
406 2342 474 2377 psal.
489 2349 592 2369 xxxvm
606 2341 695 2372 verba,
715 2350 723 2366 ι
742 2339 838 2375 Utique
855 2339 883 2365 in
901 2339 1016 2374 imagine
1027 2339 1145 2367 ambulat
1160 2340 1246 2372 homo,
1263 2350 1272 2366 ›
1288 2349 1311 2367 υ.
1327 2341 1355 2367 7.

82 2396 131 2431 (64)
142 2399 218 2426 Κατὰ
231 2399 261 2426 δὲ
278 2400 340 2431 τοὺς
354 2399 423 2426 πάνυ
443 2399 600 2426 ’Ᾱθανάσιον
612 2400 659 2426 καὶ
675 2398 819 2434 Κύριλλον·

58 2439 153 2480 Ἐπειδὴ
169 2446 198 2472 ὲν
209 2446 294 2472 εἰκόνι
309 2446 355 2472 καὶ
369 2446 418 2472 οὐκ
431 2447 460 2472 ἐν
473 2446 586 2481 ἀληθείᾳ
596 2446 643 2472 νῦν
659 2445 820 2480 διαπορεύε-

55 2494 92 2513 ται
103 2487 116 2512 ὸ
129 2489 267 2525 ἄνθρωπος
278 2499 284 2505 ·
300 2492 316 2526 ή
332 2491 386 2526 γὰρ
402 2490 504 2526 ἀληθὴς
525 2490 580 2526 ζωὴ
605 2491 675 2517 κατὰ
691 2491 735 2516 τὸν
757 2490 821 2525 μὲλ-

55 2530 120 2559 λοντα
132 2535 214 2562 αίῶνά
223 2537 297 2562 ἐστιν
308 2544 314 2550 ·
328 2537 438 2567 εἰκότως
452 2537 466 2562 ὸ
477 2536 586 2570 ψάλλων
598 2537 647 2572 τὴν
659 2536 750 2563 εἰκόνα
770 2545 822 2571 μα-

55 2578 167 2615 τςιιότητα
189 2582 348 2616 προσεῖπεν.
368 2581 475 2616 Ἐπειδὴ
498 2582 528 2607 οὑ
549 2582 598 2616 τὴν
615 2582 745 2617 ἀληθινὴν
773 2581 820 2608 νῦν

56 2620 133 2657 ζιῖιμεν
148 2625 229 2660 ζωὴν,
254 2627 322 2653 ἀλλὰ
337 2626 384 2662 τὴν
406 2627 443 2658 ὼς
463 2627 491 2653 ἐν
507 2627 602 2658 εἰκόνι,
620 2627 680 2653 οὐδὲ
697 2628 760 2662 περὶ
787 2628 821 2654 τὰ

54 2666 124 2701 ὅντως
135 2671 222 2705 ἀγαθὰ
237 2672 386 2707 ποιούμεθα
399 2672 447 2708 τὴν
463 2673 590 2708 σπουδὴν,
606 2673 645 2700 διὸ
669 2674 757 2708 μάτην
774 2682 822 2700 τα-

85 2757 134 2797 (ﬁl)
146 2759 195 2797 Est
207 2766 396 2796 argumentum
408 2762 506 2797 psalm.
523 2770 579 2789 ιιι.

85 2792 134 2827 (6’2)
146 2792 263 2827 Habent}
276 2797 338 2824 ibid.

87 2828 136 2862 (55)
149 2829 208 2857 Haec
222 2831 353 2859 habentur
364 2832 471 2865 ibidem,
486 2832 532 2860 sed
547 2832 631 2859 multo
649 2831 786 2866 pauciora,

913 2399 1051 2427 Sententia
1076 2407 1141 2428 vero
1168 2407 1327 2435 magnorum
1351 2401 1492 2429 Athanasii
1513 2407 1540 2430 et
1564 2402 1659 2436 Cynilli

876 2444 934 2472 haec
951 2450 1011 2472 est:
1030 2444 1255 2480 Quandoquidem
1273 2447 1354 2474 immo
1375 2455 1448 2475 nunc
1464 2456 1517 2476 non
1541 2449 1567 2476 in
1586 2451 1659 2477 veri—

873 2495 937 2522 tate.
958 2491 1004 2518 sed
1020 2491 1047 2518 in
1062 2491 1180 2526 imagine
1193 2492 1303 2524 incedit,
1313 2493 1368 2519 vita
1382 2493 1455 2520 enim
1471 2501 1534 2521 vera
1547 2495 1658 2522 demum

874 2537 901 2563 in
917 2536 1008 2564 futuro
1024 2536 1078 2563 erit
1093 2537 1204 2568 saculo,
1221 2537 1322 2565 idcirco
1342 2537 1469 2566 fortassis
1483 2539 1590 2567 Psaltes
1612 2548 1658 2566 va-

873 2583 983 2610 nitatem
999 2582 1144 2618 appellavit
1158 2583 1316 2618 imaginem.
1332 2583 1402 2616 Quia
1418 2591 1482 2619 ergo
1497 2592 1550 2611 non
1565 2593 1655 2612 veram

873 2629 917 2656 hic
930 2629 1050 2655 vivimus
1064 2629 1159 2660 vitam,
1189 2629 1236 2656 sed
1263 2629 1354 2660 talem,
1372 2637 1432 2663 quae
1455 2634 1496 2656 est
1523 2630 1599 2664 quasi
1629 2630 1655 2655 in

874 2675 1001 2710 imagine,
1016 2681 1103 2710 neque
1119 2675 1194 2702 circa
1210 2681 1274 2702 vera
1289 2675 1360 2702 bona
1376 2682 1528 2706 versamur,
1554 2673 1656 2700 idcirco

909 2766 1146 2828 l(.611)l‘Z.v<pressum
1165 2773 1197 2794 ex
1217 2766 1437 2800 interpretatione
1465 2765 1546 2791 hu'us
1568 2763 1655 2790 versi-

920 2811 937 2828 l.
955 2809 1047 2828 sunra.

873 2809 937 2834 cun,
955 2809 1047 2836 supra.
