1926 3051
237 118 290 146 559

656 117 688 147 S.
706 115 891 147 ATHANASH
909 119 986 148 OPP.
1008 118 1098 148 PARS
1116 119 1161 147 lll.
1181 134 1217 140 -—-
1237 118 1441 146 EXEGETICA.

1812 120 1863 148 560

243 178 344 205 frustra
360 178 556 205 conturbamur
579 176 651 205 circa
666 178 801 205 mundana
823 178 958 206 desideria
974 187 1024 206 nos

1078 178 1235 214 ρασσόμεθα
1258 178 1322 212 περὶ
1339 176 1475 212 κοσμικὰς
1501 176 1650 212 ἐπιθυμίας
1674 175 1861 211 στρεφόμενοι.

245 223 393 257 volventes,
407 231 438 251 ac
454 228 630 259 congerentes
656 223 811 256 thesauros,
827 232 944 258 quorum
973 224 1024 251 hae-

239 269 318 297 redes
329 268 436 297 futuros
454 276 516 299 non,
524 269 659 297 novimus.

1078 226 1124 251 καὶ
1140 225 1302 259 συνάγοντες
1323 224 1476 260 θησαυροὺς
1494 219 1531 250 ὧν
1555 223 1606 250 οὑκ
1622 223 1701 258 ἴσμεν
1721 222 1786 254 τοὺς
1807 220 1861 249 διαω

1077 270 1182 306 δόχους.

591 328 623 355 In
639 328 687 355 illa
702 329 779 356 verba
791 328 862 364 paul.
880 336 936 360 xu,
953 338 962 354 ι
983 329 1213 362 Quemadmodum
1228 330 1362 357 desiderat
1381 338 1480 357 cervus.
1495 338 1506 356 ›

273 386 309 414 At
323 387 473 414 secundum
489 394 602 422 magnos
616 387 797 414 Athanasium
817 391 845 414 et
865 386 998 423 Cyrillum
1015 396 1022 414 ε

238 432 308 466 Quia
328 433 355 459 in
371 433 495 467 proxime
515 433 684 468 praecedente
707 433 813 468 psalmo
841 440 875 460 ex
905 440 1022 467 persona

237 478 339 505 Christi
355 479 388 506 ad
413 478 522 506 Patrem
546 479 604 506 haec
620 479 692 506 dicta
708 483 772 506 sunt
788 488 794 505 :
814 477 910 505 Excita
930 487 980 512 me,
998 483 1022 506 et

237 525 382 552 retribuam
397 525 461 559 ipsis
480 525 513 558 “,
530 525 631 552 idcirco
649 525 694 552 hic
721 524 862 552 Christum
879 525 955 552 cruci
983 524 1022 552 af-

236 571 378 606 ﬂgentium
410 580 525 608 persona
548 572 705 605 inducitur,
735 572 781 607 qui
815 571 1022 599 intolerabiliter

236 617 412 650 laborabant;
430 626 492 646 cum
504 618 681 645 manifestum
698 618 744 650 sit,
755 626 803 645 eos
817 618 925 646 tandem
943 627 1022 646 assu-

234 663 348 691 mendos
365 671 435 695 esse,
466 664 593 696 insertos,
616 669 645 690 ut
671 664 709 690 ait
734 663 836 692 Paulus
850 665 884 697 ³³,
904 665 1022 700 propria:

233 709 309 737 oleae.
326 709 381 737 Ista
401 710 483 745 igitur
495 709 577 737 Israel
593 709 755 744 resipiscens
770 710 900 745 loquitur.

1078 388 1171 424 51(65)
1187 388 1266 415 Κατὰ
1279 387 1307 414 δὲ
1331 388 1393 419 τοὺς
1410 387 1543 423 μεγάλους
1567 387 1724 415 Ἀθανάσιον
1741 387 1788 415 καὶ
1810 387 1862 414 Κὺι

1079 434 1177 470 ριλλον·
1197 434 1327 470 Ἐπεί-περ
1351 435 1380 461 ὲν
1396 433 1435 469 τῷ
1455 434 1509 470 πρὸ
1528 434 1624 460 τούτου
1646 433 1746 470 ψαλμῷ
1767 435 1798 460 ἐκ
1818 434 1861 461 τοΞ

1077 481 1202 517 Σωτῆρος
1214 481 1282 517 πρὸς
1295 481 1340 508 τὸν
1352 481 1461 516 Πατέρα
1471 481 1577 516 εἴρηται
1589 490 1596 496 ·
1618 481 1804 515 Ἀνάστησὼ·
1815 490 1860 516 με,

1076 528 1125 555 καὶ
1142 527 1342 555 ἀνταποδώσω
1357 528 1469 561 αὐτοῖς,
1494 528 1541 554 νῦν
1561 528 1591 554 τὸ
1612 527 1668 555 τῶν
1695 528 1863 564 ὲσταυρωκό-

1076 582 1130 601 των
1145 574 1286 600 ὑπόκειται
1299 574 1454 609 πρόσωπον,
1474 574 1498 600 οἳ
1515 575 1680 602 πεπόνθασιν
1698 576 1837 611 ἀνήκεστα
1854 594 1861 607 ,

1077 620 1209 656 προδήλου
1219 621 1305 654 ὄντος,
1320 621 1357 652 ὡς
1369 620 1481 656 ὕστερον
1491 630 1527 656 πρ
1533 621 1756 657 >σληφθήσονται,
1773 623 1863 655 ἐγκεν-

1076 667 1242 702 τρισθέντες,
1259 666 1297 699 ὥς
1314 676 1381 702 φησι
1402 668 1518 700 Παῦλος,
1542 670 1574 704 τῇ
1595 668 1646 704 ἰδίᾳ
1668 668 1756 704 ἐλαίᾳ.
1773 669 1863 696 Μετα-

1077 711 1220 745 γινὼσκων
1237 710 1282 739 οὖν
1295 714 1310 739 ὁ
1332 712 1437 748 Ἰσραὴλ
1450 712 1537 740 ταῦτά
1548 722 1651 748 φησινη

550 765 595 794 Sic
609 774 638 793 in
655 775 742 794 vernus
756 771 886 794 sentientis
902 767 990 801 verba,
1008 777 1018 794 ι
1035 767 1125 796 Sitivit
1137 769 1228 795 anima
1243 777 1300 796 mea
1312 769 1347 796 ad
1362 769 1516 796 Dominum.
1535 779 1544 796 ι

259 823 411 851 ⁷Αιηαηαειὶ
419 827 443 850 et
460 819 565 858 Cyrillr.
582 822 807 858 Quandoqmdem
823 824 868 860 qui
881 824 1020 853 Christum

1090 827 1293 855 ΪἈθανασίου
1315 828 1365 854 καὶ
1388 828 1552 862 Κυρίλλου.
1575 827 1733 862 Ἀλγοῦντες
1759 828 1806 855 ἐπὶ
1830 830 1862 865 τῇ

234 870 261 897 in
272 877 381 897 crucem
399 869 526 902 tulerant,
545 869 639 896 dolent
665 870 698 897 de
713 877 763 897 suo
778 878 843 897 casu
872 878 904 898 ac
924 871 1018 907 resipiv

233 920 322 947 scunt,
340 915 442 943 idcirco
461 915 566 948 dicunt,
585 923 613 943 se
639 915 715 943 sitire
736 915 831 950 Deum,
859 924 890 944 ac
905 916 1019 950 famem,

232 963 280 997 qui
304 962 375 997 apud
400 962 490 997 ipsum
519 966 571 994 est,
590 962 746 990 desiderare
763 973 769 989 :
786 963 819 990 de
844 971 898 998 quo
917 963 1020 991 dictum

233 1014 293 1038 est:
311 1010 380 1043 Quia
393 1010 463 1045 apud
474 1015 499 1037 te
515 1015 554 1037 est
572 1010 631 1044 fons
646 1011 745 1037 vim“.
763 1009 925 1038 Desiderant
935 1011 1019 1039 etiam

233 1056 289 1084 Deo
314 1057 544 1091 appropinquare,
563 1055 660 1084 affectu
685 1056 789 1084 scilicet
811 1061 839 1084 et
865 1050 1020 1084 sanctiﬁca-

232 1103 307 1131 tione
320 1111 380 1138 quac
407 1107 449 1131 est
472 1111 520 1138 per
548 1103 627 1130 [idem
650 1103 676 1130 iu
693 1103 812 1130 Christo.
837 1103 871 1130 Et
889 1111 969 1138 quem
985 1103 1018 1131 ad

231 1153 347 1176 mortem
375 1149 543 1176 tradiderant
571 1153 653 1183 atque
683 1149 889 1182 interfecerant,
917 1149 1019 1184 princi-

230 1202 303 1229 pem,
327 1195 450 1230 inquam,
467 1195 530 1222 vita:
548 1199 667 1227 nostra,
689 1202 752 1222 eum
774 1194 910 1230 appellant
931 1193 1018 1222 Deum

229 1242 375 1268 viventem.
391 1241 458 1268 Illud
473 1249 556 1268 vero:
582 1241 695 1274 Quando
722 1242 844 1269 veniam?
859 1240 1020 1269 desideran-

229 1286 298 1313 tium
323 1287 560 1325 estyvocationcm
581 1286 713 1318 futuram,
727 1291 755 1314 ct
775 1294 941 1321 cognoscere
969 1295 1018 1314 cu-
1044 1279 1055 1315 ,”

229 1333 362 1368 pientium
377 1337 490 1368 tempus
520 1333 597 1366 illud,
623 1333 650 1360 in
668 1341 722 1368 quo
741 1333 822 1360 etiam
851 1333 903 1368 ipsi
923 1340 1017 1360 coram
1039 1333 1041 1336 ’

229 1377 300 1405 facie
315 1377 364 1404 Dei
376 1383 402 1405 et
415 1377 503 1404 Patris
516 1377 700 1405 versabantur
725 1377 804 1413 (quae
817 1378 912 1404 eadem
930 1378 1016 1405 etiam

229 1423 291 1450 Filii
316 1422 384 1459 est),
414 1423 589 1458 quantumvis
621 1432 694 1450 nunc
722 1424 777 1450 sint
804 1431 819 1450 a
843 1423 897 1451 Deo
915 1424 1015 1452 aversi.

229 1469 356 1496 Avertam
373 1469 456 1502 enim,
472 1470 571 1504 inquit,
585 1470 680 1497 oculos
693 1477 767 1497 meos
780 1477 795 1497 a
813 1469 899 1497 vobis.
912 1469 1017 1503 Quam-

229 1516 343 1544 obrem?
360 1516 457 1544 Manus
470 1517 543 1544 enim
561 1522 658 1544 vestrae
673 1517 758 1552 plena:
771 1521 836 1544 sunt
859 1517 1003 1552 sanguine.
1029 1515 1051 1545 C

1075 873 1210 900 ὲκπτὼσει
1229 874 1253 900 οἱ
1274 873 1429 909 σταυρωταὶ
1444 873 1491 900 τοῦ
1515 873 1618 909 Κυρίου
1639 873 1685 900 καὶ
1710 873 1862 909 μεταγινώ-

1075 927 1195 951 σκοντες,
1212 919 1292 955 διψῇν
1308 918 1416 954 λέγουσι
1432 919 1478 946 τὸν
1493 918 1570 950 Θεὸν,
1584 920 1631 945 καὶ
1645 919 1694 954 τῆς
1708 919 1774 955 παρ’
1789 919 1862 954 αὐτῷ

1074 965 1166 1000 πηγῆς
1181 965 1338 1000 ὲπιθυμείν’
1355 965 1419 999 περ).
1438 961 1472 1000 ἦς
1493 964 1617 1000 ετρηται.
1634 964 1698 991 «οτι
1716 965 1797 998 παρὰ
1813 965 1862 991 σοι

1072 1010 1154 1045 πηγὴ
1180 1010 1265 1045 ζωῆς.
1292 1011 1348 1038 Καὶ
1373 1010 1500 1038 ποθοῦσιν
1523 1011 1607 1046 ἐγγὺς
1630 1010 1757 1044 γενέσθαι
1783 1010 1861 1042 Θεοῦ.

1073 1056 1144 1083 κατὰ
1163 1056 1283 1083 διάθεσιν
1297 1058 1344 1083 καὶ
1355 1056 1491 1092 ἀγιασμὸν
1503 1056 1549 1083 τὸν
1569 1057 1614 1083 διὰ
1635 1057 1753 1088 πίστεως
1769 1057 1821 1091 τῆς
1834 1057 1862 1083 ἐν

1072 1102 1192 1138 Χριστῷ.
1210 1104 1266 1129 Καὶ
1281 1103 1310 1129 ὃν
1325 1102 1501 1135 ἀπεκτόνασι,
1517 1103 1562 1129 τὸν
1579 1102 1699 1138 ἀρχηγὸν
1724 1102 1774 1137 τῆς
1789 1103 1863 1138 ζωῆς

1072 1148 1162 1184 ἡμῶν,
1179 1148 1226 1174 καὶ
1242 1147 1281 1183 τῷ
1295 1147 1402 1184 θανάτῳ
1418 1149 1591 1183 παρέδωκαν,
1608 1149 1701 1175 τοῦτον
1719 1148 1786 1175 Θεὸν
1802 1149 1863 1175 ὀνο-

1073 1196 1190 1231 μάζουσι
1202 1194 1292 1227 ζῶντα
1306 1194 1373 1230 (66).
1392 1195 1428 1221 Τὸ
1439 1195 1477 1227 δὲ’,
1495 1195 1570 1221 Πότε
1584 1194 1646 1228 ἥξω
1659 1202 1668 1225 ;
1692 1194 1863 1230 γλιχομένων

1071 1243 1118 1269 ἐπὶ
1134 1242 1184 1277 τῆς
1198 1242 1237 1273 εἰς
1255 1241 1368 1277 ὕστερον
1385 1241 1517 1276 κλήσεως,
1532 1241 1578 1267 καὶ
1591 1240 1744 1276 ζητούντων
1766 1241 1863 1276 μαθεῖν

1070 1289 1116 1316 τὸν
1133 1285 1240 1324 καιρὸν,
1257 1287 1318 1314 καθ’
1337 1286 1367 1313 ὃν
1388 1287 1435 1314 καὶ
1449 1287 1526 1314 αὐτοὶ
1548 1288 1679 1322 ἐμφανεῖς
1694 1287 1802 1314 ἔσονται
1815 1287 1862 1314 τοῦ

1071 1334 1220 1370 προσώπου
1233 1334 1280 1361 τοῦ
1294 1333 1363 1360 Θεοῦ
1380 1334 1426 1360 καὶ
1442 1334 1549 1370 Πατρδς
1575 1334 1683 1369 ταυτὸν
1695 1334 1725 1361 δέ
1739 1335 1798 1361 ἐστι
1815 1334 1863 1361 καὶ

1069 1381 1109 1417 τῷ
1122 1381 1169 1408 τοῦ
1181 1381 1274 1416 Υἱοῦ)·
1290 1382 1313 1407 εἰ
1329 1381 1377 1408 καὶ
1390 1380 1438 1408 νῦν
1454 1381 1522 1409 εἰσιν
1539 1381 1567 1406 ὲν
1588 1381 1758 1416 ἀποστροφῇ.
1780 1381 1862 1407 ’Δπο-

1071 1428 1180 1464 στρὲψω
1195 1427 1261 1463 γὰρ,
1277 1427 1356 1463 φησὶ,
1371 1427 1434 1459 τοὺς
1460 1427 1616 1462 ὀφθαλμούς
1640 1435 1690 1462 μου
1711 1427 1758 1461 ἀφ’
1772 1426 1861 1462 ὑμῶνι

1069 1473 1120 1500 Διὰ
1134 1473 1175 1506 τί;
1190 1473 1223 1499 Αἱ
1235 1472 1288 1508 γὰρ
1305 1474 1395 1509 χεῖρες
1412 1473 1489 1508 ὑμῶν
1500 1473 1615 1508 αἵματος
1627 1473 1751 1508 πλήρεις.

813 1572 925 1600 ‘lursum
947 1574 976 1601 in
996 1582 1100 1601 versum
1121 1577 1279 1609 sequentem.

265 1632 426 1659 Athanasius
442 1636 467 1658 et
483 1631 612 1666 Cyrillus.
632 1630 701 1664 Quia
727 1631 854 1659 Christus
882 1631 1015 1666 praedixe-

227 1682 280 1710 rat,
296 1678 422 1713 inquiens
437 1687 443 1705 :
459 1677 575 1710 Quando
598 1677 722 1705 videritis
738 1677 936 1713 Jerosolymam
962 1678 1015 1705 cir-

227 1731 397 1752 cumsessam
416 1724 514 1751 castris
529 1724 571 1756 ¹⁸;
587 1724 634 1750 ubi
659 1724 770 1751 verbum
797 1723 869 1751 istud
895 1723 923 1750 in
946 1731 1015 1758 opus

229 1771 329 1805 erupit,
343 1770 475 1797 Romanis
488 1777 548 1797 eam
561 1770 762 1804 diripientihus,
780 1770 919 1804 ejulahant
932 1779 938 1796 :
963 1770 1016 1805 pri-

227 1825 302 1844 mum
316 1817 436 1852 quidem,
452 1816 525 1851 quod
542 1820 637 1843 contra
650 1815 735 1843 Deum
749 1816 952 1851 quodammodo
966 1815 1014 1842 im-

227 1864 382 1899 pegissent;
398 1863 495 1890 deinde
509 1863 583 1898 quod
606 1862 772 1890 excidissent
796 1870 811 1889 a
830 1863 928 1894 salute,
953 1869 1014 1896 qua:

227 1912 262 1938 ab
275 1911 333 1946 ipso
351 1915 408 1943 est;
425 1910 504 1937 tertio
517 1909 646 1944 denique,
662 1909 738 1943 quod
752 1909 833 1936 vicini
849 1909 922 1943 ipsos
938 1907 1014 1934 inva-

226 1958 321 1984 dentes
335 1963 416 1991 atquc
429 1955 561 1984 conviciis
576 1956 740 1983 insectantes
752 1955 891 1983 dicerent:
913 1953 963 1981 Ubi
974 1958 1013 1981 est

226 2003 295 2030 Deus
312 2003 390 2030 tuus?

1069 1635 1076 1659 7
1105 1631 1160 1667 (67)
1193 1630 1367 1663 Ἀθανάσιος
1388 1630 1437 1657 καὶ
1469 1630 1627 1663 Κύριλλος.
1654 1628 1707 1656 Τοῦ
1734 1629 1861 1666 Σωτῆρος

1069 1678 1246 1715 προειπόντος
1258 1686 1266 1693 ο
1285 1678 1369 1704 Ὅταν
1393 1676 1465 1712 ἴδητε
1480 1676 1530 1711 τὴν
1553 1675 1732 1711 Ἰερουσαλὴμ.
1747 1677 1861 1704 κυκλου-

1070 1724 1156 1760 μένην
1173 1723 1226 1751 ὑπὸ
1250 1722 1457 1759 στρατοπέδων·
1481 1723 1526 1749 ὅτε
1550 1721 1619 1754 πρὸς
1643 1721 1724 1757 ἔργον
1748 1722 1829 1758 ἐξέϐη
1844 1723 1861 1748 ὁ

1069 1770 1159 1805 λόγος,
1183 1769 1326 1804 Ῥωμαίων
1350 1768 1452 1800 αὐτοὺς
1479 1767 1684 1803 πορθησάντων,
1708 1766 1860 1803 ἐθρήνουν·

1069 1815 1178 1853 πρῶτον
1194 1815 1243 1850 μὲν
1257 1814 1295 1846 ὡς
1307 1812 1559 1849 προσκεκρουκὸτες
1574 1810 1633 1846 Θεῷ
1647 1819 1654 1826 ·
1672 1808 1733 1837 εἶτα
1748 1810 1788 1842 ὡς
1810 1811 1860 1845 τῆς

1068 1862 1098 1896 ἐξ
1114 1862 1196 1889 αὐτοῦ
1213 1860 1350 1896 σωτηρίας
1365 1858 1574 1889 ἐκπεπτωκότες
1585 1866 1591 1872 ·
1608 1858 1655 1884 καὶ
1677 1857 1770 1893 τρίτον
1781 1878 1789 1890 ,
1805 1857 1857 1883 6r:-

1068 1917 1122 1944 περ
1139 1906 1229 1939 αὐτοῖς
1243 1907 1268 1934 οἱ
1290 1906 1481 1940 ἀστυγείτονες
1501 1903 1711 1939 ἐπεμϐαίνοντες
1730 1903 1773 1936 τὸ,
1797 1902 1860 1930 Ποῦ

1066 1955 1153 1982 ἐστιν
1165 1955 1182 1981 ό
1201 1953 1273 1986 Θεός
1289 1959 1366 1985 dou;
1381 1950 1554 1986 διασύροντες
1577 1949 1679 1984 ἔλεγον.

833 2077 868 2106 1n
883 2077 1009 2112 prommio
1021 2075 1091 2111 paul.
1107 2082 1163 2103 XLII
1182 2073 1248 2110 (68).

258 2154 410 2190 Athanasio
424 2167 492 2188 vero
507 2159 544 2187 illi
558 2165 657 2194 magno
668 2158 739 2186 idem
757 2157 865 2186 videtur
879 2164 940 2185 esse
958 2156 1011 2183 hu-
1028 2159 1050 2186 ι)

221 2208 266 2243 ius
284 2209 381 2243 psalmi
397 2211 584 2242 argumentum
601 2209 683 2240 atque
708 2204 895 2240 prmeedentis.
920 2204 1010 2231 Israe-

223 2255 277 2281 lita:
291 2254 364 2281 enim
380 2259 489 2280 rursum
505 2251 647 2280 accedunt.
660 2250 787 2281 salutem,
804 2256 865 2284 qum
876 2256 924 2283 per
932 2247 1010 2276 Chri-

223 2306 295 2328 stum
313 2303 365 2331 est.
384 2298 566 2334 postulantes.
585 2296 647 2324 Ideo
675 2296 853 2331 alloquuntur
875 2295 982 2322 Patrem
1000 2304 1006 2321 :

221 2346 323 2374 Emitte
340 2345 424 2372 lucem
443 2349 515 2371 tuam
534 2348 559 2370 et
584 2343 720 2370 veritalem
737 2346 821 2367 luant.
848 2340 908 2375 Ipse
935 2340 1007 2367 enim

219 2399 269 2419 eos
293 2392 320 2418 in
337 2395 462 2418 sanctum
478 2393 597 2416 montem
615 2389 747 2415 ducturus
774 2390 852 2413 erat:
886 2385 937 2412 hoc
952 2390 1005 2418 est,

220 2439 248 2466 in
266 2438 364 2465 malum
381 2441 409 2464 et
424 2443 556 2471 supernas
569 2435 630 2462 illas
643 2433 798 2461 mansiones
813 2433 822 2468 (
836 2439 904 2466 quas
921 2431 1004 2459 etiam

221 2484 393 2512 tabernacula
422 2482 557 2518 appellat)
575 2486 602 2508 et
629 2480 662 2507 ad
688 2480 774 2507 altare
798 2478 1004 2506 intellectuale:

220 2532 279 2566 ipse
289 2530 372 2557 etiam
387 2536 482 2556 eorum
495 2528 696 2555 exhilaraturus
709 2525 891 2560 iuventutem.
906 2523 1005 2551 Juven-

220 2582 303 2604 tutem
319 2583 384 2603 vero
412 2575 530 2610 appellat
552 2573 682 2604 laetitiam,
705 2577 731 2599 et
756 2576 913 2599 renovatam
934 2570 1005 2605 ipso-

218 2631 280 2651 rum
296 2623 426 2650 animam.
438 2621 516 2649 Unde
531 2626 557 2648 et
573 2621 734 2655 promittunt
748 2626 776 2646 se
790 2617 841 2652 ipsi
857 2617 884 2643 in
896 2616 1001 2644 cithara

1107 2153 1259 2189 Ἀθανασίῳ
1275 2152 1304 2179 δὲ
1318 2151 1357 2187 τῷ
1376 2151 1447 2178 πάνυ
1463 2150 1512 2186 τὴν
1526 2149 1613 2185 αὐτὴν
1638 2147 1769 2175 ὑπόθεσιν
1785 2147 1860 2183 ἔχειν

1064 2201 1103 2237 τῷ
1125 2199 1340 2236 προτεταγμένῳ
1355 2198 1401 2224 καὶ
1413 2198 1427 2223 ὀ
1444 2196 1537 2232 παρὼν
1548 2197 1621 2222 δοκεῖ
1633 2194 1751 2230 ψαλμός.
1767 2195 1858 2230 Προσ-

1064 2248 1189 2284 ἐρχονται
1214 2246 1268 2280 γὰρ
1283 2245 1364 2272 πάλιν
1382 2245 1406 2271 οἱ
1423 2244 1453 2276 ἐξ
1472 2242 1581 2278 Ἰσραὴλ
1595 2242 1644 2277 τὴν
1667 2241 1712 2268 διὰ
1734 2239 1857 2276 Χριστοῦ

1066 2293 1202 2329 σωτηρίαν
1230 2291 1394 2327 αἰτούμενοι.
1421 2290 1468 2316 Διό
1490 2297 1556 2324 φασι
1573 2287 1641 2323 πρὸς
1655 2288 1701 2314 τὸν
1717 2288 1828 2323 Πατέρα
1846 2294 1856 2303 ·

1070 2337 1305 2371 Ἔξαπόστειλον
1330 2337 1364 2363 τὸ
1388 2336 1451 2370 ,φῶς
1474 2343 1532 2363 σου
1545 2335 1594 2362 καὶ
1621 2333 1680 2368 τὴν
1707 2333 1857 2366 ἀλήθειάν·

1061 2393 1130 2414 σου.
1148 2386 1234 2417 Αὐτὸς
1248 2384 1302 2419 γὰρ
1325 2384 1424 2414 αὐτοὺς
1449 2384 1488 2414 είς
1506 2382 1536 2409 τὸ
1553 2382 1630 2416 ἆγιον
1657 2381 1721 2416 ὅρος
1735 2380 1856 2413 εἰσάξειν

1060 2431 1171 2467 ἔμελλε·
1191 2430 1340 2461 τουτέστιν,
1361 2430 1401 2460 εἰς
1416 2429 1462 2455 τὸν
1484 2427 1597 2464 οὐρανὺν
1617 2427 1664 2453 καὶ
1681 2427 1722 2458 είς
1734 2426 1785 2457 τὰς
1798 2426 1857 2453 ἄνω

1062 2477 1145 2513 μονὰς
1158 2477 1200 2512 (ἃς
1212 2476 1258 2504 καὶ
1282 2474 1448 2511 σκηνώματα
1462 2473 1612 2509 ὀνομάζει),
1627 2473 1676 2500 καὶ
1687 2473 1730 2504 εἰς
1743 2473 1774 2499 τὸ
1790 2481 1855 2508 νοη-

1059 2524 1105 2551 τὸν
1122 2523 1330 2558 θυσιαστήριον·
1347 2522 1394 2548 καὶ
1409 2521 1489 2551 αὐτὸς
1503 2519 1593 2546 αὐτῶν
1608 2519 1722 2554 ἔμελλεν
1739 2517 1856 2553 εὐφραί-

1059 2577 1116 2597 νειν
1127 2568 1176 2603 τὴν
1190 2568 1314 2602 νεότητα.
1332 2566 1455 2601 Νεότητα
1469 2565 1496 2592 δὲ
1511 2563 1589 2591 καλεῖ
1602 2564 1652 2599 τὴν
1669 2564 1854 2599 εὐφροσύνην,

1058 2615 1108 2651 τὴν
1122 2615 1170 2641 καὶ
1181 2613 1381 2649 ἁνανεουμέντιν
1397 2612 1487 2640 αὐτῶν
1509 2611 1558 2647 τὴν
1571 2610 1671 2646 ψυχήν.
1689 2609 1736 2636 Διδ
1763 2610 1792 2636 ἐν
1811 2617 1856 2635 κι-

251 2714 274 2730 ²²
288 2712 360 2740 Psal.
373 2719 418 2746 ιι,
434 2712 477 2738 ll.
516 2711 539 2727 "
558 2711 638 2737 Rom.
655 2717 693 2742 x1,
712 2708 759 2735 ΞΜ.
798 2707 903 2734 2"Psal.
921 2713 1004 2738 xxxv,
1023 2714 1025 2719 λ

1087 2705 1111 2722 ²¹
1124 2704 1191 2731 Luc.
1204 2711 1261 2736 xu,
1277 2702 1322 2730 45.

252 2795 308 2828 (65)
324 2793 490 2829 Ειρνθεειιπι
506 2800 538 2820 ex
557 2791 779 2829 interpretatione
797 2790 878 2823 hujus
890 2788 997 2824 psalmi.

255 2827 310 2863 (66)
327 2827 388 2858 Haec
401 2829 534 2857 habentur
546 2836 626 2863 supra
638 2827 669 2855 ad
686 2827 758 2855 hunc
772 2833 892 2855 versum.

1057 2789 1066 2811 β
1094 2787 1149 2823 (67)
1167 2786 1230 2823 llzec
1242 2794 1296 2823 non
1307 2785 1442 2815 habentur
1456 2783 1583 2820 superius
1595 2782 1629 2812 ad
1643 2783 1717 2812 hunc
1727 2789 1854 2813 versum.

1092 2822 1148 2858 (es)
1167 2822 1233 2851 Vide
1248 2822 1314 2851 ibid.
