1926 3051
78 133 131 163 5M

593 136 805 167 FRAGMENTA
824 137 1001 167 COMMENT.
1022 136 1057 165 IN
1072 136 1242 165 PSALMOS.

1645 134 1702 166 '56!

79 191 152 228 θάρίι
167 191 363 228 ὑπισχνοῦνται
376 192 541 230 προσφέρειν
556 195 630 230 αὐτῷ
648 195 697 231 τὴν
709 196 855 231 ὲξομολόγη

923 194 1062 223 oblaturos
1086 193 1296 222 confessionem.
1322 193 1375 222 Per
1391 193 1523 224 citharam
1544 201 1610 222 vero
1633 202 1702 230 sape

80 243 135 264 σιν.
150 237 276 273 Κιθάραν
289 237 318 264 δὲ
332 238 462 270 πολλάκις
475 239 505 265 τὸ
526 239 605 275 σῶμα
621 241 690 267 νοεῖν
706 240 833 273 ἐδίδαξεν.

923 248 1022 276 corpus
1039 240 1152 275 intelligi
1164 240 1268 268 docuit.

383 315 418 343 Et
432 317 459 343 in
470 316 587 352 ejusdem
598 317 695 352 psalmi
706 319 792 352 verba,
808 328 817 344 ι
835 319 902 350 Quia
915 323 943 346 tu
958 327 984 346 es
999 319 1069 348 Deus
1085 319 1215 355 fortitudo
1229 317 1326 353 mea,'t
1339 327 1362 346 υ.
1379 318 1407 347 2.

118 393 177 429 (69)
193 394 374 427 Ἀθανάσιος,
390 395 549 429 Κύρίλλος,
564 396 757 430 Θεοδώρητος.
772 396 827 423 Καὶ
840 398 865 423 οἱ

77 440 112 466 lx
123 442 274 476 περιτομῆς
284 441 531 476 μεταγινώσκοντες
539 443 702 478 κραταίωμα
710 443 811 470 ἑαυτῶν
820 443 866 469 τὸν

77 486 147 512 Θεὸν
170 487 383 522 ἐπιγράφονται·
400 487 447 514 καὶ
471 488 494 514 οἱ
517 487 546 520 ἐξ
569 488 654 515 ἐθνῶν
671 488 866 520 πιστεύσαντες

76 532 174 558 τοῦτον
199 533 275 567 ἰσχὺν
303 533 404 559 ἑαυτῶν
425 533 561 560 τίθενται’
586 535 633 560 καὶ
649 535 672 561 οἱ
700 534 867 570 αἰχμάλωτοι

76 576 145 612 παρ’
158 577 238 603 ἀλλον
256 576 425 613 λυτρωθῖψαι
438 579 488 604 οὐκ
505 578 671 610 ἐλπίζουσιν.

953 397 1127 429 Athanasius,
1141 396 1270 432 Cyrillus,
1292 395 1480 423 Theodoretus.
1493 394 1527 423 Et
1538 396 1584 431 qui
1600 404 1632 423 ex
1649 396 1700 424 cir-

917 443 1085 470 cumcisione
1099 443 1276 477 resipiscunt,
1300 441 1385 468 Deum
1402 441 1604 468 ﬁrmamentum
1621 449 1701 470 suum

917 488 1107 522 appellunt:ct
1121 487 1167 522 qui
1182 495 1214 514 ex
1233 485 1376 521 gentibus.
1397 485 1486 520 ipsum
1514 485 1701 513 fortitudinem

918 541 996 561 suam
1012 532 1106 560 dicunt
1120 542 1126 560 :
1147 537 1174 560 et
1189 532 1235 567 qui
1260 531 1358 566 captivi
1375 537 1449 562 sunt.
1465 531 1500 559 ab
1515 531 1569 559 alio
1583 539 1613 559 se
1635 532 1702 559 libe-

918 578 1020 606 randos
1035 586 1089 605 non
1105 582 1224 612 sperant.

330 656 398 685 Item
413 658 441 684 in
459 657 511 684 ista
527 657 614 689 verba,
635 667 644 683 ι
663 657 813 692 Con/iubar
824 657 872 684 tibi
885 658 912 684 in
929 658 1044 690 cithara,
1060 658 1142 690 Deus,
1161 657 1230 684 Deus
1245 665 1326 690 meus,
1348 667 1357 684 ι
1371 666 1394 685 υ.
1411 657 1439 685 4.

119 735 310 769 Ἀθανάσιος,
323 735 481 770 Κύριλλος.
499 734 622 770 Κιοάραν
636 735 666 761 τὸ
687 735 766 770 σῶμα
779 734 862 768 λέγει,

73 780 108 807 δι’
122 777 153 807 οὗ
168 780 290 815 πέφυκεν
311 782 325 807 ὁ
338 780 400 812 νοῦς
422 779 620 815 ἀνακρούεσθαι
634 799 641 810 ,
666 779 791 815 καθάπερ
819 780 862 806 διὰ

955 735 1128 767 Athanasius,
1145 735 1272 770 συνίημι.
1288 734 1426 762 Citharam
1449 736 1573 770 appellat
1591 744 1700 772 corpus,

917 787 971 814 quo
993 788 1070 808 mens
1088 789 1135 815 per
1161 788 1258 809 sensus
1284 781 1362 815 quasi
1378 788 1424 816 per
1438 781 1555 809 chordas
1569 783 1699 817 quasdam

74 825 180 861 χορδῶν
195 825 250 852 τῶν
263 825 448 860 αἰσθητηρίων
465 824 597 860 μελῳδίαν
611 824 779 859 ἀναπέμπων
793 824 860 860 Θεῷ.

920 827 1055 854 canticum
1071 827 1124 854 Deo
1138 835 1247 855 sursum
1260 827 1353 854 mittit.
1369 827 1510 862 Signiﬁcat
1534 835 1598 855 vero
1613 828 1700 855 citha-

75 869 158 904 Δηλοῖ
173 869 202 895 δὲ
218 870 235 904 ἡ
255 868 355 903 κιθάρα
375 868 422 894 καὶ
445 868 495 902 τὴν
512 867 644 901 νέκρωσιν
659 867 705 893 τοῦ
719 867 843 902 σώματος
855 887 862 898 ,

75 915 121 941 καὶ
134 915 183 950 τὴν
191 914 348 949 συμφωνίαν
359 913 411 940 τῶν
421 913 535 950 ἀρετῶν.
546 913 601 948 Τὴν
614 913 663 948 μὲν
671 913 724 949 γὰρ
732 913 864 949 νέκρωσιν

75 961 102 986 αι
120 961 225 996 νευραὶ,
238 961 286 996 τὴν
299 961 326 987 δὲ
339 960 496 996 συμφωνίαν
512 960 540 986 αἱ
555 960 681 996 ἁρμονίαι
692 961 862 988 αἰνίττονται.

76 1006 181 1038 Ἕδειξε
192 1006 221 1032 δὲ
231 1007 279 1042 τὴν
290 1006 338 1041 μὲν
347 1006 511 1042 φαιδρότητα
518 1007 551 1041 τῇ
562 1007 610 1041 τῆς
621 1006 736 1042 κιθάρας
744 1007 866 1043 προσθή-

75 1058 122 1086 κῃ.
130 1051 178 1085 τὴν
187 1050 215 1077 δὲ
227 1051 337 1085 ἀγάπην
345 1051 373 1077 ἐν
381 1052 413 1086 τῇ
424 1051 612 1086 προσφωνήσει
619 1053 652 1086 τῇ
659 1051 698 1083 δίς
708 1052 865 1087 ὲπαναλαμυ

74 1096 221 1132 ὃανομένῃ·
231 1096 261 1122 '0
269 1095 409 1131 Θεὸς-(ἀρ,
417 1096 507 1131 φησὶν,
518 1097 534 1123 ό
544 1097 615 1129 Θεός
623 1097 754 1131 μου.’1να
765 1097 866 1133 μάθῃς,

74 1142 115 1168 ὅτι
125 1142 170 1167 τὸν
182 1141 228 1167 ἐπὶ
237 1141 345 1168 πάντων
354 1141 430 1174 Θεὸν,
440 1141 532 1168 τοῦτον
541 1142 679 1177 ἐξαίρετον
688 1142 752 1169 Θεὸν
763 1143 806 1169 διὰ
814 1142 848 1178 ζῆ
855 1159 864 1164 ~

74 1187 122 1213 λον
136 1187 184 1213 καὶ
197 1187 288 1214 πίστιν
305 1188 329 1213 οἱ
342 1188 374 1213 ἐκ
386 1187 536 1223 περιτομῆς
547 1187 806 1222 μεταγινώσκοντες,
817 1190 864 1216 καὶ

478 1234 675 1269 ἐπιγράψονται
694 1241 701 1248 ·
719 1231 760 1266 οἷς
777 1236 823 1261 καὶ
846 1236 862 1270 ἡ

74 1279 248 1314 πνευματικὴ
262 1279 355 1313 νεότης
367 1279 550 1314 εὐφραίνεται,
564 1279 756 1315 ἀντικειμένως
766 1280 865 1315 ἔχουσα

76 1324 147 1359 πρὸς
160 1324 205 1351 τὸν
227 1324 343 1352 παλαιὸν
356 1325 402 1351 ἆ.νο
408 1333 507 1360 ρωπον.
523 1325 610 1357 Μόνος
635 1325 689 1361 γὰρ
703 1327 717 1352 ό
729 1326 864 1361 πνεύματι

75 1368 123 1395 καὶ
140 1369 295 1404 φρονήματι
309 1369 411 1401 νεάζων
425 1369 562 1404 συγγενῶς
579 1370 618 1405 τῷ
631 1371 716 1406 καινῷ
730 1371 865 1408 ἀνθρώπῳ

74 1414 123 1441 καὶ
134 1416 166 1449 τῇ
180 1415 317 1450 καινότητι
331 1415 377 1441 τοῦ
386 1416 538 1451 πνεύματος
548 1416 642 1442 εἴσεισι
656 1417 722 1452 πρὸς
731 1418 775 1444 τὸν
787 1417 863 1452 Θεὸν,

74 1233 101 1259 οἱ
117 1232 147 1265 ἐξ
165 1233 248 1260 ἐθνῶν
276 1233 447 1264 πιστεύοντες

74 1459 122 1486 τὸν
135 1461 316 1496 εὐφραίνοντα
330 1461 378 1497 τὴν
391 1463 516 1498 τοιαύτην
532 1464 656 1498 νεότητα.

916 880 956 905 ra,
973 877 1030 900 tum
1055 873 1292 901 mortificationem
1321 873 1455 908 corporis,
1470 877 1527 901 tum
1543 881 1700 901 consonan-

916 918 981 945 tiam
999 919 1142 946 virtutum.
1158 913 1224 946 Nam
1249 919 1498 951 mortiﬁcationem,
1519 920 1612 947 nervi:
1634 927 1700 947 con-

916 965 1071 992 sonantiam
1091 974 1155 993 vero
1185 966 1336 993 harmonia:
1349 966 1475 993 innuunt.
1497 965 1700 994 Demonstravit

915 1015 1005 1038 autem
1024 1010 1189 1038 hilaritatem
1203 1011 1312 1045 quidem
1337 1010 1490 1045 adjectione
1505 1011 1633 1038 citharae:
1657 1011 1699 1038 di-

915 1056 1058 1084 lectionem
1077 1060 1178 1088 autem,
1197 1057 1224 1083 in
1244 1057 1409 1084 allocutione
1432 1057 1479 1084 illa
1502 1056 1545 1084 bis
1573 1057 1697 1092 repetita.

914 1102 982 1129 Nam
1006 1103 1116 1137 inquit:
1139 1103 1208 1130 Deus
1236 1102 1307 1129 Deus
1321 1111 1417 1129 meus:
1445 1107 1475 1130 ut
1501 1103 1592 1130 discas
1625 1102 1697 1137 quod

915 1148 1000 1175 Deum
1018 1149 1104 1182 illum,
1118 1149 1164 1184 qui
1179 1157 1260 1184 supra
1277 1149 1367 1176 omnia
1383 1153 1434 1180 est,
1447 1150 1521 1175 hunc
1541 1148 1625 1176 Deum
1638 1148 1698 1176 exi-

915 1195 999 1222 mium
1027 1199 1137 1229 propter
1154 1194 1242 1221 zelum
1258 1199 1285 1221 et
1305 1194 1395 1226 ﬁdem,
1415 1194 1461 1228 qui
1490 1202 1523 1221 ex
1552 1193 1698 1221 circumci-

915 1241 991 1268 sione
1004 1241 1185 1276 resipuerunt,
1204 1245 1231 1267 et
1245 1241 1292 1275 qui
1310 1248 1343 1267 ex
1360 1240 1488 1275 gentibus
1503 1240 1678 1267 crediderunt
1689 1260 1697 1272 ,

915 1286 1061 1320 appellant.
1084 1285 1189 1319 Quibus
1207 1285 1290 1313 etiam
1309 1285 1460 1320 spiritualis
1479 1285 1608 1319 juventus
1621 1284 1697 1311 laeta-

915 1336 970 1363 tur,
984 1340 1141 1366 repugnans
1157 1331 1239 1358 veteri
1259 1331 1373 1358 homini.
1400 1331 1447 1358 ille
1468 1331 1540 1358 enim
1559 1330 1634 1357 solus
1651 1337 1698 1356 ac-

915 1377 987 1404 cedit
998 1377 1031 1404 ad
1050 1377 1134 1404 Deum
1155 1376 1353 1404 exhilarantem
1383 1376 1517 1411 ejusmodi
1545 1376 1697 1411 juventam,

915 1421 960 1455 qui
979 1422 1075 1456 spiritu
1094 1425 1121 1448 et
1144 1425 1234 1448 mente
1255 1426 1405 1449 renovatur
1430 1421 1611 1450 consimiliter
1627 1428 1698 1448 novo

915 1466 1020 1494 homini
1038 1471 1065 1494 et
1079 1467 1193 1494 novitati
1208 1466 1331 1502 spiritus.

679 1542 711 1569 Et
726 1543 752 1570 in
769 1544 893 1578 prooemio
907 1544 977 1579 psal.
996 1552 1072 1572 XLIII.

121 1617 166 1652 ’10)
184 1617 263 1644 Κατὰ
280 1625 328 1652 μεν
339 1625 384 1644 τον
405 1617 489 1653 μέγαν
514 1617 682 1650 Ἀθανάσιον,
696 1619 736 1646 ἔτι
752 1620 799 1646 καὶ
818 1615 860 1647 οὗ-

952 1620 1106 1648 Secuntlum
1121 1621 1231 1656 quidem
1251 1629 1379 1657 magnum
1405 1620 1595 1653 Athanasium.
1617 1622 1697 1650 etiam

73 1672 118 1695 τος
134 1665 148 1690 ὀ
160 1663 267 1698 ψαλμὸς
293 1663 342 1699 τῆς
358 1663 443 1698 αὐτῆς
465 1664 618 1696 ὑποθέσεως
643 1665 743 1700 ἔχεται,
770 1667 818 1698 τάς
833 1675 863 1692 τε

73 1708 191 1740 παλαιὰς
218 1709 375 1743 εὐεργεσίας
398 1709 582 1745 διηγουμένων
607 1711 661 1737 τῶν
681 1711 710 1744 ἐξ
744 1712 860 1748 Ἰσραὴλ,

75 1754 334 1789 μεταγινωσκόντων
347 1754 393 1781 καὶ
408 1755 611 1790 προσληφθῆναι
625 1755 770 1788 ἀξιούντων
786 1766 822 1783 πα
828 1757 862 1793 ρὰ

74 1798 204 1833 Χριστοῦ,
221 1798 266 1824 διὰ
279 1799 308 1824 τὸ
323 1799 396 1834 αὐτῷ
413 1800 613 1835 ἐπιγράφεσθαι
626 1801 675 1836 τὴν
694 1801 798 1833 ἐλπίδα,
816 1802 862 1828 καὶ

74 1845 120 1870 ἐπὶ
135 1844 174 1879 τῷ
189 1844 301 1879 ὀνόματι
318 1844 399 1871 αὖτοῦ
421 1845 640 1880 ἐξομολογεῖσθαι
652 1854 658 1860 ·
676 1846 746 1873 κατὰ
768 1847 795 1873 δὲ
816 1848 861 1874 τὸν

73 1890 238 1926 χρυσολόγον
252 1890 369 1926 Πατέρα,
387 1899 416 1918 κ.
427 1900 453 1918 τ.
463 1891 487 1917 λ.

457 1970 524 1998 Item
540 1972 565 1998 in
584 1971 633 1998 illa
651 1973 727 1999 verba
744 1973 872 2006 ejusdem,

102 2048 130 2083 (7
135 2048 144 2075 1
152 2049 160 2082 )
169 2048 351 2082 Ἀσανάσιος.
358 2048 541 2083 Πάλαιλφησὶ,
553 2050 862 2085 συνεστρατήγειςὴμῖν·

76 2094 121 2122 iw
136 2095 164 2121 δὲ
182 2095 213 2121 οὐ
231 2094 310 2130 μόνον
325 2095 354 2120 οὐ
368 2094 483 2129 συνέρχῃ
499 2095 575 2129 ἡμῖν,
590 2094 657 2120 ἀλλὰ
669 2095 716 2121 καὶ
731 2095 863 2130 ἀπέστρε-

72 2141 127 2175 ψας
147 2141 219 2176 ἡμᾶς
232 2161 240 2172 ,
265 2140 312 2166 καὶ
334 2140 464 2174 ἐσχάτους
481 2139 577 2173 ἔταξας
602 2140 702 2172 παντὸς
728 2140 858 2167 ἐναντίου*

71 2184 111 2218 ὡς
127 2187 174 2212 καὶ
204 2187 259 2218 τοῖς
283 2186 407 2221 μισοῦσιν
431 2187 503 2222 ἡμᾶς
529 2186 655 2222 γενέσθαι
680 2188 719 2219 εἰς
745 2187 860 2223 διαρπα-

72 2232 135 2267 γήν.
175 2233 229 2258 Καὶ
255 2233 434 2268 περιέστηκεν
462 2233 535 2268 ἡμᾶς
557 2234 574 2268 ὴ
600 2233 660 2259 τότε
687 2233 861 2268 κατασχοῦσα

73 2277 137 2308 τοὺς
151 2277 296 2312 πολεμίους
312 2277 437 2313 αίσχύνη,
450 2278 497 2304 καὶ
511 2278 662 2312 γεγόναμεν
674 2278 860 2313 ἠλαττωμένοι

73 2323 139 2358 παρ’
156 2323 268 2354 ἐκείνοις
292 2321 329 2350 ὧν
345 2322 513 2359 ἐκρατοῦμεν
525 2323 555 2349 τὸ
572 2323 714 2358 πρότερον,
729 2323 776 2350 καὶ
787 2323 862 2358 διηρ-

73 2367 219 2402 πάσθημεν
233 2367 279 2394 ὑπ’
307 2367 396 2394 αὐτῶν
420 2367 467 2399 οὒς
491 2367 691 2403 διηρπάσαμεν.
717 2367 809 2394 Ταῦτα
832 2368 860 2394 δέ

72 2421 156 2448 φησιν
179 2414 193 2439 ὁ
209 2413 288 2449 χορὸς
303 2414 318 2439 ὁ
333 2414 500 2449 προφητικὸς
521 2414 591 2441 κατὰ
610 2414 657 2440 τὸν
677 2414 763 2449 μέγαν
782 2413 860 2440 Ἀϐα-

73 2460 166 2485 νάσιον
181 2459 249 2493 (72),
263 2460 446 2495 οἱκοιούμενος
468 2460 516 2487 τοῦ
541 2460 605 2487 λαοῦ
626 2460 675 2492 τὰς
698 2461 840 2496 συμφοράς
853 2469 861 2477 ο

72 2505 144 2531 κατὰ
158 2505 186 2531 δὲ
197 2506 260 2536 τοὺς
274 2505 381 2538 ἄλλους,
396 2507 410 2533 ὁ
422 2506 476 2532 τῶν
490 2506 678 2534 Μακκαῦαίων
698 2508 823 2542 στρατός.

917 1666 962 1694 hic
976 1667 1098 1701 psalmus
1123 1667 1245 1702 ejusdem
1262 1667 1415 1702 argumenti
1444 1671 1485 1694 est
1508 1674 1570 1693 cum
1598 1675 1697 1701 praece-

914 1712 1049 1743 dentibus,
1077 1720 1110 1740 eo
1126 1712 1199 1747 quod
1224 1716 1335 1738 narrent
1352 1711 1480 1739 Israelitze
1500 1715 1590 1738 vetera
1608 1711 1654 1738 Dei
1671 1712 1697 1739 in

915 1765 944 1786 se
958 1757 1100 1788 beneﬁcia.
1117 1765 1148 1784 ac
1163 1758 1356 1792 resipiscentes
1370 1759 1449 1784 orent
1468 1757 1552 1792 rccipi
1577 1765 1593 1783 a
1618 1757 1698 1784 Chri-

915 1807 969 1834 sto,
986 1808 1127 1838 proptcrca
1159 1802 1232 1838 quod
1249 1810 1324 1837 spem
1353 1810 1430 1829 suam
1447 1802 1474 1829 in
1492 1803 1552 1837 ipso
1572 1808 1674 1836 ponant
1690 1822 1697 1832 ,

916 1854 942 1876 et
958 1849 1061 1876 nomini
1088 1849 1175 1884 ipsius
1201 1849 1382 1875 conliteantur
1398 1855 1405 1874 :
1424 1852 1453 1874 at
1473 1847 1624 1875 secundum
1650 1855 1698 1874 au-

916 1902 978 1920 reos
993 1900 1135 1920 sermones
1153 1892 1310 1920 fundentem
1327 1891 1445 1925 Patrem,
1465 1896 1518 1919 etc.

893 1982 901 1998 ι
918 1973 1076 2001 Canucrtisti
1097 1981 1142 2000 nos
1160 1979 1311 2001 retrorsum.
1332 1983 1340 1992 -

956 2051 1127 2078 Athanasius.
1135 2050 1216 2082 Olim,
1225 2049 1322 2084 inquit,
1330 2049 1411 2078 simul
1420 2048 1560 2076 nobiscum
1569 2048 1600 2076 ad
1607 2048 1699 2084 praelia

917 2096 1010 2123 exibas
1025 2104 1113 2123 :nunc
1126 2103 1189 2123 vero
1200 2103 1253 2122 non
1265 2094 1344 2122 modo
1358 2102 1413 2122 non
1427 2094 1553 2130 adjungis
1568 2099 1595 2121 te
1609 2093 1698 2126 nobis,

914 2142 961 2170 sed
969 2145 996 2169 et
1004 2141 1125 2169 avertisti
1136 2148 1197 2171 nos.
1208 2144 1235 2168 et
1243 2140 1383 2175 subjecisli
1398 2148 1449 2168 nos
1457 2139 1583 2168 omnibus
1600 2140 1698 2166 nostris

912 2188 1039 2220 initnicis,
1048 2188 1114 2215 adeo
1122 2191 1151 2214 ut
1161 2188 1242 2214 etiam
1254 2187 1344 2222 praeda
1354 2186 1418 2214 facti
1427 2186 1513 2214 simus
1525 2186 1588 2213 odio
1597 2185 1699 2212 haben-

913 2233 985 2260 tibus
996 2241 1057 2260 nos.
1080 2232 1292 2268 Comprehendit
1306 2232 1387 2259 etiam
1402 2240 1452 2259 nos
1472 2230 1699 2267 ignominia,qu:e

913 2280 977 2307 olim
987 2278 1112 2306 inimicos
1123 2283 1232 2306 nostros
1241 2279 1359 2310 tenebat,
1369 2282 1397 2306 et
1405 2278 1509 2305 subacti
1519 2285 1615 2305 sumus
1623 2277 1656 2304 ab
1666 2277 1698 2304 iis

914 2323 1012 2358 quibus
1019 2328 1081 2351 ante
1090 2323 1309 2356 dominabamur,
1319 2323 1416 2359 direpti
1427 2323 1544 2358 denique
1556 2330 1652 2351 sumus
1665 2323 1700 2348 ab

915 2368 949 2395 iis
965 2376 1035 2403 quos
1047 2368 1219 2404 diripuimus.
1240 2368 1303 2396 "me
1316 2376 1398 2404 porro
1409 2368 1491 2395 verba
1507 2375 1539 2395 ex
1565 2366 1698 2394 sententia

916 2414 1007 2449 magni
1023 2414 1167 2442 Athanasii
1190 2419 1254 2442 sunt
1278 2414 1355 2442 chori
1378 2413 1540 2449 prophetici,
1557 2411 1699 2440 calamita-

915 2465 956 2488 tes
972 2460 1066 2495 populi
1095 2461 1174 2496 quasi
1194 2461 1245 2488 sibi
1273 2460 1358 2488 factas
1384 2461 1559 2495 reputantis:
1587 2463 1618 2486 ut
1635 2464 1699 2485 vero

916 2507 977 2534 aliis
992 2507 1091 2541 placet,
1108 2507 1244 2534 exercitus
1260 2506 1487 2534 Machaboeorum.

389 2583 503 2611 Rursum
524 2584 551 2610 in
569 2584 644 2611 verba
659 2593 668 2611 :
685 2593 695 2610 ι
711 2584 880 2612 Oblivisceris
894 2585 1060 2619 paupertatis
1078 2589 1185 2616 nostra',
1205 2594 1214 2610 ι
1231 2590 1293 2616 etc.,
1310 2593 1334 2612 υ.
1349 2584 1394 2611 25.

110 2641 166 2676 (73)
193 2641 374 2675 Ἀθανάσιος.
399 2642 496 2678 Ὕπνῳ
520 2644 569 2678 μὲν
592 2641 639 2670 οὖν
662 2642 864 2679 παραϐάλλουσι

110 2722 165 2757 (69)
178 2720 252 2749 Nihil
268 2722 365 2749 horum
385 2722 500 2750 habetur
513 2723 639 2758 superius
655 2723 689 2750 ad
708 2723 780 2752 hunc
792 2732 863 2759 psat-

75 2764 167 2828 m'ii'ii)
183 2791 345 2828 Hujusmodi
358 2799 563 2828 argumentum.
575 2794 646 2828 quod
664 2793 769 2823 videtur
794 2803 860 2824 sane

99 2827 230 2861 thanasii,
249 2835 303 2855 non
321 2827 435 2855 habetur
451 2829 477 2855 in
495 2827 718 2856 EansiIionihus.

954 2643 1130 2672 Athanasius.
1149 2643 1252 2672 Somno
1267 2644 1349 2680 igitur
1367 2647 1527 2678 comparant
1541 2642 1698 2669 diuturttatn

954 2724 1009 2760 (71)
1022 2724 1083 2753 Haec
1091 2725 1216 2759 superius
1231 2724 1262 2751 at!
1275 2724 1347 2751 hunc
1362 2730 1481 2754 versum,
1493 2720 1539 2748 sed
1557 2718 1696 2753 paudora.

954 2759 1011 2788 ('72)
1025 2759 1091 2787 Vide
1109 2761 1218 2787 ibidem.

955 2791 1011 2831 (75)
1024 2795 1085 2824 Haec
1099 2795 1196 2823 desunt
1209 2796 1236 2822 iu
1252 2791 1467 2829 Expositionibus
1482 2796 1572 2824 supra.
