1926 3051
264 128 316 155 πῖ

687 128 716 156 S.
737 128 922 156 ATHANASH
940 128 1016 155 OPP.
1045 128 1134 155 PARS
1153 120 1252 156 111.’έ-
1273 116 1485 157 EXEGETICA.‘

1837 127 1891 155 SM

260 186 308 214 Dei
327 185 495 217 dilationem,
519 191 574 220 qua
590 191 658 212 usus
680 190 722 212 est
746 192 810 219 erga
836 185 958 220 ipsorum
978 193 1041 220 pec-

1093 185 1140 220 τὴν
1160 185 1260 220 πολλὴν
1288 185 1387 221 ἀνοχὴν
1411 186 1458 212 τοῦ
1477 186 1542 213 Θεοῦ
1558 186 1591 221 ἢν
1615 185 1733 212 ἐποιεῖτο
1757 186 1806 213 διὰ
1839 188 1888 219 τὰς

260 233 332 256 cata.
345 228 496 255 Precantur
512 236 588 260 vero,
606 234 636 256 ut
649 229 700 256 sibi
716 230 858 264 contingat
871 230 916 257 ille
940 230 1042 257 Christi

258 276 401 308 adventus,
419 277 465 311 qui
493 276 544 303 sub
561 281 681 304 extrema
699 281 822 311 tempora
839 277 949 304 futurus
973 282 1042 309 erat,

258 330 292 349 ne
309 327 434 357 expertes
450 323 505 349 sint
521 322 599 353 vitae,
615 330 679 356 qua:
696 323 730 350 ab
745 323 804 358 ipso
828 328 869 350 est
883 333 888 350 :
906 329 987 358 atque
1002 324 1044 350 in-

257 367 373 402 quiunt:
388 367 442 394 Cur
454 368 593 394 abscondis
620 368 715 402 faciem
738 373 820 399 tuam,
839 374 864 396 et
883 368 1042 396 Oblivisceris

257 414 441 440 calamitatum
458 419 482 440 et
494 414 665 448 afﬂictianum
677 420 828 441 nostrarum
843 415 855 441 ἴ)
869 414 910 442 Τιι
920 415 1042 450 quidem,

258 468 275 483 ι»
291 457 371 490 Deus,
390 458 537 486 abscondis
557 464 582 486 et
599 460 700 486 avertis
716 459 813 486 faciem
840 464 927 492 tuam,
953 467 987 487 ne
1001 460 1042 487 vi-

257 504 322 531 deas
338 503 438 537 turpia,
461 508 488 530 et
511 503 621 538 indigna
644 504 726 538 facta,
745 509 827 539 alque
849 509 896 531 tuo
919 505 1040 531 contuitu

258 549 356 576 aliena.
373 548 471 576 Verum
489 549 551 584 quia
565 550 644 576 nobis
657 550 682 576 in
704 549 870 576 enumeratis
886 550 947 576 istis
962 549 1040 577 factis

255 593 395 626 praeclaris
422 592 521 620 ﬁducia
539 593 629 628 aliqua
648 597 795 628 superest,
820 601 870 620 cur
893 593 1040 621 abscondis

255 637 352 665 faciem
366 639 460 665 tuam?
472 638 596 672 Cumque
616 643 656 666 tot
672 639 746 673 passi
761 639 831 665 mala
849 639 937 666 simus
949 640 1040 667 cultus

255 684 294 710 tui
320 691 352 711 ac
374 683 482 719 pietatis
507 693 601 717 causa,
627 692 677 712 cur
697 685 870 713 Oblivisceris
885 686 1040 714 aillictionis
1060 714 1062 716 _

255 733 302 756 aut
322 729 489 764 paupertatis
501 729 696 757 nostrae?Nam
712 730 775 757 licet
799 738 830 757 ea
855 738 910 758 non
926 731 1039 766 perinde

255 781 354 809 magna
371 774 426 801 sint
441 774 511 808 apud
540 779 565 801 te
578 794 586 807 ,
604 779 633 802 ut
652 775 722 809 apud
741 783 792 802 nos
804 795 812 807 ,
840 775 887 802 sed
903 783 987 810 egena
1011 781 1039 803 et

255 826 337 853 parva
363 824 390 846 et
413 819 596 853 paucissima:
615 827 711 854 magna
729 824 832 852 tamen,
849 825 982 855 quatenus
1003 829 1038 848 ex

1095 231 1231 266 ἁμαρτίας
1247 231 1347 258 αὐτῶν.
1368 231 1498 267 Εῦχονται
1525 232 1553 258 δὲ
1579 231 1687 266 δοθῆναι
1713 232 1810 263 αὐτοῖς
1838 233 1888 267 τὴν

1095 277 1254 310 ἐπιφάνειαν
1269 276 1316 302 τοῦ
1330 277 1447 313 Χριστοῦ
1464 276 1512 312 τὴν
1535 276 1579 302 ἐπ’
1603 277 1723 311 ἐσχάτων
1743 277 1799 302 τῶν
1827 286 1888 303 και-

1096 322 1159 356 ρῶν,
1178 322 1221 348 ἴνα
1240 322 1277 357 μὴ
1291 322 1340 356 τῆς
1353 322 1419 356 παρ’
1440 321 1521 348 αὑτοῦ
1539 322 1708 357 ἀμοιρήσωσι
1725 323 1802 357 ζωῆς
1815 330 1824 338 ⁸
1840 323 1886 349 καὶ

1093 375 1175 401 φασιν
1186 375 1192 382 ·
1209 367 1271 393 Ἵνα
1287 367 1314 393 τί
1331 366 1364 393 τὸ
1388 367 1548 400 πρόσωπόν
1568 375 1625 394 σου
1653 368 1863 403 ἀποκρύπτεις
1879 389 1886 400 ,

1093 412 1143 439 καὶ
1169 411 1355 446 ἐπιλανθάνῃ
1373 411 1427 446 τῆς
1448 413 1606 446 κακώσεως
1627 413 1711 448 ἡμῶν
1735 415 1787 440 καὶ
1820 415 1887 442 θλί-

1092 459 1190 491 ψεως;
1207 457 1347 493 Κρύπτεις
1366 458 1415 493 μὲν
1429 457 1459 484 τὸ
1473 458 1584 485 σεαυτοῦ
1601 459 1755 495 πρόσωπον,
1770 462 1786 487 ὁ
1804 461 1885 493 Oak,

1091 503 1139 529 καὶ
1155 503 1344 537 ἀποστρέφεις,
1361 503 1427 538 πρὸς
1438 503 1469 528 τὸ
1484 503 1521 538 μὴ
1539 503 1646 538 βλέπειν
1662 504 1695 530 τὰ
1709 505 1818 540 αἰσχρὰ
1839 508 1887 532 καὶ

1090 548 1215 582 ἀπρεπῆ,
1233 547 1281 573 καὶ
1295 548 1343 582 τῆς
1356 547 1404 582 σῆς
1419 547 1482 579 θέας
1494 548 1620 586 ἀλλότρια
1631 556 1637 562 ·
1651 548 1707 575 ἀλλ’
1722 551 1785 576 ἐπεὶ
1802 551 1887 586 ἡμεῖς

1091 593 1137 619 ἐπὶ
1155 595 1211 624 τοῖς
1226 593 1344 628 λεχθεῖσι
1360 593 1552 629 κατορθώμασι
1573 595 1727 630 παρρησίαν
1752 597 1864 632 ἄγομεν
1878 617 1885 628 ,

1090 638 1133 664 ἴνα
1148 637 1216 664 τιτὸ
1230 637 1373 673 πρόσωπόν
1399 646 1446 665 σου
1467 639 1614 674 κρύπτεις
1635 641 1760 667 Τοσαῦτα
1778 641 1811 668 δὲ
1833 652 1886 669 πα-

1090 683 1207 718 σχόντων
1223 684 1269 709 καὶ
1287 683 1513 710 κακοπαθούντων
1530 685 1578 720 τῆς
1603 685 1652 721 σῆς
1676 686 1769 713 ἕνεκεν
1798 688 1882 714 εὐσε-

1088 728 1175 760 ϐεῖὰς,
1188 729 1230 755 ἴνα
1239 729 1265 755 τί
1275 729 1439 766 ἐπιλανθάνῃ
1450 731 1499 765 τῆς
1510 731 1655 763 κακώσεως
1663 732 1752 767 ἡμῶν,
1761 733 1825 767 ἤτοι
1835 734 1884 768 τῆς

1089 775 1241 809 πτωχείαςς
1257 775 1287 800 El
1303 775 1356 810 γὰρ
1372 776 1419 802 καὶ
1435 776 1540 811 μεγάλα
1553 777 1639 804 ταῦτα
1656 778 1694 809 ὡς
1711 779 1780 814 πρὸς
1805 781 1884 814 ἡμᾶς

1087 819 1122 845 τὰ
1138 819 1346 855 κατορθώματα,
1371 821 1430 847 ἀλλ’
1455 821 1492 853 ὡς
1519 822 1586 857 πρὸς
1613 823 1642 849 σὲ
1663 824 1752 850 πάντα
1779 825 1883 859 πτωχὰ

255 865 333 892 nobis
357 869 430 892 sunt.
457 865 550 900 itaque
575 866 781 901 supplicamus,
809 875 843 894 ne
866 867 1037 896 obliviscaris

1093 866 1136 892 nat
1152 866 1255 901 σμικρὰ
1271 866 1318 892 καὶ
1333 867 1468 901 ὀλίγιστα’
1486 868 1555 904 πλὴν
1570 869 1607 900 ὡς
1617 869 1647 901 ἐξ
1665 870 1742 905 ἡμῶν
1758 871 1882 905 μεγάλα.

254 911 423 946 paupertatis
436 915 545 944 nostra,
564 919 580 938 ο
596 911 711 940 Domine
726 921 733 939 :
750 913 817 947 quin
843 913 934 948 potius
954 915 1037 941 remi-

254 957 370 984 niscaris
382 956 546 990 alliictionis,
557 965 639 993 quam
654 959 839 987 sustinuimus
853 959 891 986 tui
906 967 1001 988 causa.

1090 912 1136 938 Διὸ
1155 912 1309 946 ἱκετεύομεν
1327 913 1363 947 μὴ
1380 913 1464 948 λήθην
1485 914 1648 950 ποιήσασθαι
1671 915 1722 949 τῆς
1736 915 1883 950 ἡμετέρας

1090 957 1224 992 πτωχείας
1237 966 1243 972 ·
1260 958 1409 994 μνησθῆναι
1422 959 1450 986 δὲ
1469 961 1516 987 καὶ
1530 961 1579 996 τῆς
1599 961 1713 996 Θλίψεως
1736 962 1830 997 ἡμῶν,
1844 960 1882 998 ἧς

1091 1004 1276 1039 ὑπεμείναμεν
1290 1004 1368 1039 χάριν
1383 1005 1440 1037 σοῦ,
1456 1003 1478 1032 ὦ
1493 1007 1623 1035 Δέσποτα.

853 1078 891 1106 Et
906 1081 931 1106 in
947 1088 1048 1108 tersum
1060 1087 1206 1117 sequentem
1220 1083 1264 1110 25.

287 1154 459 1182 Athanasius.
486 1155 570 1184 Porro
585 1157 742 1192 depressam
766 1158 818 1185 sibi
839 1163 956 1186 mentem
974 1166 1036 1186 esse

253 1199 346 1226 dicunt
360 1201 442 1227 etiam
457 1200 541 1228 Judaei
556 1211 562 1228 :
579 1203 643 1237 quia
659 1208 803 1238 postquam
818 1212 849 1231 ea
872 1212 933 1239 qua!
955 1203 1036 1231 Chri-

253 1245 286 1271 sti
304 1249 367 1271 sunt
382 1246 484 1273 sentire
502 1254 674 1282 recusarunt,
691 1249 851 1277 deciderunt
874 1250 903 1276 in
919 1258 1031 1277 sensum

253 1289 403 1316 carnalem.

1125 1160 1182 1195 (74)
1207 1160 1388 1194 Ἀθανάσιος.
1418 1162 1638 1190 Τεταπεινῶσθαι
1661 1163 1688 1190 δὲ
1712 1163 1805 1191 αὐτῶν
1827 1165 1879 1199 τήν

1088 1205 1176 1241 ψυχήν
1199 1215 1265 1241 φασι
1280 1208 1326 1234 καὶ
1353 1208 1489 1234 Ἰουδαῖοι·
1515 1209 1623 1245 ἐπειδὴ,
1647 1209 1826 1245 ἀπωσάμενοι
1848 1212 1878 1238 τὸ

1089 1253 1196 1287 φρονεῖν
1213 1252 1248 1279 τὰ
1269 1253 1387 1289 Χριστοῦ
1401 1273 1408 1286 ,
1426 1255 1466 1286 εἰς
1490 1254 1616 1291 φρόνημα
1635 1255 1785 1282 κατέπεσον
1811 1264 1879 1292 σαρ-

1089 1297 1175 1323 κικόν.

864 1371 931 1399 Item
947 1373 972 1400 in
990 1382 1091 1401 versum
1105 1376 1239 1404 ultimum.

287 1445 458 1472 Athanasius.
481 1444 583 1474 Deinde
603 1446 725 1474 indicant
741 1447 768 1475 hi
798 1456 892 1481 versus
912 1451 1031 1480 vocatio—
1048 1455 1069 1486 (Ξ

255 1505 316 1524 nem
346 1495 421 1523 illam
449 1499 477 1523 et
501 1503 709 1524 conversionem
738 1496 925 1524 lsraelitarum
941 1516 950 1529 ,
976 1504 1036 1530 qua:

254 1544 358 1572 ultimis
371 1544 540 1578 temporibus
558 1543 674 1571 accidet.
691 1543 744 1576 Qui
756 1544 838 1571 etiam
851 1544 945 1571 dicunt
960 1553 966 1571 :
980 1543 1036 1572 Re-

253 1591 313 1624 cipe
327 1596 388 1621 nos.
411 1594 438 1616 et
453 1589 492 1616 sis
515 1589 594 1616 nobis
612 1590 757 1625 propitius.
784 1590 903 1625 Tempus
927 1597 1037 1625 quoque

253 1636 442 1662 conversionis
456 1643 523 1668 suat,
536 1634 617 1662 ﬁdem
629 1636 734 1662 scilicet
751 1635 778 1662 in
795 1640 831 1667 te,
857 1644 873 1663 ο
891 1635 972 1669 Deus,
989 1643 1037 1662 ve-

253 1689 311 1707 ram
339 1681 522 1715 conﬁtentur;
542 1682 719 1716 subjicientes
740 1680 804 1708 illud
826 1692 831 1708 :
852 1681 964 1714 Propter
990 1689 1038 1707 no-

254 1735 312 1754 men
334 1732 419 1758 tuum,
443 1727 545 1755 diserte
565 1727 702 1760 fatentur,
724 1727 796 1763 quod
815 1735 868 1754 non
891 1727 946 1754 sint
963 1726 1038 1761 digiti

253 1774 299 1808 qui
321 1774 537 1801 misericordiam
565 1778 781 1808 consequuntur,
807 1772 879 1808 quod
907 1772 1038 1799 contrarii

253 1818 364 1845 Christo
379 1818 490 1846 iuerint.
507 1819 540 1846 Et
557 1824 646 1847 tamen
664 1820 777 1854 dignum
798 1822 840 1845 est
865 1818 933 1852 ipso,
957 1818 1039 1844 mise-

255 1865 308 1891 reri
320 1869 346 1892 et
357 1865 499 1901 ignoscere
511 1866 632 1901 lapsibus
643 1866 770 1893 humanis
783 1868 892 1899 propter
906 1863 1037 1898 seipsum.

252 1909 298 1937 Ait
313 1911 384 1938 enim
398 1921 405 1939 :
428 1911 489 1939 Non
502 1913 572 1947 facio
588 1917 696 1947 propter
717 1920 772 1944 vos,
788 1911 872 1945 inquit
894 1909 1035 1942 Dominus,

252 1954 298 1982 uti
314 1961 419 1990 propter
433 1965 526 1984 nomen
546 1965 630 1984 meum
639 1957 673 1984 ‘°.

1121 1453 1177 1490 (7-5)
1201 1455 1380 1490 'ABareimoc.
1399 1457 1452 1483 Kal.
1466 1458 1515 1493 τὴν
1532 1458 1560 1484 ὲν
1575 1458 1698 1494 ὑστέροις
1714 1459 1742 1485 δὲ
1768 1461 1875 1495 καιροῖς

1089 1502 1220 1537 ἐσομένην
1234 1503 1280 1529 τοῦ
1300 1503 1407 1539 Ἰσραὴλ
1422 1505 1587 1539 ἐπιστροφὴν
1606 1505 1652 1530 καὶ
1669 1505 1763 1540 κλῆσιν
1778 1507 1803 1532 οἱ
1820 1506 1877 1532 στί-

1088 1554 1131 1580 χοι
1148 1547 1333 1581 σημαίνουσιν.
1349 1549 1380 1574 Οἳ
1393 1550 1438 1575 καί
1451 1557 1532 1583 φασιν
1544 1557 1550 1563 ”
1574 1549 1728 1576 ’Λντιλάὸου
1741 1550 1773 1586 δὴ
1784 1551 1875 1586 ἡμῶν,

1089 1589 1135 1614 καὶ
1151 1589 1219 1615 δίδου
1233 1590 1264 1616 τὺ
1278 1590 1400 1626 εὐμενές.
1414 1592 1468 1618 Καὶ
1484 1592 1578 1627 καιρὸν
1591 1592 1759 1628 ἐπιστροφῆς
1770 1594 1820 1629 τὴν
1835 1595 1877 1626 εἰς

1094 1634 1124 1660 σὲ
1149 1635 1277 1670 ἀληθινὴν
1308 1637 1398 1663 πίστιν
1424 1638 1598 1672 ὁμολογοῦσιν
1618 1647 1624 1653 '
1644 1639 1790 1673 ἐπάγοντες
1817 1639 1848 1666 τό
1867 1649 1875 1656 ·

1090 1679 1217 1707 Ἕνεκεν
1234 1681 1287 1708 τοῦ
1309 1682 1452 1716 όνοξματός
1471 1691 1540 1715 σου,
1560 1683 1709 1720 διαρρήδην
1728 1685 1875 1719 ὁμολογοῦ-

1090 1735 1131 1753 σιν
1148 1746 1154 1758 ,
1169 1727 1206 1758 ὼς
1220 1727 1269 1753 οὐκ
1284 1726 1352 1760 ἄξιοι
1367 1727 1413 1754 τοῦ
1432 1728 1565 1755 ἐλεεῖσθαι
1590 1730 1657 1755 εἰσιν
1676 1730 1699 1755 οἱ
1717 1731 1788 1757 κατὰ
1808 1731 1875 1766 Χρι-

1090 1772 1153 1798 στοῦ
1167 1773 1315 1807 γενόμενοι.
1332 1773 1434 1808 Πρέπει
1454 1782 1486 1808 γε
1505 1775 1557 1810 μὴν
1570 1774 1599 1801 τὺ
1615 1775 1699 1801 ἐλεεῖν
1725 1776 1809 1810 αὐτῷ,
1826 1777 1873 1802 καὶ

1090 1818 1285 1854 κατοικτείρειν
1302 1820 1357 1850 τοῖς
1372 1819 1552 1854 ἀνθρωπίνοις
1579 1821 1730 1856 πταίσμασι
1744 1822 1786 1848 ’δι’
1811 1823 1872 1849 ἐσο-

1088 1864 1144 1890 τόν.
1160 1864 1230 1899 Φησὶ
1245 1864 1315 1899 γάρ·
1333 1866 1373 1891 Οὐ
1387 1865 1424 1891 δι’
1440 1865 1518 1899 ὑμᾶς
1534 1865 1591 1900 ἐγὼ
1606 1866 1689 1899 ποιῶ,
1705 1867 1787 1903 λέγει
1812 1867 1871 1896 Κύ-

1086 1917 1161 1943 ριος,
1175 1910 1244 1937 ἀλλ’
1260 1909 1278 1944 ἣ
1296 1910 1345 1937 διὰ
1356 1912 1387 1937 τὸ
1399 1910 1493 1946 ὄνομά
1505 1920 1575 1946 μου.

292 2025 389 2052 Deinde
402 2025 520 2060 sequitur
541 2030 724 2060 argumentum
741 2026 767 2052 in
783 2025 914 2060 psalmum
931 2030 992 2050 XLIV
1015 2021 1112 2049 eisdem
1132 2029 1238 2048 m'orsus
1254 2021 1336 2048 verbis
1362 2021 1456 2056 quibus
1483 2021 1592 2048 habetur
1619 2029 1720 2056 supra;
1742 2030 1822 2056 quare

253 2061 379 2087 ominum
396 2065 443 2087 est.

429 2141 462 2168 Et
475 2143 501 2168 in
516 2149 616 2168 uersum
641 2140 767 2174 primum,
781 2139 921 2174 prtemissa
944 2137 1051 2170 Basilii,
1064 2136 1245 2171 Chrysostomi
1261 2140 1284 2163 et
1309 2134 1417 2162 Eusebii
1429 2136 1569 2167 sententia,
1586 2135 1703 2170 subjicit.

290 2219 403 2254 Magnus
418 2226 482 2246 vero
499 2217 676 2249 Athanasius,
684 2222 710 2245 et
725 2217 803 2244 divus
817 2216 946 2252 Cyrillus,
956 2215 1035 2250 quasi

1124 2213 1179 2248 (76)
1198 2213 1355 2245 Ἀθανάσιος
1369 2213 1397 2240 δὲ
1408 2214 1422 2240 ὁ
1435 2213 1504 2240 πάνυ
1520 2213 1568 2240 καὶ
1578 2214 1592 2239 ὁ
1604 2212 1673 2244 θεῖος
1688 2212 1819 2248 Κύριλλος
1835 2211 1870 2243 ὡς

253 2266 312 2293 haec
328 2273 359 2293 ex
377 2272 493 2300 persona
514 2263 562 2290 Dei
590 2267 617 2289 et
641 2262 730 2304 Patris
749 2262 915 2292 dicerentur,
938 2260 1038 2287 intelli-

255 2315 323 2346 gunt
335 2318 367 2338 ea
385 2309 419 2337 de
436 2308 534 2341 Verbo,
550 2307 622 2343 quod
635 2307 705 2342 apud
717 2307 824 2334 Patrem
845 2310 903 2334 erat.
918 2306 944 2332 in
961 2306 1037 2340 prin-

255 2356 326 2390 cipio
339 2365 346 2386 ς
361 2355 445 2390 quod,
462 2354 600 2388 inquiunt,
620 2353 822 2388 quodammodo
838 2360 871 2378 ex
887 2351 968 2379 corde
991 2355 1039 2378 aut

255 2399 323 2434 ipsis
340 2398 493 2425 visceribus
517 2397 669 2432 progenuit.
687 2396 725 2424 De
746 2404 799 2430 quo
813 2396 895 2423 etiam
910 2396 976 2423 dicit
991 2403 1038 2430 per

255 2444 383 2472 Davidem
398 2453 404 2470 :
422 2443 558 2470 Eructavit
574 2451 619 2470 car
635 2450 720 2469 meum
738 2443 842 2468 uerbum
857 2442 962 2468 bonum.
972 2441 1038 2468 Pro-

255 2495 354 2525 gnatus
365 2497 482 2525 namque
505 2494 546 2517 est
559 2489 660 2521 Filius,
674 2492 705 2516 ut
720 2495 811 2516 sermo
825 2495 857 2515 ex
873 2492 974 2520 mente,
988 2487 1037 2514 bo-

256 2543 308 2562 nus
324 2542 356 2561 ex
375 2535 456 2567 bono,
481 2534 552 2561 Deus
571 2542 604 2561 ex
620 2533 685 2561 Deo.
712 2532 917 2560 Observandum
946 2540 1037 2568 porro,

256 2581 330 2614 loqui
345 2580 451 2607 Patrem
469 2581 502 2608 de
514 2580 582 2607 Filio
600 2585 728 2614 tanquam
741 2580 892 2611 incarnato,
909 2586 974 2606 eum
990 2579 1037 2606 ait:

255 2626 322 2652 Dico
333 2633 378 2660 ego
393 2633 470 2660 opera
483 2634 540 2653 mea
554 2626 616 2661 regi.
636 2623 704 2652 Nam
733 2629 838 2652 tantum
856 2631 909 2651 non
924 2624 1039 2654 promit-

307 2715 331 2730 “
346 2713 442 2742 Ezech.
462 2721 508 2746 xx,
524 2713 567 2742 Η.

305 2794 348 2822 ιιι
365 2794 425 2820 llaec
434 2796 469 2820 im
490 2801 561 2820 vute.

293 2828 347 2860 (75;
362 2828 422 2856 Illuc
436 2829 558 2856 auctiora
576 2833 638 2857 sunt
649 2836 730 2860 quam
752 2830 780 2857 in
792 2828 1018 2857 EIuositionibus.

1088 2261 1120 2287 ἐκ
1135 2259 1280 2294 προσώπου
1297 2259 1344 2286 τοῦ
1365 2259 1432 2286 Θεοῦ
1449 2260 1496 2286 καὶ
1518 2259 1623 2294 Πατρδς
1638 2258 1766 2292 λέγεσθαι
1789 2259 1869 2286 ταῦτα

1089 2307 1177 2332 νοοῦσι
1195 2306 1258 2340 περὶ
1273 2304 1319 2331 τοῦ
1335 2305 1363 2330 ὲν
1377 2305 1449 2340 ἀρχῇ
1462 2304 1537 2335 ὄντος
1551 2304 1618 2339 πρὸς
1635 2303 1717 2330 αὑτὸν
1733 2304 1828 2338 Λόγου,
1840 2303 1869 2330 ὃν

1089 2352 1122 2378 ὲκ
1137 2352 1187 2386 τῆς
1200 2351 1281 2378 οἱονεί
1293 2351 1405 2386 καρδίας
1420 2351 1437 2385 ἢ
1453 2350 1542 2377 αὐτῶν
1552 2350 1605 2376 τῶν
1614 2350 1785 2384 σπλάγχνων,
1797 2349 1868 2384 φασὶ,

1089 2398 1242 2433 προήγαγε.
1268 2397 1336 2432 Περὶ
1350 2392 1381 2422 οὗ
1400 2397 1447 2423 καὶ
1461 2395 1535 2430 λέγει
1557 2395 1600 2422 διὰ
1621 2395 1718 2421 Δαυῖδ·
1742 2396 1869 2430 Ἐξηρεύ-

1091 2443 1166 2475 fato
1183 2444 1202 2476 ἠ
1213 2442 1319 2476 καρδία
1328 2451 1387 2476 μου
1397 2443 1491 2476 λόγον
1502 2441 1621 2477 ἀγαθόν.
1633 2441 1795 2477 Γεγέννηται
1807 2442 1867 2476 γὰρ,

1091 2488 1129 2520 ὡς
1140 2487 1218 2522 λόγος
1234 2488 1267 2514 ἐκ
1284 2486 1342 2518 νοῦ,
1359 2487 1460 2521 ἀγαθὸς
1476 2487 1506 2520 ἐξ
1523 2485 1636 2521 ἀγαθοῦ,
1655 2487 1722 2518 Θεὸς
1743 2488 1774 2513 ὲκ
1794 2487 1865 2514 Θεοῦ.

1092 2533 1188 2569 Ἀθρει
1212 2533 1240 2560 δὲ
1257 2533 1294 2565 ὡς
1310 2533 1373 2568 περὶ
1398 2533 1655 2569 ὲνανθρωπήσαντος
1678 2532 1725 2559 τοῦ
1745 2533 1807 2559 Υἱοῦ
1829 2533 1869 2559 λέ-

1091 2587 1174 2613 γοντα
1189 2577 1234 2604 τὸν
1251 2577 1361 2613 Πατέρα
1373 2586 1380 2592 ·
1399 2577 1479 2612 Λέγω
1494 2577 1550 2611 ἐγὼ
1565 2577 1602 2604 τὰ
1616 2577 1687 2612 ἔργα
1697 2585 1757 2611 μου
1771 2575 1807 2609 τῷ
1815 2577 1868 2609 ,ϐα-

1091 2624 1184 2652 σιλεῖ.
1192 2624 1342 2659 Μονονουχὶ
1352 2623 1406 2659 γὰρ
1414 2624 1635 2658 καθυπισχνεῖται
1642 2622 1777 2650 διδάσκειν
1783 2623 1867 2656 αὐτὸν,

1133 2794 1186 2830 (76)
1202 2794 1369 2830 Expressum
1396 2802 1427 2822 ex
1446 2791 1666 2829 interpretatione
1690 2792 1784 2827 psalmi
1798 2798 1864 2822 ων.
