1926 3051
103 107 151 136 565

605 106 818 136 FRAGMENTA
838 105 1017 136 COMMENT.
1041 107 1074 135 ΙΝ
1091 106 1263 135 PSALMOS.

1669 106 1720 135 566

101 166 196 198 ὁποίοις
207 167 262 192 τισὶ
270 165 358 200 λόγοις
378 165 520 201 χρήσεται,
543 165 699 201 ὲμὸιῦάζων
717 168 789 202 ἡμᾶς
801 168 840 198 εἰς
852 167 875 193 τί

934 166 966 193 tit
981 174 1010 193 se
1027 166 1115 200 ipsum
1131 164 1293 192 edocturum
1304 182 1311 194 ,
1328 163 1481 198 cujusmodi
1508 164 1598 192 verbis
1615 166 1654 192 uti
1672 167 1719 195 do-

100 210 163 246 δρᾷν
178 210 212 236 ’ιὰ
222 211 289 246 ἔργα
298 210 486 246 αὑτοῦ.“⁷Εργα
496 211 524 237 δὲ
537 211 605 237 Θεοῦ
616 213 709 247 ’φαμεν
723 212 771 247 τὴν
784 211 881 247 εὐσεϐῆ

100 256 301 292 πολιτείαν,ῆτις
307 256 350 283 διὰ
358 256 411 283 τῶν
418 257 604 291 εὑαηελικῶν
612 258 794 294 κηρυγμάτων
802 258 882 292 γέγο-

100 310 143 328 νεν
153 303 215 338 ἡμῖν
226 302 359 337 ἐμφανής.
376 301 540 337 Προσλαλῶν
556 302 584 328 δὲ
601 302 719 338 Χριστὸς
746 302 881 334 Ἰουδαίοις

99 348 131 375 τὰ
145 349 264 384 χρήσιμα
278 348 347 384 πρὸς
365 342 514 384 σωτηρίαν,
531 349 571 384 τῷ
589 349 676 385 Πατρὶ
701 350 764 381 τοὺς
783 348 880 376 ἑαυτοῦ

99 395 188 430 λόγους
201 395 314 421 ἀνετίθει
331 394 417 429 λέγων
427 403 434 410 ·
455 396 518 422 Ἀπ’
535 395 665 430 ἐμαυτοῦ
682 394 755 421 ποιῶ
768 395 857 421 οὐδέν
873 403 879 409 ·

99 440 142 467 καὶ
157 440 234 466 πάλιν
246 449 253 456 ·
279 440 306 466 '0
323 439 424 473 Πατὴρ
435 439 536 475 ἀγαπᾷ
554 439 607 466 τὸν
625 439 702 471 Υὶὸν,
718 440 766 466 καὶ
783 439 882 466 πάντα

97 485 247 513 δείκνυσιν
269 485 349 518 αὐτῷ
369 485 388 512 ά
411 486 502 518 αὐτὸς
526 485 613 512 ποιεῖ.
638 485 723 512 Καλεῖ
749 485 777 511 δὲ
800 485 880 511 αὑτὸν

99 531 203 567 βασιλέα
218 530 289 557 κατὰ
306 531 401 566 καιρὸν
417 533 431 558 ὁ
455 531 560 566 Πατὴρ,
586 531 623 562 ὡς
650 531 683 557 ἂν
712 530 749 567 μὴ
777 530 815 565 τῷ
831 530 881 565 τῆς

97 578 326 613 ὲνανθρωπήσεως
342 577 435 613 μέτρῳ
449 577 510 613 δόξῃ
529 577 578 612 τῆς
592 577 705 612 ἐνούσης
720 576 793 612 αὑτῷ
809 576 880 602 κατὰ

97 625 171 660 φύσιν
187 625 265 657 ἀξὶας
279 624 475 660 ἀποφέρεσθαι.
490 625 600 660 Ἔμεινε
618 623 672 659 γὰρ
687 624 734 650 καὶ
749 623 818 658 μετὰ
830 623 879 658 τὴν

95 672 243 707 οἰκονομίαν
253 671 330 698 οὐδὲν
341 669 431 708 ἧττον,
450 671 481 697 ἐκ
494 670 624 706 βασιλέως
639 670 676 696 ὣν
696 670 743 697 τοῦ
761 670 877 705 Πατρὸς.

95 717 226 752 βασιλεὺς,
245 718 292 744 καὶ
316 717 410 752 ὥσπερ
435 716 559 751 βασιλεὺς
578 716 707 751 ὑπάρχων
732 715 780 742 καὶ
801 715 877 746 Θεὸς,

95 766 130 795 εἰς
143 763 273 798 βασιλέως
290 763 377 799 ἀρχὴν
394 763 504 797 λέγεται
520 761 657 798 ἔρχεσθαι,
673 762 716 788 διὰ
733 762 763 788 τὸ
780 770 878 796 σεσαρ-

93 810 201 837 uase“.
219 810 298 837 Οὕτω
317 810 365 837 καὶ
391 811 463 846 ἆπερ
492 807 546 836 οἶδε
571 809 692 844 φυσικῶς
707 831 715 842 ,
740 809 778 841 ὡς
798 809 878 841 Θεὸς,

94 857 170 884 ταῦτα
187 854 270 884 πάλιν
285 857 395 884 ἀκούειν
410 856 518 891 λέγεται
536 856 580 883 διὰ
597 857 628 883 τὸ
645 855 813 892 ἀνθρώπινον
839 856 879 882 οἰ-

92 903 247 939 κονομικῶς.
262 903 382 939 Χριστός
396 903 450 938 γάρ
462 904 535 932 ἐστιν
550 903 563 928 ὁ
577 902 713 938 βασιλεὺς,
762 901 796 928 τὰ
810 901 878 938 ἔργα

92 948 157 983 λέγει
181 950 195 975 ὁ
226 949 335 984 Πατήρ.
365 949 412 974 Ὃν
436 948 464 974 δὲ
492 949 586 984 εἴρηκε
610 948 706 981 Λόγον,
723 947 816 973 τοῦτον
830 946 878 973 καὶ

91 995 207 1029 γλῶσσαν
218 994 305 1022 αὑτοῦ
320 994 453 1021 ἀποκαλεῖ
464 1003 470 1009 ·
481 994 519 1026 ὡς
530 995 580 1029 οὐχ
595 993 688 1029 ἕτερόν
703 1002 730 1019 τι
745 992 877 1019 λαλοῦντα

92 1042 154 1077 πλὴν
168 1042 182 1068 ὃ
192 1051 218 1068 τι
233 1042 262 1068 ὲν
280 1040 355 1077 αὐτῷ
366 1041 499 1076 πατρικὸν
510 1042 568 1067 ἐστι
585 1039 720 1075 βούλημα.
737 1040 792 1066 Καὶ
810 1038 876 1073 παρ’

89 1088 148 1124 ἡμῖν
165 1089 216 1125 γὰρ
233 1089 345 1123 γλῶττα
360 1087 557 1123 διαπορθμεύει
575 1089 632 1118 τοῖς
656 1087 708 1118 ἔξω
733 1086 779 1112 τὸν
802 1085 874 1114 νοῦν.

89 1134 220 1170 κάλαμος
234 1135 272 1162 δὲ
294 1133 486 1170 γραμματέως
502 1132 673 1167 ὀξυγράμου
694 1132 851 1167 ὠνόμασται
868 1151 875 1164 ,

88 1180 127 1207 διὰ
140 1181 169 1207 τὸ
186 1181 281 1216 λέγειν
297 1189 324 1207 τι
338 1181 386 1208 καὶ
399 1180 500 1211 εὐθέως
515 1179 653 1214 γενέσθαι,
668 1179 706 1211 ὡς
720 1178 751 1205 τό
761 1187 768 1193 θ
782 1177 874 1212 Λέγω·

89 1225 298 1261 Καθαρίσθητι,
316 1226 365 1253 καὶ
379 1225 490 1259 εὐθέως
502 1225 686 1259 ἐκαθαρίσθη
697 1232 703 1239 ·
716 1224 875 1254 Νεανίσκε,

88 1273 132 1299 σοι
158 1273 245 1308 λέγω,
279 1272 426 1308 ἐγέρθητι,
444 1272 494 1299 καὶ
512 1270 622 1304 εὐθέως
645 1270 765 1306 ἠγέρθη.
797 1269 877 1296 Ἀλλὰ

89 1319 132 1344 καὶ
145 1318 181 1350 ὡς
195 1319 323 1354 κάλαμος
338 1318 421 1351 ὀξέως
438 1317 571 1353 ἐγγράφει
582 1318 644 1349 ταῖς
658 1317 782 1353 καρδίαις
798 1317 876 1352 ἡμῶν

88 1365 115 1390 τὸ
129 1364 250 1400 βούλημα
264 1364 313 1390 τοῦ
333 1363 452 1400 Πατρός,
469 1363 596 1398 Βούλημα
619 1363 658 1394 δὲ,
686 1363 768 1397 φησὶν
783 1362 874 1394 αὐτὸς,

87 1410 130 1437 τοῦ
149 1411 266 1447 [ἰατρὸς.
286 1411 349 1438 Ἵνα
363 1409 422 1437 πᾶν
441 1409 456 1436 ὃ
471 1409 581 1436 δέδωκέ
592 1418 653 1444 μοι,
669 1409 712 1443 μὴ
734 1408 876 1436 ἀπολέσω

87 1456 118 1488 ἐξ
133 1458 236 1485 αὑτοῦ.
259 1457 340 1489 Ὀξῦς
354 1457 382 1484 δὲ
395 1458 409 1483 ὁ
428 1456 551 1492 κάλαμος
562 1455 610 1482 τοῦ
633 1455 749 1491 Πατρός.
774 1455 802 1481 Ὀ
827 1455 876 1490 μὲν

88 1503 137 1540 γὰρ
151 1505 277 1536 Μωσέως
291 1503 373 1539 νόμος
383 1503 427 1530 διὰ
441 1503 495 1530 τῶν
506 1503 577 1530 κατὰ
591 1502 621 1529 τὸ
633 1503 751 1538 γράμμα
767 1502 876 1529 κύκλων
889 1519 912 1549 C

87 1550 208 1586 ἀμυδρῶς
238 1550 336 1585 ἐδήλου
361 1550 396 1576 τὰ
417 1550 557 1585 χρήσιμα·
579 1550 593 1575 ὁ
615 1549 643 1575 δὲ
667 1549 756 1581 κοινὸς
779 1548 874 1584 Σωτὴρ

88 1596 220 1631 συντόμως
233 1596 354 1631 ἐδήλωσε
369 1596 400 1622 τὸ
417 1595 523 1631 θέλημα
533 1595 581 1622 τοῦ
594 1595 710 1631 Πατρός,
727 1595 805 1621 Ἐστι
821 1595 875 1631 γὰρ

87 1642 207 1677 Μεγάλης
220 1642 322 1678 βουλῆς
339 1642 462 1681 ἄγγελος.
482 1641 538 1669 Kal
550 1642 653 1677 λόγον,
671 1642 747 1681 φησι,
765 1650 873 1668 συντε-

86 1688 230 1723 τμημένον
241 1688 366 1721 ποιήσει
380 1687 491 1722 Κύριος
507 1689 541 1715 ἐν
554 1687 591 1723 τῇ
604 1688 763 1723 οἰκουμένῃ
779 1688 846 1724 ὅλῃ.

933 213 1005 246 beat,
1021 212 1153 240 inducens
1165 218 1226 242 nos,
1250 213 1280 237 ut
1302 209 1435 237 faciamus
1452 218 1534 245 opera
1547 211 1617 246 ejus.
1631 211 1719 247 Opera

933 267 999 287 vero
1017 258 1064 286 Dei
1088 258 1217 289 dicimus,
1240 256 1313 292 piam
1335 257 1583 291 conversationem,
1599 265 1660 292 quae
1673 265 1719 292 per

933 304 1153 340 praedicationem
1171 303 1357 338 evangelicam
1377 302 1457 330 nobis
1473 301 1648 330 manifestata
1666 309 1719 331 est.

932 350 1058 378 Christus
1075 358 1150 382 vero,
1167 357 1230 377 cum
1245 352 1394 383 exponeret
1417 348 1519 376 Judaeis
1542 357 1603 384 qua;
1621 349 1654 377 ad
1673 357 1719 376 sa-

932 397 1016 424 lutem
1037 397 1168 430 facerent,
1193 395 1307 423 ascribit
1329 403 1361 424 ea
1381 395 1454 422 Patri
1473 403 1540 428 suo,
1567 396 1694 430 inquiens
1711 405 1718 422 :

933 444 954 470 Α
977 451 1017 470 me
1042 443 1098 477 ipso
1113 442 1180 469 nihil
1207 442 1295 476 facio;
1324 444 1350 468 ct
1375 448 1484 468 rursum
1508 439 1610 467 :Pater
1627 440 1719 475 diligit

933 488 1045 521 Filium,
1060 493 1084 514 et
1097 487 1211 514 ostendi!
1228 487 1279 522 ipsi
1295 487 1383 513 omnia
1403 494 1462 521 qua:
1478 486 1542 520 facit
1551 487 1583 512 ³⁷.
1596 487 1720 521 Appellat

931 541 996 562 vero
1022 534 1103 561 etiam
1123 533 1202 560 Pater
1218 532 1317 560 Filium
1337 540 1427 568 regem
1451 539 1501 567 pro
1524 537 1655 567 tempore,
1685 541 1719 561 ne

932 580 1059 608 videatur
1074 579 1264 606 mediocritate
1282 578 1481 606 incarnationis
1505 578 1608 613 aliquid
1625 579 1716 606 detra-

931 626 996 653 here
1010 626 1157 660 majestati.
1182 633 1264 660 quam
1293 633 1341 660 per
1357 630 1481 652 naturam
1498 625 1591 652 habet.
1614 624 1716 654 Mansit

930 671 1003 699 enim
1017 672 1099 698 etiam
1123 677 1183 706 post
1204 672 1424 699 incarnationem
1447 671 1628 699 nihilominus
1655 680 1715 705 rex,

931 723 1052 745 natusex
1071 717 1150 745 Patre
1167 726 1244 754 rege:
1259 722 1286 746 et
1302 718 1363 745 licet
1384 726 1429 744 rex
1451 723 1532 753 atque
1546 717 1630 750 Deus,
1647 718 1717 746 dici-

931 768 976 791 tur
992 764 1024 790 ad
1040 765 1140 798 regiam
1161 764 1320 799 dignitatem
1343 764 1420 791 erehi
1433 784 1441 795 ,
1459 768 1568 799 propter
1590 764 1715 791 incarna-

931 810 1044 836 tionem.
1060 809 1200 842 Similiter,
1217 818 1387 845 qu:ecunque
1403 810 1564 838 naturaliter
1586 810 1662 838 novit
1686 815 1716 837 ut

895 847 916 875 Β
931 855 1016 886 Deus,
1033 856 1126 882 eadem
1145 864 1254 882 rursum
1272 855 1366 883 audire
1380 856 1480 884 dicitur
1491 856 1640 884 secundum
1663 856 1716 883 hu-

930 900 1099 932 manitatem,
1117 908 1185 935 prop
1198 908 1229 928 er
1239 901 1482 936 dispensationem.
1499 901 1628 929 Christus
1643 902 1715 928 enim

930 951 970 973 est
982 954 1028 973 rex
1048 946 1103 978 ille,
1127 947 1171 974 cui
1197 954 1279 982 opera
1305 954 1353 975 sua
1379 947 1458 976 Pater
1483 948 1605 983 exponit.
1630 947 1715 975 Par-ro

929 1001 1010 1028 quem
1030 993 1146 1020 Verbum
1168 993 1246 1027 dixit,
1270 994 1342 1021 hunc
1366 995 1485 1030 linguam
1505 1003 1583 1022 suam
1607 1003 1716 1030 quoque

929 1040 1062 1075 appellat:
1076 1047 1109 1067 co
1124 1040 1196 1075 quod
1220 1040 1288 1067 nihil
1315 1041 1388 1068 aliud
1405 1049 1489 1076 quam
1511 1040 1601 1068 Patris
1618 1041 1715 1069 volun-

929 1090 1012 1112 tatem
1026 1085 1165 1121 loquatur.
1179 1085 1244 1113 Nam
1257 1087 1338 1114 etiam
1354 1087 1380 1114 in
1394 1087 1475 1114 nobis
1491 1087 1595 1122 lingua,
1612 1087 1714 1115 mentis
1747 1091 1755 1099 ‘

929 1139 1008 1159 sensa
1024 1132 1085 1160 aliis
1098 1132 1177 1167 quasi
1192 1132 1370 1160 transfretare
1381 1132 1457 1160 facit.
1474 1133 1578 1161 Dicitur
1593 1141 1713 1168 quoque,

928 1176 1047 1204 colamus
1063 1177 1157 1204 scriba:
1183 1177 1305 1204 velociter
1330 1177 1481 1210 scribentis,
1499 1178 1572 1213 quod
1593 1186 1655 1213 quae
1671 1178 1713 1205 lo-

927 1223 1031 1257 quitur,
1049 1223 1121 1250 illico
1138 1223 1220 1250 etiam
1241 1225 1268 1250 in
1284 1223 1409 1251 effectum
1422 1224 1556 1252 deducat:
1579 1225 1708 1259 quemad-

928 1269 1038 1295 modum
1051 1269 1136 1296 illud:
1155 1269 1295 1301 Mundam,
1307 1275 1331 1297 et
1351 1271 1442 1298 statim
1461 1269 1604 1297 mundatus
1621 1275 1659 1297 est
1679 1269 1712 1297 ³⁸.

928 1313 1095 1348 Adolescens,
1111 1315 1171 1342 dico
1197 1315 1256 1347 tibi,
1279 1314 1374 1350 Surge,
1392 1320 1418 1342 et
1432 1316 1524 1342 statim
1543 1315 1659 1342 surrexit
1679 1315 1714 1342 ".

927 1358 1089 1394 Quanquam
1112 1361 1194 1387 etiam
1222 1360 1249 1387 in
1269 1361 1399 1388 cordibus
1424 1360 1525 1388 nostris
1541 1364 1571 1387 ut
1591 1359 1714 1387 calamus

927 1405 1057 1433 velociter
1072 1406 1204 1433 inseribat
1223 1407 1391 1434 voluntatem
1404 1405 1503 1433 Patris.
1522 1404 1652 1433 Voluntas
1665 1413 1714 1432 au-

927 1455 981 1478 tem
999 1451 1089 1479 Patris
1107 1457 1159 1486 est,
1181 1457 1210 1480 ut
1227 1454 1341 1487 ipsemet
1362 1453 1416 1479 ait:
1436 1452 1466 1480 Ut
1483 1460 1558 1478 omne
1584 1451 1652 1486 quod
1672 1453 1715 1478 de-

927 1497 966 1524 dit
976 1498 1053 1531 mihi,
1070 1498 1137 1525 nihil
1148 1499 1257 1533 perdam
1272 1506 1304 1525 ex
1315 1506 1344 1525 eo
1357 1498 1391 1526 '°.
1408 1497 1493 1525 Velox
1507 1505 1570 1524 vero
1584 1501 1626 1524 est
1642 1496 1714 1524 caia-

929 1553 991 1573 mus
1005 1545 1102 1573 Patris.
1121 1545 1174 1572 Lex
1192 1553 1310 1580 namque
1335 1545 1418 1573 Mosis
1435 1552 1483 1579 per
1498 1543 1597 1571 ductus
1612 1543 1715 1570 littera-

929 1600 989 1619 rum
1001 1592 1163 1626 perobseure
1179 1591 1342 1626 signiﬁcavit
1359 1599 1391 1618 ea
1418 1598 1479 1625 qua:
1504 1589 1540 1617 ad
1565 1584 1713 1617 utilitatem

929 1635 1071 1662 hominum
1088 1639 1152 1663 sunt
1166 1645 1171 1662 :
1189 1635 1314 1663 Salvator
1330 1643 1395 1662 vero
1417 1634 1568 1662 communis
1584 1635 1609 1661 in
1637 1642 1713 1662 com-

928 1682 1028 1716 pendio
1043 1681 1240 1709 demonstravit
1256 1682 1335 1709 nobis
1356 1681 1523 1709 voluntatem
1543 1679 1642 1707 Patris.
1667 1678 1715 1707 Est

929 1726 1000 1754 enim
1013 1726 1105 1761 magni
1123 1727 1231 1754 consilii
1250 1727 1375 1762 angelus.
1404 1725 1439 1752 Et
1462 1726 1587 1757 verbum,
1608 1724 1713 1760 inquit,

929 1774 1107 1800 abbreviatum
1125 1773 1205 1808 faciet
1219 1772 1348 1800 Dominus
1359 1773 1386 1799 in
1402 1772 1524 1799 universo
1544 1771 1605 1797 orbe
1616 1770 1648 1797 ³¹.

87 1860 118 1890 Et
135 1862 160 1888 in
173 1861 293 1896 ejusdem
307 1862 405 1895 psalmi
414 1862 471 1890 Itan:
485 1857 562 1889 verba
577 1869 588 1890 :
605 1871 616 1888 ι
634 1862 715 1895 Audi,
731 1862 800 1897 ﬁlia,
815 1867 840 1889 et
859 1862 925 1892 vide,
947 1871 955 1888 ι
972 1866 1034 1892 εις..
1052 1865 1190 1896 postquam
1207 1860 1304 1887 Basilii
1320 1865 1344 1887 et
1359 1859 1544 1897 Chrysostomi
1560 1859 1714 1887 exulicatio-

355 1905 423 1932 nem,
439 1898 483 1933 qui
501 1902 585 1925 totum
599 1898 667 1925 hunc
686 1896 772 1925 locum
787 1898 818 1925 de
835 1897 954 1924 Ecclesia
970 1897 1131 1932 intelligunt,
1147 1897 1286 1931 praemisit,
1303 1896 1408 1930 subjicit
1421 1904 1432 1923 :

129 1976 172 2011 77)
193 1977 355 2009 Ἀθανάσιος
371 1977 399 2004 δὲ
413 1979 427 2004 ὁ
447 1980 517 2005 πάνυ
540 1978 586 2005 καὶ
605 1980 638 2014 τῇ
662 1979 728 2014 ἁγίᾳ
750 1978 874 2014 Θεοτόκῳ

85 2023 221 2060 ἀνατίθησι
236 2024 268 2051 τό
278 2031 286 2040 ·
305 2025 466 2056 Ἄκουσον,
493 2026 629 2060 θύγατερ,
650 2025 697 2052 καὶ
711 2025 742 2051 τό
753 2033 760 2040 ο
778 2026 873 2058 Αὐτός

84 2068 144 2095 ἐστι
155 2070 264 2104 Κύριός
280 2069 458 2105 σου-’Ὠσπερ
472 2069 563 2104 ὅμοιόν
579 2069 635 2095 ἐστι
652 2069 692 2095 τό.
708 2068 805 2103 Χαῖρε,
822 2077 870 2095 κε-

86 2115 277 2150 χαριτωμένη,
287 2116 304 2141 ὁ
316 2115 423 2149 Κύριος
429 2115 504 2148 μετὰ
519 2115 587 2142 σοῦ.
601 2114 728 2150 Εἰρηκὼς
740 2115 805 2150 γὰρ,
817 2123 869 2149 φη-

85 2205 254 2242 ἀνθρωπίνην
273 2205 400 2241 γέννησιν
416 2205 562 2241 δεδήλωκε,
591 2205 640 2241 τὴν
668 2206 700 2232 ὲκ
724 2204 870 2241 παρθένου.

84 2251 135 2278 Καὶ
147 2253 162 2278 ὁ
179 2252 229 2287 μὲν
246 2251 370 2288 Γαϐριὴλ
398 2251 622 2288 κεχαριτωμένην
648 2251 741 2283 ἁπλῶς
769 2250 870 2284 καλεῖ,
895 2267 898 2271 -

84 2298 153 2330 ξένος
169 2298 206 2324 ὢν
223 2297 312 2333 αὐτῆς
335 2298 407 2324 κατὰ
423 2298 470 2333 τὴν
496 2298 623 2334 γέννησιν
635 2307 642 2314 ·
665 2299 679 2324 ὁ
694 2299 722 2325 δὲ
738 2298 819 2325 Δαυῒό
839 2299 872 2326 ὲκ
897 2297 906 2326 ἰ

84 2342 126 2368 τοῦ
141 2343 300 2379 σπέρματος
314 2342 398 2370 αὐτοῦ
412 2343 600 2378 τυγχάνουσαν
624 2343 761 2379 θυγατέρα
787 2352 873 2380 προσ-

84 2390 171 2423 φωνεῖ.

964 1977 1130 2004 Athanasius
1146 1983 1210 2003 vero
1226 1976 1270 2003 ille
1285 1983 1410 2011 magnus,
1425 1984 1459 2004 aa
1471 1981 1592 2004 sanctam
1605 1984 1714 2012 quoque

927 2022 1070 2057 Deiparam
1081 2022 1174 2054 refert,
1187 2021 1258 2056 quod
1270 2021 1380 2054 dicitur,
1394 2021 1475 2054 Audi,
1488 2022 1545 2056 [ilia
1558 2030 1567 2049 :
1581 2027 1607 2050 et
1619 2022 1712 2051 istud:

926 2068 987 2102 Ipse
1003 2069 1070 2095 enim
1087 2067 1218 2094 Dominus
1235 2073 1306 2095 tuus.
1322 2067 1371 2094 Cui
1385 2067 1474 2095 simile
1489 2072 1529 2095 est
1546 2067 1610 2095 illud
1628 2077 1634 2095 :
1649 2068 1712 2101 Ave,

925 2115 1011 2150 gratia
1019 2114 1108 2149 plena,
1119 2113 1246 2140 Dominus
1256 2118 1341 2140 tecum
1349 2112 1476 2148 “'.,Nam
1488 2119 1631 2149 postquam
1645 2114 1713 2141 dixit

28 2148 33 2157 '
86 2161 135 2192 σιν,
143 2162 156 2188 δ
164 2148 245 2188 me
255 2160 374 2196 Χριστὸν
380 2161 424 2187 τδν
433 2161 519 2195 Λόγον
527 2161 574 2188 τοῦ
585 2148 667 2192 9.0:;
675 2148 756 2193 εὐθὺς
769 2148 813 2187 έαι
822 2148 870 2196 τὴν

929 2148 1171 2193 David,Christum
1187 2167 1248 2187 esse
1262 2158 1381 2186 Verbum
1397 2159 1460 2193 Dei,
1477 2160 1550 2188 illico
1564 2160 1712 2188 humanam

923 2213 1034 2241 quoque
1060 2206 1120 2241 ejus
1135 2213 1167 2233 ex
1190 2205 1296 2240 virgine
1319 2205 1486 2233 nativitatem
1510 2207 1644 2241 exposuit.
1681 2206 1714 2234 Et

924 2252 1035 2280 Gabriel
1049 2252 1158 2287 quidem
1179 2251 1341 2286 simpliciter
1355 2252 1442 2287 gratia
1461 2251 1569 2288 plenam
1585 2253 1712 2288 appellat,

918 2303 957 2326 'eo
978 2298 1050 2334 quod
1075 2298 1181 2326 alienus
1206 2297 1240 2324 ab
1257 2305 1290 2325 ea
1307 2302 1381 2326 esset
1396 2299 1486 2334 quoad
1511 2306 1615 2334 genus:
1630 2299 1712 2326 David

922 2353 990 2372 vero
1007 2345 1090 2373 filiam
1110 2345 1198 2378 dicit,
1227 2344 1300 2379 quod
1321 2351 1382 2372 eam
1403 2353 1438 2373 ex
1459 2345 1564 2374 semine
1577 2353 1629 2374 suo
1652 2352 1714 2374 esse

922 2391 1014 2420 sciret.

654 2469 683 2495 4t
702 2469 728 2496 in
744 2469 940 2505 inscriptionem
953 2471 1051 2506 psalmi
1068 2479 1140 2499 xu‘t.

115 2549 168 2583 (78)
193 2549 373 2584 ‘Aﬂardmoc'
384 2550 434 2578 καὶ
455 2549 617 2584 Κύριλλος.
632 2550 735 2586 Κλῆσιν
751 2550 835 2577 ἐθνῶν
855 2551 880 2576 ὁ·

85 2593 184 2629 ψαλμὸς
202 2596 342 2632 σημαίνει,
357 2595 486 2632 ᾁδόμενος
499 2597 533 2622 ὲκ
550 2596 697 2632 προσώπου
715 2596 769 2622 τῶν
784 2596 870 2630 ἁγίων

85 2639 236 2670 ἀποστόλων
261 2642 466 2679 παραινούντων
480 2644 548 2677 seat;
571 2642 676 2669 ἔθνεσιν
701 2643 868 2679 ἁνασκιρτᾷν

121 2721 142 2736 ’⁷
156 2720 235 2749 Joan.
253 2730 278 2756 v,
291 2722 336 2750 20.
377 2723 400 2739 ’⁸
416 2722 510 2750 Matth.
549 2731 608 2756 vm,
629 2723 654 2750 5.
699 2724 722 2740 "
741 2723 807 2752 Luc.
824 2733 872 2757 vn,

929 2747 930 2751 η
974 2726 996 2742 ³⁰
1012 2725 1091 2754 Joan.
1107 2733 1144 2757 vi,
1160 2726 1204 2753 59.
1241 2725 1261 2740 "
1279 2725 1329 2753 lsa.
1349 2734 1387 2757 ιιι,
1400 2726 1444 2752 23.

119 2798 172 2833 (Π)
188 2799 458 2836 illasedirersarsunt
472 2800 506 2827 ab
526 2801 694 2836 expositione
712 2801 793 2836 hujus
809 2810 869 2829 ver-

86 2840 130 2860 sus
146 2843 151 2860 :
170 2835 214 2862 ubi
233 2834 260 2863 id
275 2836 307 2863 de
324 2835 444 2864 Ecclesia
462 2834 577 2871 explicat
594 2834 760 2866 Athanasius
774 2846 866 2874 supra.

958 2552 1120 2580 Athanasius
1132 2557 1155 2580 et
1169 2553 1296 2588 Cyrillus.
1320 2551 1517 2590 Pmsignificat
1533 2553 1577 2580 hic
1591 2553 1714 2588 psalmus

922 2599 1093 2626 vocationem
1115 2599 1256 2634 gentium,
1282 2606 1343 2627 cum
1365 2606 1397 2627 ex
1413 2607 1530 2634 persona
1556 2603 1712 2626 sanctorum

922 2646 1107 2679 apostolorum
1123 2649 1239 2673 canatur
1252 2666 1259 2679 ,
1285 2645 1330 2680 qui
1349 2650 1441 2681 gentes
1456 2645 1653 2678 cohortantur,
1684 2650 1712 2670 ut

1497 2725 1528 2742 ³ι¹
1543 2722 1610 2750 Luc.
1630 2731 1650 2758 ι,
1665 2723 1710 2750 28.

960 2804 1015 2840 (78)
1030 2804 1095 2832 Vide
1109 2809 1298 2839 argumentum
1314 2802 1410 2839 psalmi
1428 2810 1498 2830 xcvi.
