1919 3051
234 125 286 152 5ϋῖ

663 124 692 152 S.
711 124 991 161 ΑΤΗΑΝΑειιίοΡΡ.
1010 124 1099 153 PARS
1116 123 1161 153 Ill.
1181 139 1217 145 —-
1236 124 1443 154 EXEGETICA.

1815 126 1865 154 568

231 191 277 219 per
289 183 412 210 actiones
428 182 514 210 bonas
529 190 560 210 ac
573 182 717 217 przeclaras
730 183 866 210 exsultent
877 191 908 210 ac
926 183 1023 210 trium-

1076 183 1118 210 διὰ
1140 183 1266 218 πράξεων
1290 183 1401 218 ἀγαθῶν
1426 183 1472 210 ἐπὶ
1488 183 1521 219 τῇ
1538 182 1670 219 γενομένῃ
1698 182 1763 220 νίκῃ
1794 183 1864 210 κατὰ

232 230 317 264 phent
330 228 364 256 de
381 233 459 263 parta
475 228 588 256 victoria
612 229 645 256 de
661 229 830 256 daemonibus
846 229 1022 264 perniciosis—

230 275 322 303 simis.
351 273 502 309 lnseriptus
527 281 609 309 porro
632 279 685 306 est,
702 274 756 301 Pro
773 274 838 309 ﬁliis
858 273 924 302 Core
942 282 950 300 :
968 282 1022 301 non

231 321 306 356 quod
321 321 444 356 ipsorum
460 328 543 349 causa
561 321 711 355 composita
728 321 785 348 lnee
802 320 853 347 oda
865 340 872 351 ,
890 320 938 347 sed
950 319 1022 355 quod

232 376 281 402 per
299 369 372 403 ipsos
388 367 581 403 prtecineretur
593 387 600 400 ,
620 371 713 402 utpote
746 367 779 394 ad
797 367 891 394 laudes
907 365 963 393 Deo
979 365 1022 392 of-

234 414 360 441 ferendas
375 414 550 441 constitutos.
577 412 710 440 Dicuntur
723 418 814 440 autem
833 413 883 440 ista
893 433 901 444 ,
921 417 951 439 ut
963 413 1020 446 jam

233 459 424 493 praemissum,
448 459 476 485 in
499 466 616 493 persona
643 462 798 485 sanctorum
825 458 1021 492 apostolorum,

234 511 326 540 utpote
347 505 394 541 qui
416 505 488 540 jussi
502 509 580 532 erant
594 505 692 532 docere
707 511 803 531 omnes
819 509 922 539 gentes.
953 503 1021 537 Quia

233 559 297 579 vero
317 552 384 579 ﬁdes
411 551 592 586 plurimorum
616 556 644 578 et
679 550 860 577 maximorum
888 550 1022 577 bonorum

234 598 404 625 conciliatrix
422 598 548 632 gentibus
564 597 651 625 fuerat
667 607 673 624 :
691 605 739 632 per
759 598 829 625 hanc
844 597 917 624 cnim
934 597 1022 624 vocati

232 646 310 669 erant
326 642 353 668 itt
368 641 540 677 adoptionem
560 642 624 674 Dei,
645 650 676 669 ae
689 643 924 677 participationem
940 642 1024 677 Spiri-

232 693 277 715 tus
295 687 402 720 sancti,
427 689 526 716 divina:
551 696 661 723 quoque
678 693 782 716 natura:
799 690 1020 716 communionem

232 734 339 766 sortiti,
359 741 391 762 ac
407 735 528 769 opulenti
546 734 641 761 redditi
660 735 754 768 gratiis
769 734 924 762 coelestibus
936 755 943 766 .
959 742 1023 768 par-

232 781 328 815 tit-ipes
342 781 460 815 denique
475 781 538 808 facti
555 786 634 809 erant
650 781 707 816 spei
724 785 880 808 sanctorum
892 801 899 813 ,
921 781 1023 808 idcirco

232 827 318 861 igitur
331 833 359 855 et
374 827 485 862 quidem
500 835 553 855 non
571 828 674 862 absque
685 828 789 855 ratione
800 848 808 860 ,
824 827 954 862 jubentur
971 835 1021 862 pn-

232 874 316 902 blieas
331 873 493 902 festivitates
508 882 643 909 peragere.

1073 228 1128 255 τῶν
1155 229 1302 265 ἀλιτηρίων
1323 229 1469 264 δαιμόνων.
1498 229 1714 265 Ἐπιγέγραπται
1730 228 1760 255 δὲ
1781 228 1863 263 Ὑπὲρ

1074 275 1133 302 τῶν
1151 275 1224 302 υἱῶν
1241 275 1327 309 Κορέ·
1342 276 1391 310 οὐχ
1405 275 1442 307 ὡς
1456 275 1526 311 ὑπὲρ
1537 275 1647 302 ἐκείνων
1662 275 1773 307 πάντως
1787 283 1863 310 γεγε-

1073 321 1194 357 νημένης
1208 321 1256 357 τῆς
1270 321 1351 357 ᾠδῆς,
1368 321 1426 348 ἀλλ’
1439 321 1477 353 ὡς
1495 321 1528 348 δι’
1551 321 1639 348 αὐτῶν
1654 321 1807 356 ὑπηρετεῖν
1824 330 1862 347 τε-

1073 368 1218 402 ταγμένων
1232 369 1266 403 τῇ
1279 368 1403 403 ἀναφορᾷ
1417 368 1465 403 τῆς
1476 367 1559 403 ᾠδῆς.
1581 367 1659 394 Ἔστι
1672 367 1712 397 δὲ.
1725 367 1764 399 ὡς
1788 369 1862 404 εἴρη-

1072 423 1133 445 ται,
1147 413 1202 440 τῶν
1218 414 1303 448 ἁγίων
1317 414 1475 440 ἀποστόλων
1497 413 1526 440 τὸ
1551 413 1706 449 πρόσωπον,
1725 413 1764 445 ὡς
1785 422 1862 440 κεκε-

1073 458 1229 493 λευσμένων
1246 458 1335 486 πάντα
1363 457 1533 494 μαθητεῦσαι
1553 457 1587 484 τὰ
1605 457 1678 493 ἔθνη.
1700 458 1814 493 Ἐπειδὴ
1837 458 1862 484 δὲ

1073 504 1208 532 πλείστων
1225 505 1294 531 ὅσων
1311 505 1402 536 αὐτοῖς
1413 505 1460 531 καὶ
1473 504 1598 540 μεγάλων
1615 503 1725 538 ἀγαθῷν
1739 504 1862 539 προμνὴ-

1074 559 1154 586 στρια
1170 551 1283 585 γέγονεν
1298 551 1432 586 ὴ,πίστις·
1442 550 1589 586 κέκληνται
1603 550 1658 586 γὰρ
1674 550 1707 577 δι’
1721 550 1810 585 αὐτῆς
1826 551 1861 580 εἰς

1074 596 1210 623 υἱοθεσίαν
1237 597 1322 630 Θεοῦ,
1346 598 1385 629 είς
1407 597 1514 632 μέθεείν
1533 605 1563 623 τε
1589 597 1667 631 ἁγίου
1691 596 1862 631 Πνεύματος,

1073 643 1148 675 Θείας
1163 652 1192 670 τε
1206 643 1313 678 φύσεως
1326 644 1453 678 γεγόνασι
1471 644 1604 675 κοινωνοὶ,
1624 643 1659 670 τά
1674 652 1704 670 τε
1731 643 1762 675 ἐξ
1787 643 1860 678 οὐρα-

1073 689 1119 716 νοῦ
1138 689 1296 725 χαρίσματα
1321 689 1536 724 πεπλουτήκασι,
1553 689 1600 716 καὶ
1626 689 1676 723 τῆς
1701 689 1755 715 τῶν
1779 689 1862 722 ἁγίων

1073 735 1180 766 ἐλπίδος
1197 735 1363 771 συμμέτοχοι
1378 735 1580 771 καθεστήκασι’
1596 735 1682 770 ταύτῃ
1696 743 1737 760 τοι
1749 735 1797 762 καὶ
1815 734 1865 769 μᾶς

1073 782 1106 809 λα
1120 782 1232 814 εἰκότως
1244 781 1439 818 πανηγυρίζειν
1454 783 1545 813 αὐτοῖς
1557 781 1758 809 ἐπιτάττουσιν.

510 952 541 978 Et
557 953 581 978 in
597 953 712 987 rjztstlem
729 953 825 986 psalmi
838 953 914 980 verba
929 952 1000 979 ista:
1016 961 1025 977 t
1044 950 1160 987 Subjecit
1174 951 1282 986 populo:
1295 951 1369 979 nobis
1381 973 1388 985 ,
1404 960 1414 977 ν
1437 956 1499 984 ett.,
1517 959 1541 978 ιν.
1559 950 1579 977 ι

269 1031 351 1058 Divus
368 1038 432 1058 vero
448 1031 614 1058 Athanasius
624 1051 631 1061 ,
647 1038 694 1065 per
707 1030 821 1065 populos
836 1034 862 1057 et
876 1034 969 1066 gentes
981 1030 1022 1056 in-

235 1078 331 1112 telligit
349 1077 489 1109 Satanam,
503 1082 530 1104 et
543 1085 602 1112 qum
615 1085 676 1104 eum
698 1085 731 1104 eo
749 1082 812 1104 sunt
826 1077 959 1112 malignas
975 1083 1022 1111 po-

234 1127 355 1150 testates.
372 1121 409 1149 De
423 1123 522 1157 quibus
536 1122 604 1150 dixit
618 1121 743 1150 Salvator
756 1132 763 1149 :
778 1122 843 1149 Ecce
866 1123 927 1149 dedi
949 1123 1022 1149 vobis

231 1172 388 1202 potestatem
405 1167 541 1194 incedendi
557 1176 634 1201 super
653 1168 815 1202 serpentibus
828 1172 853 1194 et
877 1168 1023 1201 scorpioni-

235 1212 282 1239 bus
293 1213 348 1239 ³³⁵⁸.
367 1212 524 1239 ῡιιεηιοιιυηι
541 1221 658 1248 namque
669 1219 764 1248 gentes
776 1213 890 1248 subjecit
906 1213 1022 1247 pedibus

233 1259 430 1293 apostolorum.

1110 1029 1166 1064 (79)
1186 1030 1215 1055 '0
1228 1029 1256 1056 δὲ
1273 1029 1344 1061 θεῖος
1361 1028 1520 1060 Ἀθανάσιος
1533 1028 1613 1060 λαοὺς
1627 1029 1674 1055 καὶ
1690 1028 1755 1064 ἔθνη
1769 1028 1817 1055 τόν
1836 1037 1866 1055 τε

1075 1075 1195 1101 Σατανᾶν
1210 1075 1257 1102 καὶ
1275 1075 1324 1107 τὰς
1349 1075 1397 1102 σὺν
1413 1075 1488 1110 αὐτῷ
1510 1074 1631 1111 πονηρὰς
1645 1075 1776 1110 δυνάμεις
1796 1072 1862 1102 εἶ’ναὶ

1074 1130 1141 1157 φησι
1152 1130 1157 1136 '
1175 1122 1238 1157 περὶ
1251 1119 1289 1148 ὧν
1302 1122 1395 1156 ἔλεγεν
1406 1123 1421 1148 ὁ
1433 1122 1530 1157 Σωτήρ
1542 1130 1548 1136 ·
1575 1122 1647 1149 Ἰδοὺ
1666 1121 1785 1148 δέδωκα
1794 1121 1861 1156 ὑμῖν

1075 1168 1181 1194 πατεῖν
1193 1168 1293 1194 ἐπάνω
1306 1168 1405 1202 ὄφεων
1419 1168 1467 1194 καὶ
1492 1169 1656 1202 σκορπίων.
1672 1167 1714 1195 Τὰ
1729 1168 1787 1203 γὰρ
1802 1167 1862 1195 ἔθνη

1074 1213 1128 1240 τῶν
1141 1214 1276 1242 δαιμόνων
1286 1214 1404 1247 ὑπέταξε
1419 1215 1475 1245 “rei;
1492 1214 1546 1241 τῶν
1560 1214 1716 1241 ἀποστόλων
1738 1213 1829 1240 ποσίν.

839 1303 902 1330 ltem
919 1304 945 1330 in
960 1304 1084 1338 prowmio
1097 1304 1164 1338 psal.
1181 1311 1264 1331 XLVII.

271 1384 443 1410 Athanasius.
462 1382 575 1409 Canitur
587 1382 668 1416 igitur
683 1387 710 1409 et
725 1382 768 1408 hic
782 1381 902 1416 psalmus
916 1389 948 1408 ex
965 1389 1023 1416 per-
1036 1383 1060 1414 (ζ

234 1437 301 1457 “illa
327 1433 485 1456 sanctorum
510 1428 716 1463 apostolorum,
744 1428 929 1455 enarrantium
952 1436 1021 1463 quas

235 1475 309 1509 passi
324 1479 388 1502 sunt
401 1475 607 1509 persecutiones
620 1478 730 1509 propter
744 1473 977 1508 praedicationem,
996 1478 1022 1501 et

233 1521 364 1548 victorias
387 1529 456 1556 quas
474 1521 501 1548 in
528 1520 764 1555 persecutionibus
787 1520 947 1547 retulerunt.
979 1519 1023 1547 ln—

234 1568 365 1595 scribitur
380 1572 469 1594 autem
496 1566 633 1594 Canticum
649 1566 763 1600 psalmi,
786 1573 818 1594 eo
837 1567 909 1601 quod
932 1566 1022 1594 ethica

234 1614 405 1650 philosophia
424 1622 486 1641 cum
506 1613 653 1640 theoretica
668 1613 695 1639 in
707 1620 739 1640 eo
751 1613 896 1648 conjuncta
910 1614 955 1642 sit.

1111 1381 1167 1417 (80)
1183 1383 1211 1410 'A
1216 1383 1370 1416 θανάσιος.
1380 1382 1490 1418 ᾊδεται
1500 1382 1591 1418 μέντοι
1600 1382 1645 1409 καὶ
1651 1380 1728 1414 οὗτος
1737 1383 1752 1408 ὁ
1760 1380 1862 1417 ψαλμδς

1074 1428 1106 1455 ὲκ
1133 1429 1279 1466 προσώπου
1303 1429 1358 1456 τῶν
1380 1429 1465 1463 ἁγίων
1486 1428 1652 1460 ἀποστόλων,
1677 1428 1864 1464 διηγουμένων

1075 1475 1138 1506 τοὺς
1155 1474 1200 1501 διὰ
1213 1475 1243 1501 τὸ
1260 1476 1390 1511 κήρυγμα
1409 1474 1555 1509 διωγμοὺς,
1574 1474 1620 1501 καὶ
1639 1473 1688 1506 τὰς
1709 1474 1788 1506 νίκας
1815 1473 1863 1505 τὰς

1075 1521 1121 1547 ἐπὶ
1135 1520 1240 1552 τούτοις
1253 1521 1411 1556 γενομένας.
1433 1519 1502 1555 ’ῼδίι
1528 1520 1556 1546 δὲ
1574 1519 1696 1554 ψαλμοῦ
1713 1520 1869 1556 ἐπιγέγραα

1076 1575 1152 1599 πται,
1173 1566 1210 1598 ὡς
1224 1567 1273 1602 τῆς
1288 1566 1387 1602 ἠθικῆς
1403 1565 1562 1601 φιλοσοφίας
1583 1566 1651 1602 πρὸς
1668 1565 1717 1601 τὴν
1731 1566 1861 1602 θεωρητι-

1078 1612 1129 1646 κὴν
1145 1611 1359 1647 συνδραμούσης.

483 1692 515 1718 Et
531 1693 557 1719 in
574 1693 650 1720 rei-ba
666 1692 722 1726 ejus
735 1701 745 1719 :
762 1702 771 1718 ι
787 1692 918 1725 Quoniam
933 1700 990 1719 ecce
1004 1701 1075 1728 rcges
1092 1696 1168 1720 terra:
1183 1691 1333 1728 congregati
1348 1695 1421 1723 sunt,
1435 1701 1445 1717 ι
1463 1696 1511 1719 etc.
1523 1712 1530 1726 ,
1545 1700 1570 1718 υ.
1588 1690 1616 1718 5.

271 1773 305 1801 At
320 1773 468 1800 secundum
484 1780 613 1808 magnum
637 1773 815 1800 Athanasium
829 1793 837 1805 ,
853 1772 1024 1807 signiﬁcatur

235 1819 278 1846 hic
296 1819 407 1850 bellum,
423 1819 494 1853 quod
510 1820 544 1846 ob
563 1819 782 1854 praedicationem
801 1823 895 1846 contra
912 1823 1021 1852 aposto-

233 1865 275 1893 los
291 1869 398 1900 gestum
416 1869 458 1892 est
470 1884 477 1896 ,
493 1869 549 1891 tant
567 1873 582 1892 a
598 1864 751 1891 visibilibns
768 1865 887 1899 gentium
901 1864 1021 1898 regibus,

234 1918 317 1946 quam
332 1910 366 1937 ab
383 1910 566 1938 inrisibilibus
589 1911 775 1942 daemonibus,
793 1911 839 1945 qui
852 1910 916 1937 olitn
931 1910 1020 1936 domi-

233 1957 380 1984 nabantur.
394 1956 444 1990 Qui
457 1961 484 1984 et
495 1957 651 1984 conturbati
664 1962 726 1984 sunt
737 1965 769 1984 ac
779 1962 868 1983 mente
880 1957 1019 1989 commoti,

234 2002 281 2030 ubi
295 2002 421 2030 viderunt
438 2002 523 2030 Deum
546 2003 648 2030 sanctis
671 2003 729 2030 suis
746 2003 881 2029 auxiliari.
913 2002 1021 2037 Insigne

233 2048 307 2076 enim
325 2048 408 2075 robur
423 2049 558 2076 servantis
572 2056 635 2081 eos,
655 2048 862 2076 admirationem
885 2053 911 2075 et
928 2053 1021 2083 stupo-

233 2101 291 2120 rem
307 2093 406 2120 attulit.
437 2093 538 2120 Deinde
555 2093 635 2120 etiam
651 2093 803 2121 conturbati
821 2097 904 2124 sunt,
930 2098 959 2119 ut
975 2093 1020 2127 qui

1112 1772 1167 1807 (81)
1182 1772 1261 1798 Κατὰ
1274 1772 1301 1798 δὲ
1317 1772 1362 1798 τὸν
1378 1772 1464 1807 μέγαν
1488 1771 1655 1803 Ἀθανάσιον,
1682 1773 1696 1798 ὁ
1714 1772 1786 1799 κατᾶ
1809 1773 1861 1799 τῶν

1074 1819 1232 1845 ἀποστόλων
1245 1819 1288 1845 διὰ
1303 1819 1333 1845 τὸ
1346 1819 1478 1854 κήρυγμα
1488 1818 1631 1853 γενόμενος
1646 1818 1764 1854 πόλεμος
1773 1819 1825 1845 ὑπο
1832 1827 1857 1844 τε

1074 1862 1129 1888 τῶν
1143 1863 1279 1898 αἰσθητῶν
1291 1863 1422 1898 βασιλέων
1432 1863 1485 1889 τῶν
1496 1862 1590 1894 ἐθνῶν,
1607 1863 1654 1889 καὶ
1673 1863 1726 1898 μὴν
1742 1864 1790 1890 καὶ
1808 1865 1859 1890 τῶν

1075 1908 1198 1944 ἀοράτων
1211 1909 1345 1943 δαιμόνων
1358 1908 1411 1935 τῶν
1429 1908 1511 1935 πάλαι
1522 1908 1728 1943 βασιλευόντων,
1745 1910 1858 1936 ἐνταῦθα

1075 1953 1246 1988 σημαίνεται.
1260 1953 1291 1980 Οἳ
1303 1954 1350 1980 καὶ
1365 1953 1575 1988 κατεπλάγησαν
1587 1953 1634 1979 καὶ
1646 1953 1804 1988 ἐξέστησαν,
1813 1955 1858 1989 τὴν

1075 1999 1225 2035 γενομένην
1241 2000 1365 2035 βοήθειαν
1379 2001 1454 2035 παρὰ
1469 1999 1516 2026 τοῦ
1531 1998 1597 2025 Θεοῦ
1613 2000 1669 2030 τοῖς
1685 1999 1775 2033 ἁγίοις
1796 1999 1858 2026 θεω-

1075 2046 1193 2081 ροῦντες.
1218 2047 1250 2073 Ἦ
1264 2047 1318 2082 γὰρ
1332 2045 1468 2082 ὑπερϐολὴ
1480 2046 1529 2080 τῆς
1550 2045 1640 2080 ἰσχύος
1659 2045 1706 2073 τοῦ
1728 2046 1857 2078 σώζοντος

1071 2093 1102 2119 τὸ
1119 2092 1211 2127 θαῦμα
1227 2093 1317 2124 αὐτοῖς
1328 2093 1374 2118 καὶ
1383 2092 1433 2126 τὴν
1442 2092 1611 2126 κατάπληξιν
1626 2091 1780 2127 εἴργασται.
1795 2091 1857 2119 Εἶτα

235 2139 335 2166 bellum
350 2138 405 2166 Deo
419 2138 591 2171 intulissent,
615 2146 649 2166 ac
665 2139 692 2166 in
707 2139 822 2166 summis
845 2138 921 2166 fuere
944 2139 1021 2166 dolo-

1076 2138 1271 2174 ἐταράχθησαν,
1283 2139 1320 2170 ώς
1336 2138 1368 2165 ἂν
1379 2137 1447 2164 Θεοῦ
1461 2139 1646 2169 καταστάντες
1665 2137 1801 2173 πολέμιοι,
1814 2139 1857 2166 καὶ

233 2184 321 2212 ribus.
338 2184 415 2218 Quod
434 2192 498 2211 vero
515 2184 642 2219 deinceps
655 2184 814 2219 subjicitur,
831 2184 901 2212 seius
912 2204 919 2216 .
936 2193 1019 2213 nares

233 2229 346 2258 Tharsis
359 2230 412 2257 dici
426 2238 487 2264 quae
500 2230 622 2265 ingentes
635 2230 745 2258 divitias
763 2230 902 2257 Salomoni
922 2230 1018 2258 aﬂere—

232 2275 314 2307 bant,
333 2275 562 2310 quemadmodum
576 2276 604 2302 in
619 2275 731 2303 historia
748 2275 902 2311 Regnorum
919 2283 1019 2310 cogno-

231 2319 335 2347 vimus.
361 2320 451 2353 Quare
463 2321 545 2348 etiam
567 2320 610 2348 hic
625 2328 672 2355 per
688 2321 820 2348 contritas
835 2329 917 2348 naves
932 2320 1018 2348 Thar-

231 2366 271 2394 sis
282 2386 289 2398 ,
306 2355 468 2402 signiﬁcavit
481 2367 733 2395 exterminationem
748 2375 829 2402 opum
843 2372 870 2394 ct
893 2369 1017 2402 polentae

232 2420 326 2447 regum
342 2413 543 2447 praedictorum.
567 2413 695 2448 Spiritum
713 2420 777 2440 vero
800 2413 946 2441 violentum
969 2422 1016 2442 su-

233 2465 289 2486 lnes
305 2466 354 2493 pro
366 2459 493 2493 potentiis
507 2458 744 2492 intellectualibus,
759 2467 806 2494 per
821 2467 890 2494 quas
907 2464 1017 2494 aposto-

233 2504 319 2533 lorum
338 2505 430 2532 hostes
442 2505 593 2532 debellavit.

1072 2181 1142 2218 ἦσαν
1155 2183 1194 2214 ὡς
1209 2184 1238 2210 ὲν
1253 2183 1340 2210 ὠδῖσι.
1363 2183 1400 2209 Τό
1421 2191 1453 2217 γε
1475 2184 1528 2219 μὴν
1550 2183 1613 2219 ἑξῆς
1630 2184 1776 2219 εἰρημένον
1799 2185 1857 2210 ἐπι-

1073 2230 1174 2265 στήσας
1188 2230 1304 2265 νοήσεις,
1321 2229 1358 2261 ὡς
1371 2229 1434 2265 νῆες
1455 2229 1572 2265 Θαρσεῖς
1584 2229 1718 2264 ἐλέγοντο,
1744 2230 1857 2258 πλοῦτον

1072 2275 1202 2311 φέρουσαι
1218 2278 1303 2311 μέγαν
1322 2276 1360 2311 τῷ
1380 2275 1541 2311 Σολομῶντι,
1563 2276 1690 2312 καθάπερ
1709 2277 1739 2303 ἐν
1755 2279 1789 2312 τῇ
1806 2278 1856 2304 τῶν

1072 2322 1221 2348 Βασιλειῶν
1236 2321 1395 2357 ἐγνώκαμεν
1413 2321 1528 2358 ἱστορίᾳ.
1545 2322 1589 2348 Διὸ
1604 2322 1650 2349 καὶ
1675 2322 1723 2348 νῦν
1745 2323 1791 2350 διὰ
1805 2323 1856 2350 τῶν

1073 2366 1290 2402 συντριϐομένων
1313 2367 1412 2393 πλοίων
1434 2367 1550 2403 Θαρσεῖς
1575 2367 1623 2402 τὴν
1648 2368 1786 2395 ἀπώλειαν
1811 2368 1855 2395 τοῦ

1071 2412 1188 2439 πλούτου
1207 2413 1253 2439 καὶ
1266 2413 1316 2448 τῆς
1331 2413 1490 2444 δυναστείας
1508 2412 1563 2439 τῶν
1575 2412 1780 2448 προλεχθέντων
1795 2414 1854 2450 ἐδή-

1068 2459 1138 2485 λωσε
1158 2458 1301 2494 βασιλέων.
1327 2459 1439 2495 Πνεῦμα
1460 2460 1488 2486 δὲ
1503 2460 1590 2495 βίαιον
1606 2459 1704 2494 νοητὰς
1728 2460 1854 2495 δυνάμεις

1069 2505 1145 2537 τινὰς
1163 2506 1281 2540 νοήσεις,
1304 2505 1336 2532 δι’
1350 2502 1387 2533 ὧν
1403 2507 1465 2538 τοὺς
1490 2506 1604 2542 ἐχθροὺς
1627 2505 1682 2533 τῶν
1702 2505 1854 2533 ἀποστόλων

1071 2550 1305 2586 κατεπολέμησεν.

642 2615 724 2650 {Item
738 2617 765 2643 in
781 2617 828 2644 illa
843 2617 919 2655 rerba
933 2625 942 2644 ε
961 2626 969 2642 t
986 2616 1097 2652 Propter
1111 2617 1217 2652 judicia
1231 2622 1288 2650 tua,
1301 2617 1421 2646 Domine.
1441 2628 1451 2644 ι

264 2685 416 2714 Athanasii.
436 2685 516 2718 Quia,
533 2686 631 2722 inquit,
646 2687 800 2722 dijudicans
813 2689 933 2724 gnntium
947 2698 1013 2718 eau—

264 2743 286 2760 ²¹¹
301 2744 366 2771 Luc.
377 2754 391 2772 Χ
402 2745 464 2774 .19.

263 2791 318 2830 (ἶς’)
333 2793 398 2830 Υίιιρ
409 2794 435 2820 in
447 2798 607 2829 argumento
618 2794 699 2829 hujus
713 2795 820 2830 psalmi.

264 2825 319 2857 (80)
337 2827 400 2856 Vide
414 2825 523 2858 ibide'tn.

1104 2688 1159 2723 (8%
1178 2689 1366 2717 Ἀθιινασιόυ.
1378 2690 1438 2718 ’Ότι
1450 2691 1542 2727 κρίνας
1555 2691 1603 2727 τὴν
1609 2691 1688 2728 δίκην
1694 2691 1750 2720 τῶν
1761 2691 1852 2725 ἐθνῶν,

1113 2794 1157 2823 81)
1174 2793 1211 2820 lbi
1229 2794 1337 2823 videsis.

1113 2795 1157 2823 81)
1174 2795 1211 2820 lbi
1229 2795 1321 2822 videsis

1101 2795 1155 2864 {82)
1175 2828 1240 2858 Vide
1255 2830 1321 2859 ibid.
