1919 3051
261 154 311 182 5"l

686 153 714 180 S.
737 153 921 182 ATllANASll
939 155 1014 183 OPP.
1036 155 1127 182 PARS
1142 155 1186 183 Ill.
1201 170 1236 175 --
1256 154 1461 183 EXEGETICA.

1837 154 1887 183 573

258 214 417 241 ann-nierum
438 215 502 240 mihi
516 215 643 248 quoniam
663 219 702 245 tu,
719 223 735 241 ο
751 215 831 247 Deus,
847 216 972 243 exaltain
994 224 1048 249 me,

1101 216 1146 242 καὶ
1161 216 1271 250 ὖῴωοας
1288 217 1316 243 ὲν
1332 218 1363 251 τῇ
1378 216 1453 252 παρὰ
1471 217 1511 242 σοὶ
1526 216 1623 250 πέτρᾳ,
1635 215 1695 249 ἣτις
1711 215 1787 240 ἐστὶν
1811 215 1826 240 ὁ
1847 215 1886 246 σὸς

256 265 285 288 ct
295 260 415 287 extulisti
433 268 476 286 me
497 261 523 286 in
536 265 623 294 petra,
644 268 704 294 qum
722 262 792 295 apud
812 266 838 288 te
852 267 904 294 est,
921 262 947 289 in
966 263 1047 289 verbo

258 307 365 335 scilicet
379 311 424 333 tuo
439 316 446 332 :
461 306 586 334 Christus
601 308 674 333 enim
691 312 749 334 erat
763 313 838 342 petra
851 309 907 336 illa.
920 309 987 342 Quia
1001 309 1048 343 igi-

257 357 304 380 tur
315 353 399 379 verbo
417 357 463 379 luo
479 359 521 378 me
534 352 673 383 exaltasli.
691 358 771 388 atque
786 353 822 380 ita
833 354 975 381 sublimem
987 354 1048 381 feci-

259 400 305 432 sti,
325 403 420 426 utnon
438 399 555 433 amplius
569 399 596 426 in
612 399 701 426 medio
713 405 802 432 terrm,
818 400 864 426 sed
877 401 902 426 in
919 400 1048 427 extremis

259 446 319 480 ejus
333 446 449 472 habilem
470 455 476 472 ε
496 446 607 480 insuper
623 446 706 472 etiam
719 447 782 480 quia
802 447 938 474 deduxisti
951 454 1004 477 me,
1020 451 1049 473 ut

255 492 313 527 jam
340 492 508 526 propinquus
522 492 569 518 libi
590 491 678 519 factus
699 493 761 524 sim,
780 497 807 519 et
823 493 885 527 quia
901 501 963 527 spes
979 501 1049 527 quo-

257 545 310 572 que
325 544 384 564 mea
402 536 489 564 factus
504 546 534 563 es
547 558 554 569 ,
573 546 626 572 qua
651 539 792 565 conlidens
815 546 868 565 non
887 538 1049 571 confundar,

257 582 321 617 quia
347 581 465 616 deniqrne
484 589 547 609 cum
567 583 658 609 hostes
685 583 762 609 mulli
778 591 820 611 me
845 584 1003 619 impeteran
1019 591 1051 610 ac

257 635 412 666 quaarerent
428 631 664 667 annnam-meam
675 649 682 661 ,
704 634 731 656 tu
753 630 828 656 solus
841 635 935 656 contra
956 638 1052 657 omnes

258 677 424 708 sulticiebas,
441 676 528 702 factus
538 675 603 701 mihi
619 675 704 702 turris
716 674 901 707 fortitudinis;
920 676 988 705 luent,
1004 676 1046 701 in-

256 731 351 758 quam,
371 723 463 749 omnia
479 729 539 748 cum
560 728 575 748 a
591 725 616 747 te
629 726 791 748 consecutus
807 722 869 752 sim,
885 722 981 748 merito
999 721 1047 747 tibi

257 770 375 804 hymnos
385 767 479 800 olIero,
490 772 521 794 ut
533 766 580 800 qui
594 766 660 792 mihi
673 767 795 793 omnium
808 767 940 794 bonorum
953 772 1047 793 auctor

258 815 353 844 fueris.

1100 264 1196 297 λόγος·
1216 265 1232 300 ἠ
1251 265 1339 300 πέτρα
1353 265 1406 301 γὰρ
1421 263 1454 300 ἦν
1469 266 1483 291 ὁ
1497 265 1620 300 Χριστός.
1646 264 1719 289 Ἐπεὶ
1740 263 1832 289 τοίνυν
1853 263 1885 297 τῷ

1100 309 1171 344 λόγῳ
1189 318 1234 335 σου
1255 309 1365 345 ὕψωσάς
1388 319 1432 345 με,
1459 311 1505 336 καὶ
1532 309 1666 345 μετέωρον
1687 309 1837 343 ἐποίησας,
1854 309 1886 340 ὡς

1102 355 1200 390 μηκέτι
1218 357 1354 382 κατοικεῖν
1367 356 1400 382 τὰ
1420 355 1489 390 μέσα
1506 354 1556 390 τῆς
1581 355 1643 388 γῆς,
1668 354 1723 380 ἀλλ’
1741 355 1770 380 ἐν
1796 354 1885 388 ἄκροις

1102 403 1187 437 αὐτῆς
1200 401 1345 436 γενέσθαι·
1371 402 1420 438 ἤδη
1440 402 1468 428 δὲ
1497 403 1545 428 καὶ
1572 400 1714 436 ὡδήγησὰς
1740 409 1795 435 με,
1820 400 1884 426 ὥστε

1103 448 1216 483 πλησίον
1241 457 1286 474 σου
1303 448 1413 482 φθάσαι,
1430 447 1544 481 γέγονὰς
1566 455 1594 473 τε
1619 446 1695 477 ἐλπίς
1720 455 1784 480 μου,
1807 446 1831 472 δι
1857 447 1885 480 ἦν

1102 494 1195 521 ἐλπίδα
1207 494 1237 519 οὐ
1253 493 1522 528 καταισχυνθήσομαι
1533 501 1539 507 ·
1555 491 1622 518 ἀλλὰ
1640 492 1685 518 καὶ
1701 491 1808 522 πολλῶν
1832 492 1885 516 ἐπι-

1103 540 1237 575 κειμένων
1252 539 1354 573 νοητῶν
1367 539 1480 574 ἐχθρῶν,
1498 538 1551 564 τῶν
1569 537 1721 572 ζητούντων
1736 538 1787 572 τὴν
1800 537 1883 572 {su-liv

1104 594 1166 620 μου,
1183 586 1243 612 ἀντὶ⁴
1257 585 1364 611 πάντων
1378 585 1497 619 ἣρκεσας
1513 585 1543 610 σὺ
1566 584 1654 619 μόνος,
1672 583 1778 619 πύργος
1799 584 1882 618 ἰσχύος

1105 640 1149 666 μοι
1161 632 1304 666 γενόμενος
1315 640 1321 646 ·
1336 631 1449 662 εἰκότως
1465 630 1566 656 τούτων
1579 630 1706 656 ἁπάντων
1728 630 1829 664 τυχὼν,
1855 630 1883 656 cii

1099 681 1107 711 (
1120 678 1187 711 forte
1204 678 1261 710 σοὶ)
1276 678 1338 708 τοὺς
1353 676 1454 711 ὕμνους
1469 675 1632 711 ἀναπέμπω,
1647 675 1685 708 ὼς
1697 676 1831 703 ἁπάντων
1845 683 1885 712 μοι

1098 724 1151 750 τῶν
1167 723 1276 758 ἀγαθῶν
1285 722 1424 758 νενομένῳ
1441 722 1533 758 αἰτίῳ.

683 860 718 886 Et
734 861 759 888 in
772 868 872 887 versum
890 865 1053 894 sequentem:
1072 869 1080 884 ι
1101 858 1241 886 DeduJisti
1255 867 1303 892 me,
1319 869 1328 884 ι
1349 864 1411 893 etc.,
1425 867 1448 886 υ.
1464 860 1482 885 ι

299 945 440 972 Athanasii
451 949 475 971 et
489 943 594 979 Cyrillt'.
614 942 683 976 Quia
700 951 763 969 vero
788 943 838 969 via:
864 941 964 968 ducum
988 949 1050 976 pro—
1066 944 1086 972 Β

257 992 347 1026 prium
362 995 404 1017 est
415 990 613 1021 demonstrare,
633 997 756 1024 quaenam
772 989 815 1014 via
839 992 897 1014 tuta
923 988 968 1018 sit.
987 996 1047 1022 qua:

258 1045 323 1064 vero
340 1036 491 1072 periculosa
507 1040 535 1062 et
556 1035 708 1070 perniciosa
723 1044 729 1061 :
748 1035 830 1061 etiam
848 1035 899 1060 hoc
920 1033 1047 1060 Christus

259 1083 357 1109 fecisse
374 1081 551 1116 comperitnr,
577 1080 641 1107 dum
663 1081 719 1106 ait:
739 1079 794 1112 Ego
808 1087 866 1105 sum
889 1078 931 1105 via
956 1083 980 1104 et
1002 1086 1045 1104 os-

260 1129 325 1154 tium
348 1127 381 1154 ".
401 1127 468 1154 Illud
482 1134 558 1158 vero,
573 1126 656 1153 turris
675 1125 851 1156 fortitudinis,
867 1124 936 1150 idem
959 1128 1000 1150 est
1016 1131 1047 1151 ac

259 1174 281 1200 si
296 1173 430 1200 dixisset:
452 1172 546 1199 Murus
572 1180 604 1199 ac
626 1177 747 1198 tutamen
762 1171 828 1197 mihi
846 1170 934 1197 lactus
960 1178 1000 1200 es,
1017 1174 1047 1196 ut

259 1219 325 1246 nihil
345 1219 410 1245 mihi
430 1218 536 1245 accidat
550 1218 624 1250 mali,
643 1225 705 1244 cum
724 1217 750 1243 hi
767 1216 918 1242 molestiam
937 1215 1046 1250 pariunt

259 1264 371 1291 inimici.
386 1263 511 1291 Christus
526 1271 644 1298 namque
668 1263 751 1289 turris
768 1266 809 1289 est
835 1261 940 1289 stabilis
965 1267 1046 1296 atque

258 1311 432 1338 inconcussa.

604 1365 639 1392 Et
654 1365 681 1392 in
697 1365 834 1400 sequentia
850 1371 861 1392 .'
879 1374 890 1391 ι
910 1364 1045 1392 Habitabo

294 1447 470 1480 Athanasius,
484 1449 613 1484 Cyrinus.
632 1448 671 1476 Ad
688 1455 798 1476 sensum
813 1457 879 1476 vero
894 1448 951 1476 :Ex
966 1449 1046 1477 bonis

260 1501 321 1528 qua:
332 1494 387 1529 jam
400 1502 415 1522 a
428 1495 483 1522 Deo
495 1499 646 1530 acceperat,
668 1503 742 1529 spem
761 1495 812 1522 sibi
831 1495 895 1523 facit
916 1495 997 1522 etiam
1012 1495 1046 1522 de

260 1540 371 1573 futuris,
389 1542 463 1576 quod
480 1541 610 1568 nimirum
633 1546 757 1575 receptus
773 1542 800 1567 in
816 1549 934 1576 superna
954 1542 1045 1568 taber-

259 1586 369 1618 nacula,
386 1594 494 1621 semper
512 1587 562 1613 sub
576 1586 622 1613 Dei
643 1587 694 1613 erit
712 1587 889 1621 protectione.
911 1586 1047 1620 Quemad-

260 1631 371 1657 modum
399 1631 471 1657 enim
498 1631 545 1666 qui
570 1631 669 1658 festum
693 1631 802 1665 aliquod
818 1632 906 1658 acturi
924 1636 997 1663 sunt,
1015 1639 1047 1658 eo

256 1676 312 1711 jam
329 1685 382 1712 pra:
398 1677 503 1704 toribus
528 1677 686 1710 exsistente,
712 1678 882 1712 jucunditate
907 1686 938 1705 ac
955 1679 1047 1706 laetitia

259 1722 377 1756 quadam
396 1722 607 1757 perfunduntur,
633 1728 660 1751 et
686 1724 760 1759 quod
777 1724 898 1752 nondum
927 1732 1047 1758 praesens

260 1769 338 1802 quasi
352 1777 473 1803 praesens
500 1770 663 1796 intuentur:
689 1770 728 1797 sic
752 1770 834 1797 etiam
859 1770 956 1801 sancti,
983 1778 1046 1797 eum

259 1815 346 1842 bonas
371 1823 432 1850 spes
453 1815 571 1842 habeant
595 1815 628 1842 de
649 1815 741 1842 futura
764 1816 816 1842 vita
831 1836 840 1848 ,
866 1816 990 1842 laetantur
1011 1815 1046 1843 de

258 1862 327 1896 ipsa.
345 1862 408 1889 Alas
420 1869 484 1888 vero
497 1862 615 1896 appellat
625 1861 803 1889 Providentia:
814 1862 913 1889 divina:
927 1867 1046 1897 potesta-

260 1911 333 1933 tem:
351 1914 366 1933 a
383 1914 437 1941 qua
459 1911 546 1934 tectus
562 1908 651 1935 omnis
677 1907 723 1934 Dei
741 1916 836 1944 amans
853 1916 992 1942 nunquam
1010 1915 1044 1934 ex

260 1951 435 1979 tabernaculo
458 1950 506 1980 Dei
529 1952 646 1984 excedit,
668 1953 713 1980 sed
739 1953 766 1980 in
784 1958 915 1980 :eternum
942 1953 970 1980 in
986 1952 1043 1987 ipsa

259 2001 411 2031 permanet.

1137 942 1193 976 (87)
1215 942 1389 970 Ἀθανασὶου
1412 943 1461 969 καὶ
1487 943 1647 977 Κυρίλλου.
1683 942 1762 970 Ἐπεὶ
1787 943 1817 970 δὲ
1838 943 1889 970 τῶν

1097 987 1266 1022 ὀδηγούντων
1291 988 1356 1014 ἴδιον
1373 989 1404 1014 τὸ
1427 988 1569 1021 δεικνύειν,
1599 989 1665 1016 ποία
1694 990 1745 1024 μὲν
1767 990 1884 1024 ἀσφαλὴς

1097 1033 1166 1065 ὁδὸς,
1179 1033 1242 1059 ποία
1256 1034 1284 1060 δὲ
1299 1034 1420 1069 σιραλερὰ
1435 1035 1481 1060 καὶ
1494 1034 1612 1070 βλαϐερὰ
1629 1035 1820 1070 μαρτύρεσθαι
1829 1044 1835 1050 '
1846 1036 1885 1063 καὶ

1096 1079 1175 1105 τοῦτο
1191 1079 1308 1114 Χριστὸς
1325 1079 1482 1114 πεποιηκὼς
1494 1080 1650 1115 εὑρίσκεται
1665 1100 1671 1110 ,
1685 1080 1715 1106 ὲν
1729 1080 1769 1114 τῷ
1782 1080 1884 1113 λέγειν·

1105 1125 1178 1158 Ἐγώ
1188 1127 1246 1159 ειμι
1260 1126 1279 1158 ἡ
1292 1125 1361 1158 ὁδὸς
1375 1125 1423 1151 καὶ
1437 1125 1456 1158 ὴ
1471 1126 1554 1159 θύρα.
1570 1126 1607 1152 Τὸ
1617 1126 1654 1156 δὲ,
1670 1126 1777 1161 πύργος
1791 1127 1884 1161 ἰσχύος,

1098 1172 1190 1206 ὅμοιον
1208 1171 1272 1196 ὡσεὶ
1284 1171 1373 1204 λέγοι·
1391 1171 1485 1206 Τοῖχος
1502 1171 1547 1197 καὶ
1563 1172 1696 1205 ἀσφάλεια
1712 1171 1839 1206 γέγονας,
1851 1174 1885 1202 εὶς

1098 1216 1128 1242 τὸ
1147 1216 1229 1251 μηδὲν
1243 1216 1338 1242 παθεῖν
1355 1216 1563 1251 ἐπηρεαζόντων
1575 1217 1628 1242 τῶν
1648 1217 1765 1252 ἐχθρῶν.
1783 1217 1886 1252 nam;

1098 1262 1152 1298 γὰρ
1169 1263 1285 1298 ἑδραῖος,
1302 1262 1497 1294 ἀκατάσειστος
1510 1263 1524 1288 ὀ
1543 1263 1670 1298 Χριστός.

1061 1366 1088 1392 in
1104 1363 1275 1392 tabernaculo
1289 1369 1345 1397 tuo,
1367 1373 1377 1390 ι
1391 1370 1454 1398 etc.,
1470 1373 1493 1392 υ.
1511 1365 1540 1392 5.

1136 1448 1191 1484 (88)
1215 1447 1396 1481 Ἀθανάσιος,
1409 1447 1571 1480 Κύριλλος.
1584 1447 1654 1483 Πρὸς
1663 1447 1691 1474 δὲ
1704 1447 1778 1479 νοῦν,
1797 1443 1889 1482 ἀφ’ὧν

1100 1494 1150 1529 ήδη
1166 1494 1275 1530 εἴληφεν
1286 1494 1406 1528 ἀγαθῶν,
1417 1494 1464 1520 καὶ
1481 1493 1545 1529 περὶ
1568 1493 1620 1520 τῶν
1644 1493 1798 1527 μελλόντων
1815 1493 1886 1520 ὲλτιί⁵

1101 1539 1152 1572 ζει,
1170 1541 1209 1566 ὅτι
1227 1540 1269 1576 δὴ,
1299 1541 1338 1571 εἰς
1362 1539 1410 1570 τὰς
1424 1540 1480 1566 ἄνω
1497 1539 1599 1573 σκηνὰς
1615 1539 1745 1573 γεγονὼς,
1763 1540 1817 1566 ὑπὸ
1840 1539 1887 1574 τὴν

1101 1585 1182 1612 αὑτοῦ
1196 1585 1240 1612 διὰ
1257 1585 1356 1616 παντὸς
1376 1585 1521 1619 γενήσεται
1540 1583 1654 1618 σκέπην.
1673 1584 1781 1619 Ὥσπερ
1798 1584 1851 1619 γὰρ
1863 1584 1887 1610 οἱ

1100 1631 1241 1666 μέλλοντες
1253 1630 1387 1658 ἐπιτελεῖν
1404 1631 1511 1666 ἑορτὴν,
1528 1631 1610 1664 ἐγγύς
1625 1638 1654 1656 τε
1666 1630 1713 1656 καὶ
1729 1631 1776 1656 ἐπὶ
1794 1630 1886 1666 θύραις

1096 1677 1203 1711 ἔχοντες
1212 1678 1308 1712 αὐτὴν,
1323 1676 1602 1712 προαναπίμπλανται
1615 1675 1761 1711 θυμηδίας,
1782 1677 1829 1702 καὶ
1839 1676 1886 1711 τὴν

1096 1724 1172 1751 οὔπω
1189 1723 1329 1759 παροῦσαν
1344 1723 1381 1754 ὡς
1397 1724 1449 1758 ἤδη
1463 1723 1603 1758 παροῦσαν
1617 1722 1719 1757 ὁρῶσιν
1729 1730 1736 1737 '
1753 1722 1825 1748 οὕτω
1840 1723 1886 1748 καὶ

1095 1771 1120 1796 οἱ
1135 1770 1217 1803 ἆγιοι,
1232 1768 1352 1805 χρηστὰς
1372 1768 1480 1803 ἔχοντες
1503 1768 1614 1799 ἐλπίδας
1628 1769 1674 1794 ἐπὶ
1696 1770 1730 1804 τῇ
1751 1768 1885 1804 μελλούσῃ

1097 1815 1164 1851 ἰωῇ,
1180 1815 1319 1850 χαίρουσιν
1334 1814 1377 1840 ἐπ’
1390 1815 1470 1850 αὐτῇ.
1487 1807 1628 1850 Πτέρυγας
1641 1814 1669 1841 δὲ
1682 1814 1763 1841 καλεῖ
1777 1815 1827 1847 τὰς
1838 1814 1884 1841 τοῦ

1095 1861 1162 1888 Θεοῦ
1180 1860 1360 1896 προνοητικὰς
1372 1860 1503 1896 δυνάμεις
1515 1869 1521 1875 ·
1539 1861 1584 1894 ὑφ’
1598 1860 1632 1891 ἂς
1650 1860 1783 1887 σκέπεται
1796 1862 1809 1887 ό
1826 1861 1884 1887 θεο-

1096 1907 1186 1942 φιλὴς,
1208 1907 1342 1942 μηδέποτε
1364 1906 1414 1941 τῆς
1440 1906 1543 1942 σκηνῆς
1567 1906 1718 1942 ἀναχωρῶν
1735 1906 1783 1933 τοῦ
1796 1905 1885 1943 ﬁsci,

1097 1953 1164 1980 ἀλλὰ
1181 1953 1214 1979 δι’
1232 1951 1329 1984 αἰῶνος
1342 1952 1370 1979 ἐν
1383 1952 1453 1988 αὐτῇ
1467 1951 1612 1979 κατοικῶν.

524 2055 559 2082 Et
572 2057 658 2083 adhuc
674 2057 701 2083 in
717 2057 794 2084 verba
804 2065 813 2083 :
835 2066 845 2082 ‹
863 2056 965 2084 Dedisti
983 2056 1161 2084 hwreditatem
1178 2057 1330 2084 timentibus
1344 2065 1437 2085 nomen
1451 2061 1536 2091 tuum,
1552 2062 1620 2084 ηις.

295 2132 403 2160 Eusebii
421 2137 445 2161 et
473 2133 622 2160 Athanasii.
650 2133 795 2161 Sciendum
814 2141 908 2168 porro,
934 2141 994 2161 esse
1017 2133 1043 2161 in

259 2177 304 2206 his
326 2179 416 2206 verbis
443 2179 587 2206 obscuram
619 2179 845 2214 signiﬁcationem
871 2187 942 2206 verae
972 2179 1044 2207 illius

261 2224 434 2252 hereditatis.
452 2225 489 2252 Ea
506 2233 570 2252 vero
589 2225 698 2252 estvita
719 2230 830 2252 azterna.
851 2224 903 2252 Sed
919 2233 980 2252 cum
992 2225 1044 2252 ista

260 2271 368 2297 demum
385 2271 410 2298 in
428 2270 520 2297 futuro
534 2271 634 2298 saeculo
645 2270 734 2297 danda
756 2271 802 2302 sit,
827 2271 964 2305 quomodo
980 2278 1044 2306 ergo

260 2316 298 2342 ait
314 2315 408 2350 David,
428 2316 551 2343 Dedisti?
566 2316 625 2343 ldeo
641 2317 782 2349 nimirum,
794 2317 857 2351 quia
872 2318 934 2344 licet
949 2324 979 2344 ea
995 2325 1044 2344 ex-

259 2366 397 2396 spectetur
422 2366 484 2396 post
510 2362 736 2389 resurrectionem
751 2383 759 2394 ,
785 2361 849 2389 data
876 2367 967 2389 tamen
991 2367 1042 2393 est,

260 2407 323 2441 quia
337 2407 393 2441 jam
410 2407 474 2434 olim
492 2412 586 2441 parata
603 2413 642 2434 est
657 2408 691 2434 iis
704 2408 752 2442 qui
772 2415 822 2435 suo
842 2412 962 2442 tempore
983 2415 1044 2435 eam

260 2458 324 2480 sunt
346 2453 478 2487 adepturi.
506 2451 625 2480 Observa
655 2457 757 2486 autem,
781 2453 864 2480 etiam
887 2453 1044 2480 timentibus

260 2497 345 2525 Deum
359 2498 450 2525 datam
471 2505 532 2526 esse
557 2498 752 2525 btereditatem.
771 2497 800 2524 Si
815 2497 907 2532 itaque
931 2497 974 2524 his
998 2497 1044 2531 qui

259 2544 340 2580 longe
360 2544 503 2572 inferiores
519 2550 583 2572 sunt
594 2552 626 2572 ea
640 2544 702 2572 data
719 2548 778 2571 est:
797 2544 882 2571 multo
899 2551 964 2578 ergo
985 2551 1044 2570 ma-

260 2591 301 2625 gis
316 2591 349 2619 iis
364 2591 410 2625 qui
428 2591 508 2627 longe
534 2591 615 2618 altius
635 2591 863 2623 conscenderunt,
880 2590 931 2616 hoc
945 2594 986 2616 est
1000 2589 1041 2616 di-

259 2636 405 2671 ligentibus
422 2636 517 2663 Deum.
533 2636 612 2669 Quod
627 2643 690 2663 vero
702 2635 839 2663 indeﬁnite
854 2635 930 2666 dixit,
949 2636 1042 2661 timen-

259 2682 342 2713 tibus,
366 2689 417 2709 nec
439 2682 542 2709 addidit
565 2681 666 2709 ludatis
683 2686 730 2709 aut
752 2681 877 2717 gentibus
891 2701 898 2713 ,
922 2689 956 2708 eo
982 2682 1040 2715 ipso

258 2727 388 2762 expandit
416 2728 531 2762 gratiam
549 2736 626 2756 suam
644 2736 726 2763 super
748 2727 889 2756 universos
905 2727 1040 2755 homines.

293 2795 317 2811 ³⁸
325 2794 404 2822 Joan.
420 2802 473 2828 xw,
486 2794 517 2828 6;
532 2803 560 2829 x,
573 2796 599 2823 9.

294 2855 349 2889 (Π)
370 2855 433 2883 Vide
447 2856 572 2891 superius
587 2856 613 2883 in
631 2855 855 2891 Expositionibus.

1133 2135 1281 2161 Εὺσεϐίου
1305 2134 1355 2161 καὶ
1382 2135 1566 2162 Ἀθανασίου.
1598 2136 1694 2163 ’ἰστέον
1713 2137 1816 2172 μέντοι,
1843 2147 1872 2166 ο.

1097 2177 1184 2204 ταῦτα
1197 2178 1310 2214 αἴνιγμα
1335 2178 1391 2213 ἔχει
1414 2179 1462 2205 καὶ
1485 2179 1536 2214 τῆς
1552 2180 1668 2215 ἀληθοῦς
1694 2181 1881 2219 κληρονομίας.

1097 2223 1171 2259 Αὕτη
1186 2224 1215 2251 δέ
1232 2225 1305 2251 ἐστιν
1325 2225 1341 2260 ἡ
1368 2224 1476 2257 αἰώνιος
1500 2226 1567 2261 ζωή.
1601 2226 1681 2254 Ἀλλὰ
1701 2229 1755 2264 μὴν
1772 2229 1838 2265 αὕτη
1855 2231 1884 2257 ὲν

1097 2270 1135 2305 τῷ
1149 2271 1270 2305 μέλλοντι
1285 2271 1364 2298 αἰῶνι
1377 2271 1537 2306 δοθήσεται·
1556 2271 1614 2304 πῶς
1632 2271 1679 2299 οὖν
1695 2271 1757 2300 εἶπε
1768 2295 1775 2306 ,
1792 2275 1883 2302 Λέδω-

1097 2324 1173 2349 κας;
1189 2317 1261 2348 "On,
1279 2318 1303 2343 εἰ
1316 2317 1363 2343 καὶ
1380 2317 1563 2352 προσδοκᾶται
1581 2318 1653 2353 μετὰ
1665 2319 1715 2354 τὴν
1726 2320 1882 2351 ἀνάστασιν,

1096 2361 1165 2388 ἀλλά
1177 2370 1208 2396 γε
1217 2361 1254 2396 τῷ
1265 2361 1314 2397 ἤδη
1325 2362 1519 2397 εὐπρέπεσθαι,
1535 2362 1637 2390 δέδοται
1647 2365 1703 2396 τοῖς
1716 2365 1802 2401 αὐτὴν
1814 2367 1883 2392 κατὰ

1097 2408 1191 2442 καιρὸν
1207 2407 1251 2434 τὸν
1261 2407 1355 2434 δέοντα
1371 2407 1542 2443 ληψομένοις.
1558 2409 1627 2445 Ὅρα
1653 2409 1694 2443 δὲ,
1709 2411 1750 2437 ὃτι
1768 2412 1814 2437 καὶ
1827 2413 1883 2442 τοῖς

1097 2453 1273 2488 φοϐουμένοις
1284 2453 1330 2480 τῆν
1340 2454 1405 2480 Θεὸν
1419 2454 1523 2481 δέδοται
1538 2456 1554 2490 ὴ
1581 2455 1759 2491 κληρονομία.
1783 2457 1814 2483 ΕΞ
1835 2456 1882 2484 οὖν

1096 2500 1187 2531 αὐτοῖς
1208 2500 1411 2535 ὑποδεεστέροις
1426 2498 1502 2531 οὖσι,
1519 2500 1609 2537 πολλῷ
1625 2501 1706 2528 πλέον
1729 2504 1785 2535 τοῖς
1799 2504 1883 2539 15mp-

1095 2545 1299 2580 ανασεσηκόσιν,
1311 2545 1399 2572 εῐτουν
1414 2544 1542 2579 ἀγαπῶσι
1551 2545 1595 2572 τὸν
1607 2545 1683 2573 Θεόν.
1693 2546 1840 2582 Ἀορίστως
1852 2547 1882 2574 δὲ

1095 2590 1190 2622 εἰπὼν,
1203 2592 1259 2623 τοῖς
1270 2591 1351 2625 φοὸου
1356 2591 1456 2626 μένοις,
1469 2592 1514 2618 καὶ
1528 2592 1557 2618 οὐ
1574 2591 1711 2628 προσθεὶς,
1733 2593 1879 2625 Ἰουδαίοις,

1094 2636 1268 2671 ἢῇἚλληο-ιν,
1286 2637 1396 2671 ἧπλωσε
1414 2638 1463 2673 τὴν
1482 2638 1560 2673 χάριν
1577 2638 1623 2664 ὲπὶ
1649 2637 1754 2669 πάντας
1775 2638 1880 2673 ἀνθρὼ-

1095 2689 1177 2712 πους·
1192 2682 1307 2716 μάλιστα
1327 2682 1355 2708 δὲ
1375 2682 1438 2714 τοὺς
1450 2681 1478 2715 ἐξ
1493 2681 1575 2708 ἐθνῶν
1590 2683 1761 2717 προσιόντας,
1784 2683 1878 2717 $.0ch-

1096 2727 1194 2759 μένους
1208 2728 1253 2754 τὸν
1270 2727 1383 2763 Κύριον,
1398 2727 1493 2754 εἴωθεν
1505 2728 1651 2754 ἀποκαλεῖν
1669 2729 1684 2754 ὁ
1697 2728 1785 2763 λόγος.
1812 2729 1879 2757 nefa

1127 2852 1181 2888 (88)
1204 2853 1242 2881 lla
1259 2854 1314 2882 fere
1327 2854 1355 2882 in
1370 2854 1583 2888 Expositionibua
1598 2863 1688 2890 supra.
