1919 3051
251 141 286 168 75
662 141 692 168 S.
713 140 905 168 A'l'llANASli
921 141 997 169 OPP.
1019 142 1111 172 PARS
1129 143 1173 172 Ill.
1193 160 1229 166 —
1246 144 1452 174 EXEGETICA.

1815 146 1867 174 576

232 198 317 226 tantis
331 199 456 228 excidere
483 199 600 236 negotiis
620 203 646 226 et
671 207 686 226 a
709 200 851 235 proposito
876 201 1016 234 aberrare,

1076 211 1133 235 τους
1146 203 1194 230 καὶ
1206 203 1349 237 τοσούτους
1365 204 1420 231 τῶν
1435 203 1649 241 ὲγχειρημάτων’
1661 204 1867 242 διαμαρτόντας

233 246 432 273 conturbantur
456 254 488 274 ac
518 246 705 280 corripiuntur
725 250 810 279 metu,
839 251 868 274 et
899 246 1021 274 divinam
1048 254 1054 260 '

232 290 369 318 mirantur
386 291 598 326 providentiam.
615 290 683 317 Dutn
699 290 772 319 enim
794 291 914 318 divinam
930 296 1022 326 prote-

233 336 352 364 ctionem
379 337 450 372 apud
478 344 508 365 se
534 337 719 370 considerant,
747 341 883 365 terrentur
910 337 1023 364 horrore

233 381 319 408 divini
339 382 446 417 judicii,
465 390 498 410 ac
523 382 680 418 intelligunt
702 391 800 410 omnes
815 382 900 410 Deum
927 382 1021 416 fuisse,

233 428 281 463 qui
294 428 371 456 dolos
386 434 412 456 ct
428 429 541 459 insidias
563 437 657 457 eorum
680 429 772 457 irritas
795 429 868 462 fecit,
891 437 922 456 eo
948 429 1022 464 quod

233 482 295 509 quae
310 479 405 502 contra
420 483 463 502 me
484 475 602 503 inierant
622 475 735 503 consilia
751 483 821 503 vana
836 476 1022 502 demonstrata

233 526 307 547 sunt.
323 520 400 547 Adeo
411 521 505 556 utjam
519 529 617 550 omnes
628 521 817 556 pronuntient,
831 525 909 548 tuum
925 521 1021 554 fuisse,

232 572 250 593 ο
281 565 406 600 Domine,
434 567 486 595 hoc
516 575 596 602 opus,
621 567 724 602 tibique
749 572 846 595 cuncta
869 566 1018 594 ascribant.

232 611 299 645 Quis
316 612 389 640 enim
406 621 461 640 non
479 618 591 646 metuat,
619 614 664 641 ubi
691 614 763 641 videt
782 613 829 641 Dei
851 613 1022 640 animadver-

232 657 335 685 sionem
358 659 384 688 in
406 659 522 694 impios.
547 664 575 687 et
602 659 734 687 ultionem
756 667 806 695 pro
828 659 930 694 injuste
953 658 1029 687 actis.

230 703 343 732 relatam
354 704 366 731 ἳ

1076 251 1125 278 καὶ
1141 251 1346 287 ἀστοχήσαντας
1362 251 1476 287 θορῦὁου
1503 253 1550 279 καὶ
1573 252 1649 284 δέους
1674 253 1866 289 ἐπλήσθησαν,

1074 296 1120 322 καὶ
1136 296 1184 331 τὴν
1201 296 1276 323 θείαν
1288 296 1446 332 ἐθαύμασαν
1461 298 1596 334 πρόνοιαν.
1616 296 1659 325 Ἐν
1672 299 1802 334 περινοίᾳ
1814 298 1868 334 γὰρ

1073 342 1124 377 τῆς
1134 342 1180 368 τοῦ
1195 342 1263 369 Θεοῦ
1282 342 1444 378 κηδεμονίας
1458 343 1607 379 γενόμενοι,
1626 344 1657 370 τὸ
1673 343 1744 370 θεῖον
1763 345 1868 379 κριτὴ-

1075 381 1269 424 ριονέδεισαν,
1286 389 1332 415 καὶ
1356 389 1455 420 πάντες
1479 389 1610 424 συνῆκαν,
1635 390 1675 416 ὅτι
1702 390 1780 425 παρὰ
1798 389 1868 416 Θεοῦ

1075 434 1274 470 κατεργάζεται
1289 435 1321 462 τὸ
1333 435 1383 470 τῆς
1393 434 1482 462 αὐτῶν
1497 435 1646 471 δολιάτητος
1661 435 1818 472 ἄπρακτον,
1828 436 1869 462 ὅτι

1073 481 1107 507 τὰ
1124 482 1183 508 κατ’
1201 480 1266 516 ἐμοῦ
1282 481 1384 516 μάταια
1393 480 1525 517 ἠλέγχθη.
1541 481 1586 512 Ὠς
1599 482 1702 512 πάντας
1723 481 1869 515 ἀπαγγέλ-

1072 526 1139 558 λειν,
1151 526 1192 552 ὅτι
1206 526 1265 557 Σὺν,
1280 523 1302 552 ὦ
1317 526 1450 559 Δέσποτα,
1464 526 1542 562 ἔργον
1555 526 1645 558 τοῦτο,
1656 527 1703 553 καὶ
1716 527 1758 553 eo".
1771 527 1809 553 τὰ
1824 535 1870 561 γε-

1073 572 1174 607 νόμενα
1187 572 1379 608 ἐπιγράφουσι.
1394 572 1449 608 (95)
1470 573 1517 604 Τίς
1534 572 1588 608 γὰρ
1601 573 1651 604 οὐκ
1667 573 1700 599 ἂν
1717 573 1869 608 φοϐηθείη,

1074 617 1226 654 ἐπισκοπὴν
1239 619 1271 644 ὲκ
1281 618 1348 645 Θεοῦ
1356 618 1427 654 ὁρῶν
1441 619 1585 654 γινομένην
1597 618 1667 645 κατὰ
1676 619 1729 646 τῶν
1743 619 1870 653 ἁσεὸὦν,

1075 655 1123 691 παὶ
1137 664 1277 699 ὲχδὲκησιν
1291 664 1361 700 ὑπὲρ
1374 663 1428 691 τῶν
1447 664 1628 700 ἀδικουμένων
1641 673 1658 698 ;τ

603 762 671 790 Item
684 763 712 790 in
730 762 836 789 titulum
854 770 924 797 μισ..
941 769 1014 792 utv,
1026 767 1165 796 prtemtssa
1181 757 1333 784 Theodoreti
1348 761 1486 785 sentmtta.

267 819 439 848 Athanasius.
460 819 610 856 Conjuncta
623 829 705 857 porro
719 826 761 849 est
775 829 838 849 cum
859 821 955 848 harum
974 828 1017 848 re-
1033 821 1055 851 Β

231 874 292 893 rum
310 866 487 901 praedictione
509 869 590 895 etiam
623 868 763 903 prophetia
789 868 822 895 de
836 868 924 895 salute
950 875 1017 902 gen-

229 912 310 938 tium.
325 911 409 939 David
426 920 544 947 namque
560 912 709 940 introducit
722 912 765 939 hic
780 921 826 940 eos
843 913 890 947 qui
906 920 938 939 ex
954 920 1019 947 gcn~

230 958 304 985 tibus
314 958 341 985 in
355 957 494 985 Christum
509 958 692 991 crediderunt,
708 958 786 994 quasi
800 958 1019 986 contradicentes

229 1004 398 1038 sapientibus
414 1004 497 1038 hujus
512 1003 614 1035 seculi,
631 1012 662 1031 ac
679 1009 790 1031 orantes
806 1005 906 1039 prioris
922 1004 1019 1039 impie-

230 1050 293 1077 tatis
310 1050 511 1078 dimissionem.
538 1051 606 1078 Orat
631 1050 730 1077 deinde
745 1051 826 1078 etiam
848 1058 896 1085 pro
921 1050 954 1077 iis
971 1049 1018 1084 qui

229 1095 294 1122 olim
310 1096 417 1124 steriles
428 1101 455 1123 et
467 1096 632 1124 infructuosi
648 1102 736 1129 erant,
749 1104 822 1124 nunc
835 1104 899 1123 vero
915 1095 1018 1123 fertiles

230 1142 294 1169 facti
313 1147 379 1170 sunt
393 1151 440 1178 per
456 1143 536 1170 iidem
556 1143 583 1169 in
596 1143 748 1170 Christum.
772 1142 879 1170 Dictum
896 1149 961 1168 vero
977 1145 1019 1168 est

229 1187 283 1222 iam
310 1193 383 1221 ante,
411 1189 484 1223 quod
510 1189 632 1223 psalmus
655 1188 764 1223 praxin,
789 1188 926 1215 canticum
953 1194 1018 1214 vero

229 1233 363 1261 theoriam
390 1234 511 1261 denotet.
542 1233 658 1266 Quando
686 1234 769 1269 igitur
797 1241 844 1268 per
871 1239 1019 1268 utrumque

229 1279 344 1306 istorum
366 1286 409 1307 res
423 1279 515 1314 aliqua
533 1280 663 1314 praclare
679 1285 753 1314 gesta
769 1284 827 1312 cst,
843 1279 933 1306 ethica
946 1279 1017 1306 scili-

228 1329 271 1352 cet
286 1323 459 1359 philosophia
479 1331 541 1351 cum
558 1323 707 1350 theorctica
723 1327 915 1354 concurrente,
941 1323 1017 1357 psal--

229 1379 291 1399 mus
306 1371 406 1398 cantici
422 1370 541 1398 exsistit.
563 1369 623 1397 Vita
638 1369 710 1396 enim
727 1369 937 1404 contemplativa
952 1376 1016 1405 ope-

228 1419 304 1444 ribus
320 1421 426 1448 ornata,
447 1415 536 1443 reddit
551 1415 700 1451 perfectum
722 1415 872 1442 hominem.

1107 818 1161 853 (94)
1189 816 1371 850 Ἄθανάσιος.
1393 817 1590 852 ’Λναμέμικται
1609 817 1638 844 δὲ
1658 819 1692 853 τῇ
1714 819 1780 855 περὶ
1798 819 1869 846 τού-

1070 873 1124 891 των
1139 864 1290 899 προρρήσει
1306 863 1417 898 καὶτῆς
1435 863 1490 889 τῶν
1506 863 1590 889 ἐθνῶν
1609 865 1746 900 σωτηρίας
1764 866 1780 900 ὴ
1797 875 1868 902 προ-

1071 910 1179 946 φητεὶα.
1194 909 1305 943 Εἰσάγει
1323 908 1377 944 γὰρ
1391 910 1405 934 ὀ
1415 908 1496 935 Δαυῖδ
1512 909 1628 936 ἐνταῦθα
1641 911 1704 941 τοὺς
1724 910 1754 942 ἐξ
1775 911 1878 938 ἐθνῶνι

1070 955 1271 987 πιστεύσαντας
1285 957 1324 987 εἰς
1338 955 1456 991 Χριστὸν
1466 976 1473 989 ,
1495 955 1685 987 καταϐοῶντας
1699 956 1754 982 τῶν
1771 957 1867 991 σοφῶν

1071 1002 1117 1030 τοῦ
1133 1002 1231 1034 αἰῶνος
1243 1001 1348 1034 τούτου,
1373 1001 1516 1033 αὶτοῦντάς
1529 1011 1556 1028 τε
1569 1001 1618 1037 τῆς
1635 1002 1770 1038 προτέρας
1797 1003 1867 1030 ἀσε-

1071 1049 1147 1080 ϐείας
1163 1049 1274 1083 ἄφεσιν·
1289 1048 1328 1074 ἔτι
1344 1057 1373 1074 τε
1389 1048 1470 1084 εὐχὴν
1490 1048 1647 1083 ἀναπέμπει
1669 1048 1737 1084 ὑπὲρ
1758 1048 1865 1081 αὐτῶν,

1070 1094 1154 1121 ἃντων
1173 1093 1222 1128 μὲν
1237 1092 1319 1119 πάλαι
1343 1092 1478 1128 ἀκάρπων
1491 1112 1498 1123 ,
1517 1092 1670 1127 γενομένων
1684 1092 1713 1118 δὲ
1736 1090 1866 1127 εὐφόρων

1069 1139 1113 1166 διὰ
1126 1139 1176 1174 τῆς
1190 1140 1229 1170 εἰς
1244 1138 1361 1174 Χριστὸν
1387 1137 1514 1169 πίστεως.
1532 1137 1646 1173 Εἴρηται
1672 1137 1701 1164 δὲ
1715 1137 1865 1173 πρότερον,

1069 1185 1107 1217 ὡς
1125 1185 1224 1221 πρᾶξιν
1254 1185 1302 1220 μὲν
1317 1185 1331 1210 ὁ
1349 1183 1467 1219 ψαλμὺς,
1492 1183 1608 1219 θεωρίαν
1627 1183 1684 1219 rei)
1701 1183 1757 1219 ᾠδὴ
1773 1183 1854 1218 δηλοῖ

1070 1232 1155 1259 Ὅταν
1170 1229 1216 1258 οὖν
1230 1231 1264 1257 δι’
1275 1228 1463 1267 ἀμφοτέρωνῇ
1475 1230 1505 1257 τὸ
1517 1229 1618 1264 ἀγαθὸν
1633 1229 1874 1265 κατορθούμενον,-

1069 1278 1120 1313 τῆς
1133 1277 1230 1313 ἠθικῆς
1247 1277 1404 1312 φιλοσοφίας
1420 1277 1488 1312 πρὸς
1497 1277 1547 1312 τὴν
1560 1276 1728 1312 θεωρητικὴν
1746 1276 1864 1312 συνδρα-

1073 1324 1187 1360 μούσης,
1206 1323 1313 1359 ψαλμὸς
1335 1323 1407 1358 ᾠδῆς
1423 1322 1537 1357 γίνεται.
1559 1322 1588 1348 '0
1616 1323 1781 1358 θεωρητικὸς
1808 1322 1866 1356 γὰρ

1071 1370 1130 1404 ἅμα
1152 1369 1190 1404 τῷ
1207 1368 1350 1405 πρακτικῶ
1362 1367 1576 1400 κατορθούμενος
1591 1368 1640 1403 βίῳ
1660 1368 1743 1403 ἄνδρα
1761 1367 1866 1394 τέλειον

1068 1415 1264 1443 ἀποδείκνυσιν.

229 1493 263 1520 In
274 1494 392 1529 ejusdem
407 1495 504 1530 psalmi
523 1495 613 1527 verba,
626 1503 636 1520 ‹
655 1493 757 1522 Beatus
770 1501 847 1529 quem
867 1493 983 1529 elegisti,
999 1499 1130 1556 »Πριεηὺιξἶ
1191 1494 1343 1530 Postquam:
1358 1503 1391 1522 ex
1414 1495 1576 1522 Theodoreto
1592 1502 1697 1521 sensum
1718 1494 1866 1523 litteralem

916 1535 1045 1556 exposuit.
1062 1538 1093 1556 su
1113 1534 1168 1556 ltt'tl
1184 1538 1194 1556 :

916 1534 1045 1564 exposuit,
1062 1534 1168 1564 31‘0th”
1184 1538 1194 1556 :

263 1587 437 1616 Athanasius.
452 1587 638 1624 Spiritualiter
649 1595 717 1616 vero
728 1586 873 1615 adumbrat
885 1589 1017 1623 populum
1032 1593 1053 1621 c

228 1634 306 1662 illum
325 1643 436 1668 novum,
453 1635 500 1670 qui
515 1635 626 1664 Christo
642 1635 670 1663 in
687 1639 787 1663 sortem
805 1635 971 1663 btereditatis
985 1643 1020 1664 ex

227 1681 354 1716 gentibus
367 1681 472 1709 electus
493 1686 545 1709 est.
570 1682 656 1710 Aulas
679 1689 744 1709 vero
766 1681 917 1716 intelligere
937 1681 1021 1709 debe-

227 1735 291 1756 mus
313 1727 452 1756 Ecclesias
477 1736 526 1763 per
545 1729 672 1763 regiones
693 1729 841 1763 dispersas.
865 1728 939 1756 Alias
954 1735 1021 1756 vero

228 1774 339 1802 beatum
357 1775 439 1802 etiarn
454 1775 582 1810 prmdicat
600 1775 644 1803 hic
657 1775 794 1810 Propheta
807 1782 882 1807 eum,
897 1774 944 1809 qui
963 1775 1020 1802 vir-

228 1821 333 1849 tutibus
352 1825 394 1849 est
417 1827 634 1849 consummatus.
655 1821 727 1849 Deus
755 1821 827 1848 enim
844 1828 907 1848 eum
933 1821 1019 1855 eligit,

228 1868 275 1902 qui
293 1868 326 1895 ad
341 1868 502 1895 certandum
519 1873 546 1895 et
565 1876 647 1896 cursu
669 1867 891 1896 contendendum
905 1872 947 1894 est
961 1867 1021 1894 ido«

227 1921 316 1947 nens;
339 1915 387 1949 qui
409 1922 475 1941 vero
491 1915 633 1942 victoriam
657 1914 714 1949 jam
729 1914 887 1949 reportavit,
908 1914 1021 1948 praecla-

227 1966 314 1994 roque
328 1959 383 1989 ﬁne
407 1960 492 1987 vitam
519 1961 665 1993 conclusit,
690 1961 764 1988 hunc
779 1959 896 1987 assumit
910 1960 937 1986 in
962 1967 1019 1988 coe—

227 2006 297 2039 lum,
322 2007 369 2034 ubi
382 2007 465 2034 etiam
483 2007 534 2042 ipsi
555 2007 763 2035 tabernaculum
789 2007 896 2039 tribuit,
914 2006 941 2033 in
957 2013 1020 2040 pto-

227 2052 296 2087 priis
308 2052 359 2080 sibi
379 2052 461 2085 aulis,
480 2052 514 2080 de
530 2053 630 2087 quibus
645 2053 747 2080 dictum
765 2057 824 2079 cst:
851 2052 942 2080 Multa:
955 2057 1021 2080 sunt

228 2098 386 2125 mansiones
410 2099 480 2133 apud
498 2097 606 2126 Patrem
621 2100 653 2125 ".
672 2098 706 2126 Ut
729 2099 765 2126 ita
782 2098 928 2133 perfectius
943 2098 1020 2133 quid-

228 2143 291 2170 dam
310 2133 648 2178 sit—assutnnb'eligente
666 2152 749 2178 quam
776 2144 848 2178 eligi.
877 2143 944 2170 Nam
972 2143 1018 2171 tibi

227 2190 275 2225 qui
298 2190 400 2218 electus
425 2195 468 2217 est
489 2190 582 2217 omnia
605 2191 756 2217 secundum
779 2190 826 2217 Dei
850 2190 1017 2217 voluntatem

227 2235 379 2270 peregerit,
406 2241 471 2263 tunc
493 2234 603 2262 dcmutn
629 2243 691 2262 cum
713 2235 798 2270 gloria
825 2236 853 2262 in
884 2235 1018 2270 promissa

228 2280 299 2307 bona
326 2281 497 2314 assumitur,
525 2286 572 2314 et,
598 2281 739 2308 domicilio
763 2282 823 2316 ejus
849 2282 881 2308 de
903 2282 1018 2309 terrenis

228 2326 298 2354 locis
315 2327 459 2360 translato,
475 2327 529 2354 illic
545 2328 750 2355 tabernaculum
771 2328 837 2363 ligit,
857 2329 883 2354 in
900 2328 1018 2362 palatiis,

228 2373 356 2407 inquam,
389 2373 514 2408 eligentis
539 2381 580 2401 se.
604 2372 725 2406 Quorum
746 2373 882 2401 desiderio
908 2374 1018 2408 quidam

229 2419 285 2447 illic
297 2420 388 2448 adhuc
406 2421 573 2448 constitutus
590 2429 652 2448 cttm
677 2424 829 2454 teneretur,
857 2421 1017 2456 inquiebat:

228 2467 326 2492 Anima
351 2475 409 2493 mea
430 2467 519 2502 deﬁcit
535 2467 564 2494 in
587 2467 658 2493 atria
675 2467 822 2494 Domini".
839 2466 927 2494 Verba
955 2475 1019 2503 ergo

229 2510 305 2539 hinc:
321 2512 421 2540 Beatus
443 2522 519 2549 quem
535 2513 636 2548 elegisti
659 2518 684 2540 et
713 2513 891 2548 assumpsisti,
918 2514 1016 2541 merito

1106 1592 1162 1626 (95)
1196 1591 1377 1624 Ἀθανάσιος.
1408 1591 1477 1627 Πρὸς
1506 1590 1534 1617 δὲ
1563 1589 1681 1616 διάνοιαν
1713 1589 1868 1616 αἰνίττεται

1070 1636 1116 1663 τὸν
1143 1636 1206 1664 λαὸν
1236 1636 1295 1670 τὺνΙ
1309 1637 1380 1669 νέον,
1407 1636 1453 1663 τὸν
1481 1635 1511 1669 ἐξ
1542 1635 1626 1662 ἐθνῶν
1649 1635 1796 1669 ὲκλεγέντα
1822 1635 1866 1670 τῷ

1069 1682 1181 1719 Χριστῷ
1201 1684 1240 1715 εἰς
1265 1683 1458 1718 κληρονομίαν.
1483 1681 1572 1714 Aula;
1591 1681 1620 1708 δὲ
1641 1681 1691 1713 τὰς
1709 1681 1781 1708 κατὰ
1805 1681 1865 1716 χώ-

1072 1737 1122 1764 ραν
1143 1729 1306 1764 Ἐκκλησίας
1322 1729 1502 1764 ὑποληπτέον.
1524 1729 1642 1765 Ἑτέρως
1655 1728 1683 1756 δὲ
1697 1729 1745 1768 κα).
1763 1728 1810 1755 τὸν
1820 1737 1866 1755 τε-

1071 1775 1214 1802 λειωθέντα
1229 1777 1258 1802 ἐν
1273 1776 1394 1811 ἀρεταῖς,
1411 1775 1505 1802 τοῦτον
1516 1775 1564 1802 καὶ
1575 1776 1589 1801 ὁ
1606 1775 1753 1810 Προφήτης
1773 1783 1865 1810 μακα-

1073 1821 1150 1857 ρίζει.
1171 1821 1326 1855 Ἐκλὲγεται
1353 1821 1402 1856 μὲν
1425 1820 1481 1856 γὰρ
1508 1822 1523 1847 ὁ
1538 1821 1603 1852 Θεὸς
1617 1820 1663 1848 τὸν
1679 1820 1864 1854 ἀγωνίζεσθαι

1071 1867 1118 1893 καὶ
1137 1867 1250 1902 δραμεῖν
1265 1867 1434 1903 ἐπιτήδειον·
1452 1867 1498 1894 τὸν
1511 1867 1540 1894 δὲ
1554 1867 1604 1902 ήδη
1625 1867 1798 1903 νενικηκότα,
1815 1868 1865 1894 καὶ

1071 1913 1146 1948 καλῷ
1170 1913 1242 1940 τέλει
1268 1914 1319 1949 τὴν
1347 1913 1420 1949 ζωὴν
1446 1914 1666 1950 περικλείσαντα,
1698 1916 1738 1946 εἰς
1748 1914 1863 1951 οὐρανὸν

1072 1958 1322 1995 προσλαμϐάνεται,
1335 1959 1401 1987 ἔνθα
1417 1960 1465 1987 καὶ
1490 1960 1591 1997 σκηνὴν
1618 1960 1692 1996 αὐτῷ
1709 1962 1768 1993 ταῖς
1784 1961 1863 1993 ἰδίαις

1070 2005 1166 2036 αὐλαῖς
1179 2005 1348 2041 ἁποκληροίο
1361 2006 1426 2042 περὶ
1447 2002 1485 2033 ὧν
1510 2007 1633 2042 εἴρηται·
1656 2007 1757 2034 Πολλαὶ
1784 2008 1863 2043 μοναὶ

1071 2052 1146 2088 παρὰ
1164 2051 1202 2086 τῷ
1217 2051 1315 2087 Πατρι.
1338 2051 1419 2079 Ὥστε
1436 2051 1601 2087 τελειότερον
1612 2051 1658 2078 τοῦ
1673 2051 1820 2087 ἐκλεγῆναι
1832 2052 1862 2079 τδ

1071 2098 1277 2134 προσληφοῆναι
1295 2098 1371 2134 παρὰ
1384 2098 1431 2125 τοῦ
1450 2099 1642 2134 ὲκλεξαμένου.
1665 2099 1750 2125 Ὅταν
1773 2099 1828 2134 γὰρ
1847 2101 1863 2125 ὁ

1070 2144 1193 2178 ὲκλεγεὶς
1205 2144 1293 2171 πάντα
1304 2144 1374 2171 κατὰ
1386 2144 1512 2180 βούλησιν
1522 2145 1589 2171 Θεοῦ
1602 2144 1704 2180 πράξῃ,
1719 2144 1780 2171 τότε
1795 2146 1863 2180 μετὰ

1070 2190 1149 2225 δόξης
1161 2191 1200 2222 εἰς
1216 2190 1266 2222 τὰς
1289 2190 1453 2224 ἐπαγγελίας
1470 2190 1718 2226 προσλαμϐάνεται,
1731 2191 1779 2218 καὶ
1797 2199 1863 2226 μετα

1071 2235 1201 2268 amarest;
1215 2235 1262 2262 τοῦ
1279 2237 1343 2271 περὶ
1357 2237 1408 2272 γῆν
1436 2237 1531 2267 τόπου,
1551 2237 1610 2263 ἐκεῖ
1634 2239 1812 2272 κατασκηνοί,
1833 2239 1862 2264 ὲν

1071 2284 1131 2314 ταῖς
1147 2283 1241 2314 αὐλαῖς
1255 2283 1302 2309 τοῦ
1320 2282 1509 2318 ἑκλεξαμένου,
1528 2281 1576 2310 Ὧν
1589 2283 1712 2310 ἐντεῦθεν
1728 2284 1769 2310 ἔτι
1782 2284 1861 2311 πόθον

1071 2336 1112 2358 τις
1126 2327 1207 2362 ἔχων,
1228 2326 1321 2354 εἶπεν⁸
1355 2329 1502 2355 ’ἐκλείπει
1528 2329 1548 2362 ὴ
1563 2328 1648 2363 ψυχή
1665 2338 1726 2364 μου
1749 2331 1795 2363 εἰς
1810 2330 1861 2363 τὰς

1072 2373 1169 2405 αὐλὰς
1186 2373 1238 2400 τοῦ
1255 2373 1376 2408 Κυρίου.
1396 2374 1476 2400 Ὥστε
1490 2373 1538 2405 τὰς
1557 2374 1642 2406 λέξεις
1660 2375 1773 2406 ταύτας,
1791 2377 1862 2411 φημὶ

1070 2418 1102 2454 δὴ
1114 2419 1154 2451 τὸ,
1165 2419 1324 2454 Μακάριος,
1335 2419 1371 2446 ὃν
1380 2420 1508 2453 ἐξελέξω
1521 2421 1568 2448 καὶ
1578 2421 1781 2455 προσελάεου,
1792 2421 1862 2448 εἰκό-

1072 2473 1125 2496 τως
1142 2465 1324 2502 προφέρουσιν
1342 2467 1366 2492 οἱ
1379 2467 1443 2498 τοὺς
1460 2467 1666 2502 ἀπαλλαγέντας
1677 2468 1726 2494 τοῦ
1742 2468 1799 2504 βίου
1814 2469 1862 2504 ζη-

1070 2512 1179 2543 λοῦντες
1192 2513 1238 2539 καὶ
1259 2513 1463 2548 μακαρίζοντες.

228 2557 404 2590 protulerint,
419 2558 466 2594 qui
484 2558 610 2593 praesenti
624 2558 677 2585 vita
694 2558 847 2586 abstractos
865 2559 1017 2590 imitantur,
1033 2566 1064 2586 ac
1083 2558 1175 2585 beatos
1187 2558 1345 2593 praedicant.

364 2613 400 2641 Et
415 2615 441 2642 in
454 2623 556 2642 versum
571 2620 720 2650 sequentem
733 2623 741 2642 :
757 2617 895 2650 pra’missa
909 2624 1014 2643 rursum
1030 2615 1141 2642 litterati
1156 2615 1330 2650 explicatione
1345 2625 1377 2644 ex
1391 2616 1551 2646 Theodorclo
1562 2639 1570 2653 ,
1590 2621 1717 2655 sequitur.

264 2672 414 2700 Athanasii.
441 2671 544 2700 Horum
569 2673 702 2701 sententia
730 2674 797 2702 hzec.
825 2674 900 2702 Bona
917 2674 1015 2702 domus

264 2730 286 2745 ³⁸
297 2729 377 2757 Joan.
389 2738 445 2763 xtv,
463 2729 492 2756 2.
530 2729 553 2745 ³⁷
565 2729 637 2758 Psal.
651 2739 766 2764 Lxxxtn,
781 2732 807 2757 5.

264 2787 320 2821 (93)
335 2786 397 2848 imae
413 2787 440 2814 in
461 2786 677 2821 Expositionibus
694 2788 726 2816 ad
740 2787 887 2816 secundant
911 2792 1012 2822 partem

264 2830 325 2848 rsus
379 2844 385 2848 .

230 2830 325 2849 versus
343 2830 385 2849 in.

270 2857 325 2892 (94)
345 2857 406 2886 llaec
422 2860 541 2887 auctiora
561 2864 719 2894 suntquam
740 2858 766 2885 in
787 2857 1010 2892 Etpvlsilimtlbtts.

1112 2673 1168 2709 (96)
1205 2674 1388 2701 ‘Aaat'aolov.
1418 2675 1489 2712 Πρὸς
1514 2676 1542 2703 δὲ
1570 2677 1647 2703 γοῦν·
1683 2677 1785 2712 Ἀγαθὰ
1813 2683 1858 2712 τοῦ

1106 2786 1236 2824 (9:1)
1248 2796 1300 2815 non
1311 2789 1446 2816 habeantur
1462 2790 1587 2824 superius
1605 2791 1637 2817 ad
1653 2791 1727 2819 lntnc
1739 2799 1855 2819 versum.

1105 2825 1160 2856 (illi)
1176 2823 1276 2851 llortuu
1293 2826 1415 2859 qna-dam
1435 2823 1561 2861 superius
1586 2827 1719 2854 habentur
1736 2828 1768 2854 ad
1788 2827 1856 2854 hunc

1069 2866 1186 2886 τργειιιη.
