  <div class='ocr_page' id='page_1' title='image "/cluster/home/n/w/nwhite01/storage/ocr_20150623/27/njp.32101010944609/314.png"; bbox 0 0 1919 3051; ppageno 0'>
   <div class='ocr_carea' id='block_1_1' title="bbox 44 150 98 184">
    <p class='ocr_par' dir='ltr' id='par_1_1' title="bbox 44 150 98 184">
     <span class='ocr_line' id='line_1_1' title="bbox 44 150 98 184; baseline -0.019 0"><span class='ocrx_word' id='word_1_1' title='bbox 44 150 98 184; x_wconf 74' lang='grc' dir='ltr'><strong>57Ἶ</strong></span> 
     </span>
    </p>
   </div>
   <div class='ocr_carea' id='block_1_2' title="bbox 544 153 1195 186">
    <p class='ocr_par' dir='ltr' id='par_1_2' title="bbox 544 153 1195 186">
     <span class='ocr_line' id='line_1_2' title="bbox 544 153 1195 186; baseline 0.002 -3"><span class='ocrx_word' id='word_1_2' title='bbox 544 153 756 184; x_wconf 70' lang='lat' dir='ltr'><strong>FRAGMENTA</strong></span> <span class='ocrx_word' id='word_1_3' title='bbox 775 154 954 186; x_wconf 83' lang='lat' dir='ltr'><strong>COMMENT.</strong></span> <span class='ocrx_word' id='word_1_4' title='bbox 972 153 1008 185; x_wconf 73' lang='grc' dir='ltr'>ΙΝ</span> <span class='ocrx_word' id='word_1_5' title='bbox 1026 154 1195 185; x_wconf 72' lang='lat' dir='ltr'><strong>PSALMOS.</strong></span> 
     </span>
    </p>
   </div>
   <div class='ocr_carea' id='block_1_3' title="bbox 1627 160 1680 188">
    <p class='ocr_par' dir='ltr' id='par_1_3' title="bbox 1627 160 1680 188">
     <span class='ocr_line' id='line_1_3' title="bbox 1627 160 1680 188; baseline -0.019 0"><span class='ocrx_word' id='word_1_6' title='bbox 1627 160 1680 188; x_wconf 81' lang='grc'><strong>578</strong></span> 
     </span>
    </p>
   </div>
   <div class='ocr_carea' id='block_1_4' title="bbox 44 214 841 255">
    <p class='ocr_par' dir='ltr' id='par_1_4' title="bbox 44 214 840 255">
     <span class='ocr_line' id='line_1_4' title="bbox 44 214 840 255; baseline 0.004 -12"><span class='ocrx_word' id='word_1_7' title='bbox 44 215 123 243; x_wconf 66' lang='grc' dir='ltr'>οἴκου</span> <span class='ocrx_word' id='word_1_8' title='bbox 150 215 199 241; x_wconf 86' lang='grc' dir='ltr'><strong>τοῦ</strong></span> <span class='ocrx_word' id='word_1_9' title='bbox 226 214 294 242; x_wconf 83' lang='grc' dir='ltr'><strong>Θεοῦ</strong></span> <span class='ocrx_word' id='word_1_10' title='bbox 320 215 355 242; x_wconf 86' lang='grc' dir='ltr'>τὰ</span> <span class='ocrx_word' id='word_1_11' title='bbox 374 215 421 242; x_wconf 84' lang='grc' dir='ltr'><strong>τοῦ</strong></span> <span class='ocrx_word' id='word_1_12' title='bbox 438 215 597 252; x_wconf 78' lang='grc' dir='ltr'>Πνεύματος</span> <span class='ocrx_word' id='word_1_13' title='bbox 620 217 736 253; x_wconf 81' lang='grc' dir='ltr'>διάφορα</span> <span class='ocrx_word' id='word_1_14' title='bbox 760 219 840 255; x_wconf 85' lang='grc' dir='ltr'>χαρί-</span> 
     </span>
    </p>
   </div>
   <div class='ocr_carea' id='block_1_5' title="bbox 896 214 1681 255">
    <p class='ocr_par' dir='ltr' id='par_1_5' title="bbox 896 218 1681 254">
     <span class='ocr_line' id='line_1_5' title="bbox 896 218 1681 254; baseline 0.005 -9"><span class='ocrx_word' id='word_1_15' title='bbox 896 218 949 252; x_wconf 91' lang='lat' dir='ltr'><strong>Dei,</strong></span> <span class='ocrx_word' id='word_1_16' title='bbox 961 219 1100 251; x_wconf 87' lang='lat' dir='ltr'><strong>dicuntur,</strong></span> <span class='ocrx_word' id='word_1_17' title='bbox 1113 219 1220 246; x_wconf 83' lang='lat' dir='ltr'><strong>diversa</strong></span> <span class='ocrx_word' id='word_1_18' title='bbox 1233 219 1352 254; x_wconf 73' lang='lat' dir='ltr'><strong>Spiritus</strong></span> <span class='ocrx_word' id='word_1_19' title='bbox 1365 221 1452 248; x_wconf 85' lang='lat' dir='ltr'><strong>sancti</strong></span> <span class='ocrx_word' id='word_1_20' title='bbox 1467 220 1548 248; x_wconf 87' lang='lat' dir='ltr'><strong>dona.</strong></span> <span class='ocrx_word' id='word_1_21' title='bbox 1562 219 1681 250; x_wconf 89' lang='lat' dir='ltr'><strong>Donmm</strong></span> 
     </span>
    </p>
   </div>
   <div class='ocr_carea' id='block_1_6' title="bbox 45 259 842 300">
    <p class='ocr_par' dir='ltr' id='par_1_6' title="bbox 45 259 842 300">
     <span class='ocr_line' id='line_1_6' title="bbox 45 259 842 300; baseline 0.006 -12"><span class='ocrx_word' id='word_1_22' title='bbox 45 269 152 297; x_wconf 84' lang='grc' dir='ltr'>σματα.</span> <span class='ocrx_word' id='word_1_23' title='bbox 181 259 263 288; x_wconf 84' lang='grc' dir='ltr'>Οῐκον</span> <span class='ocrx_word' id='word_1_24' title='bbox 285 262 315 288; x_wconf 80' lang='grc' dir='ltr'><strong>δὲ</strong></span> <span class='ocrx_word' id='word_1_25' title='bbox 335 262 404 289; x_wconf 83' lang='grc' dir='ltr'>Θεοῦ</span> <span class='ocrx_word' id='word_1_26' title='bbox 426 262 477 298; x_wconf 86' lang='grc' dir='ltr'>τὴν</span> <span class='ocrx_word' id='word_1_27' title='bbox 506 264 667 300; x_wconf 79' lang='grc' dir='ltr'><strong>Ἐκκλησίαν</strong></span> <span class='ocrx_word' id='word_1_28' title='bbox 695 266 710 292; x_wconf 87' lang='grc' dir='ltr'>ὁ</span> <span class='ocrx_word' id='word_1_29' title='bbox 737 266 842 298; x_wconf 90' lang='grc' dir='ltr'>Παῦλος</span> 
     </span>
    </p>
   </div>
   <div class='ocr_carea' id='block_1_7' title="bbox 46 305 840 347">
    <p class='ocr_par' dir='ltr' id='par_1_7' title="bbox 46 305 840 347">
     <span class='ocr_line' id='line_1_7' title="bbox 46 305 840 347; baseline 0.009 -16"><span class='ocrx_word' id='word_1_30' title='bbox 46 305 138 332; x_wconf 82' lang='grc' dir='ltr'>καλεῖ.</span> <span class='ocrx_word' id='word_1_31' title='bbox 161 306 205 332; x_wconf 88' lang='grc' dir='ltr'><strong>Ἐν</strong></span> <span class='ocrx_word' id='word_1_32' title='bbox 218 306 245 332; x_wconf 82' lang='grc' dir='ltr'>δὲ</span> <span class='ocrx_word' id='word_1_33' title='bbox 258 306 345 342; x_wconf 79' lang='grc' dir='ltr'>τούτῳ</span> <span class='ocrx_word' id='word_1_34' title='bbox 359 307 523 343; x_wconf 85' lang='grc' dir='ltr'>θαυμαστῶς</span> <span class='ocrx_word' id='word_1_35' title='bbox 536 309 699 337; x_wconf 77' lang='grc' dir='ltr'><strong>ἐπιτελεῖται</strong></span> <span class='ocrx_word' id='word_1_36' title='bbox 711 312 727 346; x_wconf 82' lang='grc' dir='ltr'>ἡ</span> <span class='ocrx_word' id='word_1_37' title='bbox 745 311 840 347; x_wconf 78' lang='grc' dir='ltr'>ἀρετὴ,</span> 
     </span>
    </p>
   </div>
   <div class='ocr_carea' id='block_1_8' title="bbox 47 350 842 392">
    <p class='ocr_par' dir='ltr' id='par_1_8' title="bbox 47 350 842 392">
     <span class='ocr_line' id='line_1_8' title="bbox 47 350 842 392; baseline 0.01 -16"><span class='ocrx_word' id='word_1_38' title='bbox 47 350 205 387; x_wconf 83' lang='grc' dir='ltr'><strong>καλουμένη</strong></span> <span class='ocrx_word' id='word_1_39' title='bbox 217 351 383 387; x_wconf 80' lang='grc' dir='ltr'><strong>δικαιοσύνη.</strong></span> <span class='ocrx_word' id='word_1_40' title='bbox 405 353 433 379; x_wconf 89' lang='grc' dir='ltr'>Ὁ</span> <span class='ocrx_word' id='word_1_41' title='bbox 445 353 534 380; x_wconf 81' lang='grc' dir='ltr'><strong>τοίνυν</strong></span> <span class='ocrx_word' id='word_1_42' title='bbox 545 355 680 382; x_wconf 84' lang='grc' dir='ltr'><strong>πιστεύων</strong></span> <span class='ocrx_word' id='word_1_43' title='bbox 693 357 739 383; x_wconf 83' lang='grc' dir='ltr'>καὶ</span> <span class='ocrx_word' id='word_1_44' title='bbox 754 357 842 392; x_wconf 80' lang='grc' dir='ltr'><strong>ἔργων</strong></span> 
     </span>
    </p>
   </div>
   <div class='ocr_carea' id='block_1_9' title="bbox 45 395 841 438">
    <p class='ocr_par' dir='ltr' id='par_1_9' title="bbox 45 395 841 438">
     <span class='ocr_line' id='line_1_9' title="bbox 45 395 841 438; baseline 0.006 -16"><span class='ocrx_word' id='word_1_45' title='bbox 45 395 161 430; x_wconf 79' lang='grc' dir='ltr'>ἀγαθῶν</span> <span class='ocrx_word' id='word_1_46' title='bbox 174 396 329 432; x_wconf 73' lang='grc' dir='ltr'><strong>πληρωθεὶς</strong></span> <span class='ocrx_word' id='word_1_47' title='bbox 344 397 401 433; x_wconf 77' lang='grc' dir='ltr'>ἔχει</span> <span class='ocrx_word' id='word_1_48' title='bbox 415 397 461 424; x_wconf 85' lang='grc' dir='ltr'>τὸν</span> <span class='ocrx_word' id='word_1_49' title='bbox 476 398 578 434; x_wconf 78' lang='grc' dir='ltr'><strong>Κύριον</strong></span> <span class='ocrx_word' id='word_1_50' title='bbox 595 401 624 427; x_wconf 83' lang='grc' dir='ltr'>ἐν</span> <span class='ocrx_word' id='word_1_51' title='bbox 640 401 739 437; x_wconf 81' lang='grc' dir='ltr'>ἑαυτῷ.</span> <span class='ocrx_word' id='word_1_52' title='bbox 757 403 841 438; x_wconf 71' lang='grc' dir='ltr'>Εἴρη-</span> 
     </span>
    </p>
   </div>
   <div class='ocr_carea' id='block_1_10' title="bbox 45 443 842 484">
    <p class='ocr_par' dir='ltr' id='par_1_10' title="bbox 45 443 842 484">
     <span class='ocr_line' id='line_1_10' title="bbox 45 443 842 484; baseline 0.009 -15"><span class='ocrx_word' id='word_1_53' title='bbox 45 452 94 470; x_wconf 81' lang='grc' dir='ltr'><strong>ται</strong></span> <span class='ocrx_word' id='word_1_54' title='bbox 111 443 166 478; x_wconf 86' lang='grc' dir='ltr'><strong>γὰρ</strong></span> <span class='ocrx_word' id='word_1_55' title='bbox 181 443 225 469; x_wconf 88' lang='grc' dir='ltr'>διὰ</span> <span class='ocrx_word' id='word_1_56' title='bbox 236 443 286 479; x_wconf 88' lang='grc' dir='ltr'>τῆς</span> <span class='ocrx_word' id='word_1_57' title='bbox 300 443 418 476; x_wconf 83' lang='grc' dir='ltr'>πίστεως</span> <span class='ocrx_word' id='word_1_58' title='bbox 432 448 570 474; x_wconf 81' lang='grc' dir='ltr'><strong>κατοικεῖν</strong></span> <span class='ocrx_word' id='word_1_59' title='bbox 590 448 636 474; x_wconf 86' lang='grc' dir='ltr'>τὸν</span> <span class='ocrx_word' id='word_1_60' title='bbox 659 449 776 484; x_wconf 82' lang='grc' dir='ltr'>Χριστὸν</span> <span class='ocrx_word' id='word_1_61' title='bbox 802 451 842 482; x_wconf 83' lang='grc' dir='ltr'><strong>είς</strong></span> 
     </span>
    </p>
   </div>
   <div class='ocr_carea' id='block_1_11' title="bbox 46 489 839 530">
    <p class='ocr_par' dir='ltr' id='par_1_11' title="bbox 46 489 839 530">
     <span class='ocr_line' id='line_1_11' title="bbox 46 489 839 530; baseline 0.009 -14"><span class='ocrx_word' id='word_1_62' title='bbox 46 490 95 516; x_wconf 79' lang='grc' dir='ltr'><strong>τὸν</strong></span> <span class='ocrx_word' id='word_1_63' title='bbox 109 489 165 516; x_wconf 77' lang='grc' dir='ltr'>ἔσω</span> <span class='ocrx_word' id='word_1_64' title='bbox 174 489 327 525; x_wconf 75' lang='grc' dir='ltr'>ἄνθρωπον,</span> <span class='ocrx_word' id='word_1_65' title='bbox 344 491 393 517; x_wconf 75' lang='grc' dir='ltr'><strong>καὶ</strong></span> <span class='ocrx_word' id='word_1_66' title='bbox 408 492 476 527; x_wconf 82' lang='grc' dir='ltr'>πρὸς</span> <span class='ocrx_word' id='word_1_67' title='bbox 491 493 537 519; x_wconf 85' lang='grc' dir='ltr'><strong>τὸν</strong></span> <span class='ocrx_word' id='word_1_68' title='bbox 549 494 684 530; x_wconf 82' lang='grc' dir='ltr'><strong>τηροῦντα</strong></span> <span class='ocrx_word' id='word_1_69' title='bbox 698 496 744 522; x_wconf 79' lang='grc' dir='ltr'>τὸν</span> <span class='ocrx_word' id='word_1_70' title='bbox 762 496 839 530; x_wconf 84' lang='grc' dir='ltr'>λόγον</span> 
     </span>
    </p>
   </div>
   <div class='ocr_carea' id='block_1_12' title="bbox 46 535 838 574">
    <p class='ocr_par' dir='ltr' id='par_1_12' title="bbox 46 535 838 574">
     <span class='ocr_line' id='line_1_12' title="bbox 46 535 838 574; baseline 0.01 -13"><span class='ocrx_word' id='word_1_71' title='bbox 46 535 133 563; x_wconf 75' lang='grc' dir='ltr'>αὐτοῦ</span> <span class='ocrx_word' id='word_1_72' title='bbox 150 536 220 571; x_wconf 85' lang='grc' dir='ltr'>μετὰ</span> <span class='ocrx_word' id='word_1_73' title='bbox 229 535 276 562; x_wconf 82' lang='grc' dir='ltr'><strong>τοῦ</strong></span> <span class='ocrx_word' id='word_1_74' title='bbox 294 537 400 572; x_wconf 87' lang='grc' dir='ltr'>Πατρὸς</span> <span class='ocrx_word' id='word_1_75' title='bbox 426 538 573 573; x_wconf 80' lang='grc' dir='ltr'><strong>ἐρχόμενος</strong></span> <span class='ocrx_word' id='word_1_76' title='bbox 599 540 682 574; x_wconf 80' lang='grc' dir='ltr'>μονὴν</span> <span class='ocrx_word' id='word_1_77' title='bbox 710 543 838 570; x_wconf 83' lang='grc' dir='ltr'>ποιεῖται,</span> 
     </span>
    </p>
   </div>
   <div class='ocr_carea' id='block_1_13' title="bbox 47 582 838 622">
    <p class='ocr_par' dir='ltr' id='par_1_13' title="bbox 47 582 838 622">
     <span class='ocr_line' id='line_1_13' title="bbox 47 582 838 622; baseline 0.011 -15"><span class='ocrx_word' id='word_1_78' title='bbox 47 583 105 610; x_wconf 79' lang='grc' dir='ltr'><strong>Καὶ</strong></span> <span class='ocrx_word' id='word_1_79' title='bbox 119 582 224 616; x_wconf 88' lang='grc' dir='ltr'>γίνεται</span> <span class='ocrx_word' id='word_1_80' title='bbox 238 583 381 615; x_wconf 82' lang='grc' dir='ltr'>ὀτοιοῦτος</span> <span class='ocrx_word' id='word_1_81' title='bbox 397 584 470 616; x_wconf 83' lang='grc' dir='ltr'>ναὸς,</span> <span class='ocrx_word' id='word_1_82' title='bbox 490 585 571 619; x_wconf 83' lang='grc' dir='ltr'>(κατὰ</span> <span class='ocrx_word' id='word_1_83' title='bbox 589 586 619 612; x_wconf 83' lang='grc' dir='ltr'>τό</span> <span class='ocrx_word' id='word_1_84' title='bbox 629 593 636 600; x_wconf 78' lang='grc'><strong><em>⁸</em></strong></span> <span class='ocrx_word' id='word_1_85' title='bbox 659 588 719 614; x_wconf 81' lang='grc' dir='ltr'><strong>οὐκ</strong></span> <span class='ocrx_word' id='word_1_86' title='bbox 729 588 838 622; x_wconf 74' lang='grc' dir='ltr'>οἴδατε,</span> 
     </span>
    </p>
   </div>
   <div class='ocr_carea' id='block_1_14' title="bbox 47 628 841 670">
    <p class='ocr_par' dir='ltr' id='par_1_14' title="bbox 47 628 841 670">
     <span class='ocr_line' id='line_1_14' title="bbox 47 628 841 670; baseline 0.009 -15"><span class='ocrx_word' id='word_1_87' title='bbox 47 628 93 655; x_wconf 85' lang='grc' dir='ltr'>ὅτι</span> <span class='ocrx_word' id='word_1_88' title='bbox 106 629 181 662; x_wconf 74' lang='grc' dir='ltr'>ναὸς</span> <span class='ocrx_word' id='word_1_89' title='bbox 189 630 264 656; x_wconf 87' lang='grc' dir='ltr'><strong>Θεοῦ</strong></span> <span class='ocrx_word' id='word_1_90' title='bbox 276 630 347 656; x_wconf 81' lang='grc' dir='ltr'>ἐστε</span> <span class='ocrx_word' id='word_1_91' title='bbox 356 631 377 664; x_wconf 90' lang='grc'><strong>;)</strong></span> <span class='ocrx_word' id='word_1_92' title='bbox 398 630 427 662; x_wconf 80' lang='grc' dir='ltr'>ὃς</span> <span class='ocrx_word' id='word_1_93' title='bbox 440 632 486 658; x_wconf 61' lang='grc' dir='ltr'><strong>καὶ⁸</strong></span> <span class='ocrx_word' id='word_1_94' title='bbox 493 631 665 668; x_wconf 81' lang='grc' dir='ltr'>δικαιοσύνην</span> <span class='ocrx_word' id='word_1_95' title='bbox 677 634 841 670; x_wconf 81' lang='grc' dir='ltr'><strong>θαυμαστῶς</strong></span> 
     </span>
    </p>
   </div>
   <div class='ocr_carea' id='block_1_15' title="bbox 47 675 844 717">
    <p class='ocr_par' dir='ltr' id='par_1_15' title="bbox 47 675 844 717">
     <span class='ocr_line' id='line_1_15' title="bbox 47 675 844 717; baseline 0.01 -16"><span class='ocrx_word' id='word_1_96' title='bbox 47 675 188 711; x_wconf 73' lang='grc' dir='ltr'>κατορθοῖ,</span> <span class='ocrx_word' id='word_1_97' title='bbox 198 675 247 711; x_wconf 83' lang='grc' dir='ltr'>τὴν</span> <span class='ocrx_word' id='word_1_98' title='bbox 259 676 303 703; x_wconf 78' lang='grc' dir='ltr'><strong>διὰ</strong></span> <span class='ocrx_word' id='word_1_99' title='bbox 318 677 436 709; x_wconf 84' lang='grc' dir='ltr'>πίστεως</span> <span class='ocrx_word' id='word_1_100' title='bbox 452 679 659 715; x_wconf 79' lang='grc' dir='ltr'>συνισταμένην.</span> <span class='ocrx_word' id='word_1_101' title='bbox 675 681 768 715; x_wconf 73' lang='grc' dir='ltr'>’Ἄγιος</span> <span class='ocrx_word' id='word_1_102' title='bbox 784 683 844 717; x_wconf 81' lang='grc' dir='ltr'><strong>μὲν-</strong></span> 
     </span>
    </p>
   </div>
   <div class='ocr_carea' id='block_1_16' title="bbox 47 722 843 762">
    <p class='ocr_par' dir='ltr' id='par_1_16' title="bbox 47 722 843 762">
     <span class='ocr_line' id='line_1_16' title="bbox 47 722 843 762; baseline 0.009 -14"><span class='ocrx_word' id='word_1_103' title='bbox 47 730 90 748; x_wconf 83' lang='grc' dir='ltr'><strong>τοι</strong></span> <span class='ocrx_word' id='word_1_104' title='bbox 106 722 181 749; x_wconf 70' lang='grc' dir='ltr'>ἐστὶν</span> <span class='ocrx_word' id='word_1_105' title='bbox 198 722 237 754; x_wconf 82' lang='grc' dir='ltr'>ὡς</span> <span class='ocrx_word' id='word_1_106' title='bbox 253 722 381 758; x_wconf 76' lang='grc' dir='ltr'>καθαρὸς,</span> <span class='ocrx_word' id='word_1_107' title='bbox 397 723 553 758; x_wconf 82' lang='grc' dir='ltr'>θαυμαστὸς</span> <span class='ocrx_word' id='word_1_108' title='bbox 571 724 600 751; x_wconf 80' lang='grc' dir='ltr'><strong>δὲ</strong></span> <span class='ocrx_word' id='word_1_109' title='bbox 621 726 668 752; x_wconf 77' lang='grc' dir='ltr'><strong>ἐπὶ</strong></span> <span class='ocrx_word' id='word_1_110' title='bbox 691 728 725 762; x_wconf 86' lang='grc' dir='ltr'><strong>τῇ</strong></span> <span class='ocrx_word' id='word_1_111' title='bbox 741 727 843 755; x_wconf 84' lang='grc' dir='ltr'>δικαιο-</span> 
     </span>
    </p>
   </div>
   <div class='ocr_carea' id='block_1_17' title="bbox 45 767 129 805">
    <p class='ocr_par' dir='ltr' id='par_1_17' title="bbox 45 767 129 805">
     <span class='ocr_line' id='line_1_17' title="bbox 45 767 129 805; baseline 0.012 -13"><span class='ocrx_word' id='word_1_112' title='bbox 45 767 129 805; x_wconf 79' lang='grc' dir='ltr'>σύνῃ.</span> 
     </span>
    </p>
   </div>
   <div class='ocr_carea' id='block_1_18' title="bbox 892 263 1683 300">
    <p class='ocr_par' dir='ltr' id='par_1_18' title="bbox 892 263 1683 300">
     <span class='ocr_line' id='line_1_18' title="bbox 892 263 1683 300; baseline 0.003 -8"><span class='ocrx_word' id='word_1_113' title='bbox 892 268 982 292; x_wconf 86' lang='lat' dir='ltr'><strong>autem</strong></span> <span class='ocrx_word' id='word_1_114' title='bbox 999 263 1045 292; x_wconf 87' lang='lat' dir='ltr'><strong>Dei</strong></span> <span class='ocrx_word' id='word_1_115' title='bbox 1063 269 1144 292; x_wconf 84' lang='lat' dir='ltr'><strong>vocat</strong></span> <span class='ocrx_word' id='word_1_116' title='bbox 1162 264 1263 292; x_wconf 79' lang='lat' dir='ltr'><strong>Paulus</strong></span> <span class='ocrx_word' id='word_1_117' title='bbox 1284 266 1371 300; x_wconf 87' lang='lat' dir='ltr'><strong>ipsam</strong></span> <span class='ocrx_word' id='word_1_118' title='bbox 1398 265 1559 294; x_wconf 78' lang='lat' dir='ltr'><strong>Ecclesiam.</strong></span> <span class='ocrx_word' id='word_1_119' title='bbox 1577 263 1608 294; x_wconf 79' lang='lat' dir='ltr'><strong>Iti</strong></span> <span class='ocrx_word' id='word_1_120' title='bbox 1632 267 1683 295; x_wconf 88' lang='lat' dir='ltr'><strong>hac</strong></span> 
     </span>
    </p>
   </div>
   <div class='ocr_carea' id='block_1_19' title="bbox 890 310 1682 346">
    <p class='ocr_par' dir='ltr' id='par_1_19' title="bbox 890 310 1682 346">
     <span class='ocr_line' id='line_1_19' title="bbox 890 310 1682 346; baseline 0.004 -10"><span class='ocrx_word' id='word_1_121' title='bbox 890 317 955 337; x_wconf 89' lang='lat' dir='ltr'><strong>vero</strong></span> <span class='ocrx_word' id='word_1_122' title='bbox 980 310 1062 336; x_wconf 88' lang='lat' dir='ltr'><strong>domn</strong></span> <span class='ocrx_word' id='word_1_123' title='bbox 1088 310 1249 337; x_wconf 76' lang='lat' dir='ltr'><strong>mirabiliter</strong></span> <span class='ocrx_word' id='word_1_124' title='bbox 1270 311 1409 345; x_wconf 81' lang='lat' dir='ltr'><strong>perﬁcitur</strong></span> <span class='ocrx_word' id='word_1_125' title='bbox 1426 312 1513 339; x_wconf 90' lang='lat' dir='ltr'><strong>virtus</strong></span> <span class='ocrx_word' id='word_1_126' title='bbox 1539 312 1594 344; x_wconf 86' lang='lat' dir='ltr'><strong>illa,</strong></span> <span class='ocrx_word' id='word_1_127' title='bbox 1620 321 1682 346; x_wconf 78' lang='lat' dir='ltr'><strong>qua:</strong></span> 
     </span>
    </p>
   </div>
   <div class='ocr_carea' id='block_1_20' title="bbox 891 355 1682 393">
    <p class='ocr_par' dir='ltr' id='par_1_20' title="bbox 891 355 1682 393">
     <span class='ocr_line' id='line_1_20' title="bbox 891 355 1682 393; baseline 0.001 -11"><span class='ocrx_word' id='word_1_128' title='bbox 891 355 1044 390; x_wconf 86' lang='lat' dir='ltr'><strong>appellatur</strong></span> <span class='ocrx_word' id='word_1_129' title='bbox 1062 356 1179 390; x_wconf 74' lang='lat' dir='ltr'><strong>iustitia.</strong></span> <span class='ocrx_word' id='word_1_130' title='bbox 1194 355 1245 388; x_wconf 88' lang='lat' dir='ltr'><strong>Qui</strong></span> <span class='ocrx_word' id='word_1_131' title='bbox 1264 356 1346 392; x_wconf 79' lang='lat' dir='ltr'><strong>igitur</strong></span> <span class='ocrx_word' id='word_1_132' title='bbox 1361 358 1458 391; x_wconf 87' lang='lat' dir='ltr'><strong>credit,</strong></span> <span class='ocrx_word' id='word_1_133' title='bbox 1475 366 1506 385; x_wconf 91' lang='lat' dir='ltr'><strong>ac</strong></span> <span class='ocrx_word' id='word_1_134' title='bbox 1522 358 1601 385; x_wconf 84' lang='lat' dir='ltr'><strong>bonis</strong></span> <span class='ocrx_word' id='word_1_135' title='bbox 1618 366 1682 393; x_wconf 68' lang='lat' dir='ltr'><strong>ope-</strong></span> 
     </span>
    </p>
   </div>
   <div class='ocr_carea' id='block_1_21' title="bbox 891 402 1682 439">
    <p class='ocr_par' dir='ltr' id='par_1_21' title="bbox 891 402 1682 439">
     <span class='ocr_line' id='line_1_21' title="bbox 891 402 1682 439; baseline 0.003 -10"><span class='ocrx_word' id='word_1_136' title='bbox 891 402 968 429; x_wconf 83' lang='lat' dir='ltr'><strong>ribus</strong></span> <span class='ocrx_word' id='word_1_137' title='bbox 979 402 1109 432; x_wconf 79' lang='lat' dir='ltr'><strong>abundat,</strong></span> <span class='ocrx_word' id='word_1_138' title='bbox 1125 402 1147 428; x_wconf 88' lang='lat' dir='ltr'><strong>is</strong></span> <span class='ocrx_word' id='word_1_139' title='bbox 1164 402 1244 429; x_wconf 88' lang='lat' dir='ltr'><strong>habet</strong></span> <span class='ocrx_word' id='word_1_140' title='bbox 1255 402 1397 430; x_wconf 81' lang='lat' dir='ltr'><strong>Dominum</strong></span> <span class='ocrx_word' id='word_1_141' title='bbox 1414 404 1440 430; x_wconf 93' lang='lat' dir='ltr'><strong>in</strong></span> <span class='ocrx_word' id='word_1_142' title='bbox 1456 405 1556 439; x_wconf 81' lang='lat' dir='ltr'><strong>seipse.</strong></span> <span class='ocrx_word' id='word_1_143' title='bbox 1573 404 1682 431; x_wconf 83' lang='lat' dir='ltr'><strong>Dictum</strong></span> 
     </span>
    </p>
   </div>
   <div class='ocr_carea' id='block_1_22' title="bbox 892 447 1683 482">
    <p class='ocr_par' dir='ltr' id='par_1_22' title="bbox 892 447 1683 482">
     <span class='ocr_line' id='line_1_22' title="bbox 892 447 1683 482; baseline 0.004 -9"><span class='ocrx_word' id='word_1_144' title='bbox 892 455 1009 482; x_wconf 88' lang='lat' dir='ltr'><strong>namque</strong></span> <span class='ocrx_word' id='word_1_145' title='bbox 1026 452 1067 474; x_wconf 87' lang='lat' dir='ltr'><strong>est</strong></span> <span class='ocrx_word' id='word_1_146' title='bbox 1083 447 1158 479; x_wconf 82' lang='lat' dir='ltr'><strong>alibi,</strong></span> <span class='ocrx_word' id='word_1_147' title='bbox 1180 448 1252 482; x_wconf 88' lang='lat' dir='ltr'><strong>quod</strong></span> <span class='ocrx_word' id='word_1_148' title='bbox 1267 447 1392 475; x_wconf 67' lang='lat' dir='ltr'><strong>Christus</strong></span> <span class='ocrx_word' id='word_1_149' title='bbox 1410 448 1513 476; x_wconf 88' lang='lat' dir='ltr'><strong>habitet</strong></span> <span class='ocrx_word' id='word_1_150' title='bbox 1528 449 1555 476; x_wconf 90' lang='lat' dir='ltr'><strong>in</strong></span> <span class='ocrx_word' id='word_1_151' title='bbox 1572 450 1683 476; x_wconf 85' lang='lat' dir='ltr'><strong>homine</strong></span> 
     </span>
    </p>
   </div>
   <div class='ocr_carea' id='block_1_23' title="bbox 893 492 1682 527">
    <p class='ocr_par' dir='ltr' id='par_1_23' title="bbox 893 492 1682 527">
     <span class='ocr_line' id='line_1_23' title="bbox 893 492 1682 527; baseline 0.004 -8"><span class='ocrx_word' id='word_1_152' title='bbox 893 492 1020 520; x_wconf 84' lang='lat' dir='ltr'><strong>interiore</strong></span> <span class='ocrx_word' id='word_1_153' title='bbox 1036 501 1083 527; x_wconf 66' lang='lat' dir='ltr'><strong>per</strong></span> <span class='ocrx_word' id='word_1_154' title='bbox 1097 492 1175 519; x_wconf 86' lang='lat' dir='ltr'><strong>fidem</strong></span> <span class='ocrx_word' id='word_1_155' title='bbox 1190 497 1232 519; x_wconf 67' lang='grc' dir='ltr'>ιρι</span> <span class='ocrx_word' id='word_1_156' title='bbox 1243 494 1314 527; x_wconf 90' lang='lat' dir='ltr'><strong>quod</strong></span> <span class='ocrx_word' id='word_1_157' title='bbox 1327 499 1459 521; x_wconf 72' lang='lat' dir='ltr'><strong>venturus</strong></span> <span class='ocrx_word' id='word_1_158' title='bbox 1474 495 1508 521; x_wconf 79' lang='lat' dir='ltr'><strong>sit</strong></span> <span class='ocrx_word' id='word_1_159' title='bbox 1524 502 1585 521; x_wconf 91' lang='lat' dir='ltr'><strong>cum</strong></span> <span class='ocrx_word' id='word_1_160' title='bbox 1601 494 1682 522; x_wconf 87' lang='lat' dir='ltr'><strong>Patre</strong></span> 
     </span>
    </p>
   </div>
   <div class='ocr_carea' id='block_1_24' title="bbox 893 539 1682 573">
    <p class='ocr_par' dir='ltr' id='par_1_24' title="bbox 893 539 1682 573">
     <span class='ocr_line' id='line_1_24' title="bbox 893 539 1682 573; baseline 0.003 -8"><span class='ocrx_word' id='word_1_161' title='bbox 893 539 926 566; x_wconf 87' lang='lat' dir='ltr'><strong>ad</strong></span> <span class='ocrx_word' id='word_1_162' title='bbox 942 547 1003 565; x_wconf 78' lang='lat' dir='ltr'><strong>eum</strong></span> <span class='ocrx_word' id='word_1_163' title='bbox 1022 539 1067 572; x_wconf 91' lang='lat' dir='ltr'><strong>qui</strong></span> <span class='ocrx_word' id='word_1_164' title='bbox 1083 547 1238 566; x_wconf 77' lang='lat' dir='ltr'><strong>sermonem</strong></span> <span class='ocrx_word' id='word_1_165' title='bbox 1261 539 1321 573; x_wconf 83' lang='lat' dir='ltr'><strong>ejus</strong></span> <span class='ocrx_word' id='word_1_166' title='bbox 1341 545 1441 569; x_wconf 69' lang='lat' dir='ltr'><strong>seri-at.</strong></span> <span class='ocrx_word' id='word_1_167' title='bbox 1458 547 1489 566; x_wconf 82' lang='lat' dir='ltr'><strong>ac</strong></span> <span class='ocrx_word' id='word_1_168' title='bbox 1510 540 1682 568; x_wconf 75' lang='lat' dir='ltr'><strong>mansionem</strong></span> 
     </span>
    </p>
   </div>
   <div class='ocr_carea' id='block_1_25' title="bbox 895 584 1682 619">
    <p class='ocr_par' dir='ltr' id='par_1_25' title="bbox 895 584 1682 619">
     <span class='ocr_line' id='line_1_25' title="bbox 895 584 1682 619; baseline 0.003 -8"><span class='ocrx_word' id='word_1_169' title='bbox 895 585 965 619; x_wconf 84' lang='lat' dir='ltr'><strong>apud</strong></span> <span class='ocrx_word' id='word_1_170' title='bbox 986 584 1075 619; x_wconf 79' lang='lat' dir='ltr'><strong>ipsum</strong></span> <span class='ocrx_word' id='word_1_171' title='bbox 1093 585 1226 611; x_wconf 82' lang='lat' dir='ltr'><strong>facturus.</strong></span> <span class='ocrx_word' id='word_1_172' title='bbox 1242 585 1331 619; x_wconf 84' lang='lat' dir='ltr'><strong>Atque</strong></span> <span class='ocrx_word' id='word_1_173' title='bbox 1346 585 1381 612; x_wconf 90' lang='lat' dir='ltr'><strong>ita</strong></span> <span class='ocrx_word' id='word_1_174' title='bbox 1395 586 1424 612; x_wconf 91' lang='lat' dir='ltr'><strong>fit</strong></span> <span class='ocrx_word' id='word_1_175' title='bbox 1440 585 1483 612; x_wconf 91' lang='lat' dir='ltr'><strong>hic</strong></span> <span class='ocrx_word' id='word_1_176' title='bbox 1501 586 1561 612; x_wconf 88' lang='lat' dir='ltr'><strong>talis</strong></span> <span class='ocrx_word' id='word_1_177' title='bbox 1583 587 1682 614; x_wconf 87' lang='lat' dir='ltr'><strong>domus</strong></span> 
     </span>
    </p>
   </div>
   <div class='ocr_carea' id='block_1_26' title="bbox 894 630 1684 667">
    <p class='ocr_par' dir='ltr' id='par_1_26' title="bbox 894 630 1684 667">
     <span class='ocr_line' id='line_1_26' title="bbox 894 630 1684 667; baseline 0.001 -10"><span class='ocrx_word' id='word_1_178' title='bbox 894 630 962 658; x_wconf 83' lang='lat' dir='ltr'><strong>Dei:</strong></span> <span class='ocrx_word' id='word_1_179' title='bbox 980 631 1150 664; x_wconf 87' lang='lat' dir='ltr'><strong>(secundum</strong></span> <span class='ocrx_word' id='word_1_180' title='bbox 1174 631 1237 658; x_wconf 84' lang='lat' dir='ltr'><strong>illm]</strong></span> <span class='ocrx_word' id='word_1_181' title='bbox 1253 641 1259 658; x_wconf 83' lang='lat'>:</span> <span class='ocrx_word' id='word_1_182' title='bbox 1280 631 1396 659; x_wconf 77' lang='lat' dir='ltr'><strong>Nescitis</strong></span> <span class='ocrx_word' id='word_1_183' title='bbox 1417 633 1540 666; x_wconf 83' lang='lat' dir='ltr'><strong>quoniam</strong></span> <span class='ocrx_word' id='word_1_184' title='bbox 1557 634 1684 667; x_wconf 82' lang='lat' dir='ltr'><strong>templum</strong></span> 
     </span>
    </p>
   </div>
   <div class='ocr_carea' id='block_1_27' title="bbox 895 675 1684 713">
    <p class='ocr_par' dir='ltr' id='par_1_27' title="bbox 895 675 1684 713">
     <span class='ocr_line' id='line_1_27' title="bbox 895 675 1684 713; baseline 0.003 -11"><span class='ocrx_word' id='word_1_185' title='bbox 895 675 944 702; x_wconf 81' lang='lat' dir='ltr'><strong>Dei</strong></span> <span class='ocrx_word' id='word_1_186' title='bbox 958 676 1054 703; x_wconf 75' lang='lat' dir='ltr'><strong>estis&quot;</strong></span> <span class='ocrx_word' id='word_1_187' title='bbox 1065 677 1093 712; x_wconf 87' lang='lat'><strong>?)</strong></span> <span class='ocrx_word' id='word_1_188' title='bbox 1110 677 1156 711; x_wconf 86' lang='lat' dir='ltr'><strong>qui</strong></span> <span class='ocrx_word' id='word_1_189' title='bbox 1174 678 1255 704; x_wconf 86' lang='lat' dir='ltr'><strong>ctiam</strong></span> <span class='ocrx_word' id='word_1_190' title='bbox 1273 677 1436 704; x_wconf 73' lang='lat' dir='ltr'><strong>mirabiliter</strong></span> <span class='ocrx_word' id='word_1_191' title='bbox 1459 683 1586 712; x_wconf 81' lang='lat' dir='ltr'><strong>operatur</strong></span> <span class='ocrx_word' id='word_1_192' title='bbox 1601 678 1684 713; x_wconf 82' lang='lat' dir='ltr'><strong>justi—</strong></span> 
     </span>
    </p>
   </div>
   <div class='ocr_carea' id='block_1_28' title="bbox 894 722 1683 758">
    <p class='ocr_par' dir='ltr' id='par_1_28' title="bbox 894 722 1683 758">
     <span class='ocr_line' id='line_1_28' title="bbox 894 722 1683 758; baseline 0.004 -10"><span class='ocrx_word' id='word_1_193' title='bbox 894 723 970 754; x_wconf 85' lang='lat' dir='ltr'><strong>tiam,</strong></span> <span class='ocrx_word' id='word_1_194' title='bbox 987 723 1072 754; x_wconf 85' lang='lat' dir='ltr'><strong>illaut,</strong></span> <span class='ocrx_word' id='word_1_195' title='bbox 1095 724 1216 758; x_wconf 80' lang='lat' dir='ltr'><strong>inquam,</strong></span> <span class='ocrx_word' id='word_1_196' title='bbox 1234 732 1294 756; x_wconf 65' lang='lat' dir='ltr'><strong>qum</strong></span> <span class='ocrx_word' id='word_1_197' title='bbox 1311 731 1357 757; x_wconf 89' lang='lat' dir='ltr'><strong>per</strong></span> <span class='ocrx_word' id='word_1_198' title='bbox 1372 723 1451 749; x_wconf 69' lang='lat' dir='ltr'><strong>fidem</strong></span> <span class='ocrx_word' id='word_1_199' title='bbox 1473 724 1588 751; x_wconf 76' lang='lat' dir='ltr'><strong>chislit.</strong></span> <span class='ocrx_word' id='word_1_200' title='bbox 1612 722 1683 751; x_wconf 83' lang='lat' dir='ltr'><strong>San-</strong></span> 
     </span>
    </p>
   </div>
   <div class='ocr_carea' id='block_1_29' title="bbox 894 767 1684 803">
    <p class='ocr_par' dir='ltr' id='par_1_29' title="bbox 894 767 1684 803">
     <span class='ocr_line' id='line_1_29' title="bbox 894 767 1684 803; baseline 0.003 -10"><span class='ocrx_word' id='word_1_201' title='bbox 894 772 955 794; x_wconf 88' lang='lat' dir='ltr'><strong>ctus</strong></span> <span class='ocrx_word' id='word_1_202' title='bbox 974 767 1055 801; x_wconf 78' lang='lat' dir='ltr'><strong>igitur</strong></span> <span class='ocrx_word' id='word_1_203' title='bbox 1070 773 1121 799; x_wconf 84' lang='lat' dir='ltr'><strong>est,</strong></span> <span class='ocrx_word' id='word_1_204' title='bbox 1138 768 1201 802; x_wconf 88' lang='lat' dir='ltr'><strong>quia</strong></span> <span class='ocrx_word' id='word_1_205' title='bbox 1222 775 1306 803; x_wconf 84' lang='lat' dir='ltr'><strong>purus</strong></span> <span class='ocrx_word' id='word_1_206' title='bbox 1320 777 1327 800; x_wconf 87' lang='lat'><strong>;</strong></span> <span class='ocrx_word' id='word_1_207' title='bbox 1344 767 1478 795; x_wconf 82' lang='lat' dir='ltr'><strong>mirabilis</strong></span> <span class='ocrx_word' id='word_1_208' title='bbox 1495 775 1560 795; x_wconf 77' lang='lat' dir='ltr'><strong>vero</strong></span> <span class='ocrx_word' id='word_1_209' title='bbox 1576 774 1684 803; x_wconf 81' lang='lat' dir='ltr'><strong>propter</strong></span> 
     </span>
    </p>
   </div>
   <div class='ocr_carea' id='block_1_30' title="bbox 891 812 1405 847">
    <p class='ocr_par' dir='ltr' id='par_1_30' title="bbox 891 812 1405 847">
     <span class='ocr_line' id='line_1_30' title="bbox 891 812 1405 847; baseline 0.008 -8"><span class='ocrx_word' id='word_1_210' title='bbox 891 812 1037 847; x_wconf 86' lang='lat' dir='ltr'><strong>justitiam.</strong></span> <span class='ocrx_word' id='word_1_211' title='bbox 1403 819 1405 821; x_wconf 88' lang='lat'>&#39;</span> 
     </span>
    </p>
   </div>
   <div class='ocr_carea' id='block_1_31' title="bbox 130 854 1613 905">
    <p class='ocr_par' dir='ltr' id='par_1_31' title="bbox 130 854 1613 905">
     <span class='ocr_line' id='line_1_31' title="bbox 130 854 1613 905; baseline 0.011 -24"><span class='ocrx_word' id='word_1_212' title='bbox 130 854 166 882; x_wconf 84' lang='lat' dir='ltr'><strong>Et</strong></span> <span class='ocrx_word' id='word_1_213' title='bbox 186 855 216 882; x_wconf 90' lang='lat' dir='ltr'><strong>in</strong></span> <span class='ocrx_word' id='word_1_214' title='bbox 233 855 351 890; x_wconf 77' lang='lat' dir='ltr'><strong>ejusdem</strong></span> <span class='ocrx_word' id='word_1_215' title='bbox 361 856 459 891; x_wconf 76' lang='lat' dir='ltr'><strong>psalmi</strong></span> <span class='ocrx_word' id='word_1_216' title='bbox 470 858 548 885; x_wconf 76' lang='lat' dir='ltr'><strong>verba</strong></span> <span class='ocrx_word' id='word_1_217' title='bbox 563 866 572 885; x_wconf 87' lang='lat'><strong>.&#39;</strong></span> <span class='ocrx_word' id='word_1_218' title='bbox 589 868 600 884; x_wconf 73' lang='grc' dir='ltr'><strong>ι</strong></span> <span class='ocrx_word' id='word_1_219' title='bbox 619 859 672 892; x_wconf 78' lang='lat' dir='ltr'><strong>Qui</strong></span> <span class='ocrx_word' id='word_1_220' title='bbox 682 869 817 897; x_wconf 78' lang='lat' dir='ltr'><strong>pra-parat</strong></span> <span class='ocrx_word' id='word_1_221' title='bbox 832 873 946 899; x_wconf 85' lang='lat' dir='ltr'><strong>montes,</strong></span> <span class='ocrx_word' id='word_1_222' title='bbox 965 878 975 895; x_wconf 63' lang='grc' dir='ltr'><strong>θ</strong></span> <span class='ocrx_word' id='word_1_223' title='bbox 993 874 1055 899; x_wconf 72' lang='grc' dir='ltr'>εις..</span> <span class='ocrx_word' id='word_1_224' title='bbox 1069 877 1093 898; x_wconf 88' lang='grc' dir='ltr'><strong>υ,</strong></span> <span class='ocrx_word' id='word_1_225' title='bbox 1109 870 1136 896; x_wconf 90' lang='grc'><strong>7.</strong></span> <span class='ocrx_word' id='word_1_226' title='bbox 1160 869 1292 897; x_wconf 77' lang='lat' dir='ltr'><strong>Similiter</strong></span> <span class='ocrx_word' id='word_1_227' title='bbox 1308 871 1447 905; x_wconf 67' lang='lat' dir='ltr'><strong>praemissa</strong></span> <span class='ocrx_word' id='word_1_228' title='bbox 1460 870 1613 898; x_wconf 69' lang='lat' dir='ltr'><strong>Theodoreti</strong></span> 
     </span>
    </p>
   </div>
   <div class='ocr_carea' id='block_1_32' title="bbox 537 907 1181 947">
    <p class='ocr_par' dir='ltr' id='par_1_32' title="bbox 537 907 1181 947">
     <span class='ocr_line' id='line_1_32' title="bbox 537 907 1181 947; baseline 0.019 -16"><span class='ocrx_word' id='word_1_229' title='bbox 537 907 682 940; x_wconf 75' lang='lat' dir='ltr'><strong>sententia,</strong></span> <span class='ocrx_word' id='word_1_230' title='bbox 708 910 969 944; x_wconf 72' lang='lat' dir='ltr'><strong>subjectoAt/zanasii</strong></span> <span class='ocrx_word' id='word_1_231' title='bbox 982 916 1099 947; x_wconf 83' lang='lat' dir='ltr'><strong>nomine,</strong></span> <span class='ocrx_word' id='word_1_232' title='bbox 1121 916 1158 942; x_wconf 80' lang='lat' dir='ltr'><strong>ait</strong></span> <span class='ocrx_word' id='word_1_233' title='bbox 1172 924 1181 942; x_wconf 87' lang='lat'><em>:</em></span> 
     </span>
    </p>
   </div>
   <div class='ocr_carea' id='block_1_33' title="bbox 82 958 841 1002">
    <p class='ocr_par' dir='ltr' id='par_1_33' title="bbox 82 958 838 1002">
     <span class='ocr_line' id='line_1_33' title="bbox 82 958 838 1002; baseline 0.015 -19"><span class='ocrx_word' id='word_1_234' title='bbox 82 959 156 994; x_wconf 76' lang='grc' dir='ltr'>Πρὸς</span> <span class='ocrx_word' id='word_1_235' title='bbox 169 958 198 985; x_wconf 77' lang='grc' dir='ltr'><strong>δὲ</strong></span> <span class='ocrx_word' id='word_1_236' title='bbox 212 958 348 986; x_wconf 76' lang='grc' dir='ltr'>διάνοιαν·</span> <span class='ocrx_word' id='word_1_237' title='bbox 364 959 411 991; x_wconf 81' lang='grc' dir='ltr'><strong>Σὺ,</strong></span> <span class='ocrx_word' id='word_1_238' title='bbox 430 960 522 995; x_wconf 74' lang='grc' dir='ltr'>φησὶν,</span> <span class='ocrx_word' id='word_1_239' title='bbox 539 959 561 987; x_wconf 78' lang='grc' dir='ltr'>,ἶ</span> <span class='ocrx_word' id='word_1_240' title='bbox 575 962 589 988; x_wconf 78' lang='grc' dir='ltr'><strong>ὁ</strong></span> <span class='ocrx_word' id='word_1_241' title='bbox 610 963 644 990; x_wconf 81' lang='grc' dir='ltr'>τὰ</span> <span class='ocrx_word' id='word_1_242' title='bbox 667 964 729 1000; x_wconf 76' lang='grc' dir='ltr'>ὅρη.</span> <span class='ocrx_word' id='word_1_243' title='bbox 754 967 838 1002; x_wconf 73' lang='grc' dir='ltr'>ἦγουν</span> 
     </span>
    </p>
   </div>
   <div class='ocr_carea' id='block_1_34' title="bbox 896 958 1685 1002">
    <p class='ocr_par' dir='ltr' id='par_1_34' title="bbox 927 960 1685 997">
     <span class='ocr_line' id='line_1_34' title="bbox 927 960 1685 997; baseline 0.008 -11"><span class='ocrx_word' id='word_1_244' title='bbox 927 960 967 986; x_wconf 77' lang='grc' dir='ltr'>Διί</span> <span class='ocrx_word' id='word_1_245' title='bbox 981 965 1096 988; x_wconf 71' lang='lat' dir='ltr'><strong>utentem</strong></span> <span class='ocrx_word' id='word_1_246' title='bbox 1114 969 1176 987; x_wconf 78' lang='lat' dir='ltr'><strong>rem</strong></span> <span class='ocrx_word' id='word_1_247' title='bbox 1192 972 1197 988; x_wconf 95' lang='lat'><strong>:</strong></span> <span class='ocrx_word' id='word_1_248' title='bbox 1213 961 1263 993; x_wconf 87' lang='lat' dir='ltr'><strong>Tu,</strong></span> <span class='ocrx_word' id='word_1_249' title='bbox 1275 961 1373 996; x_wconf 88' lang='lat' dir='ltr'><strong>inquit,</strong></span> <span class='ocrx_word' id='word_1_250' title='bbox 1385 969 1425 994; x_wconf 89' lang='lat' dir='ltr'><strong>es,</strong></span> <span class='ocrx_word' id='word_1_251' title='bbox 1441 963 1487 997; x_wconf 88' lang='lat' dir='ltr'><strong>qui</strong></span> <span class='ocrx_word' id='word_1_252' title='bbox 1505 969 1620 994; x_wconf 86' lang='lat' dir='ltr'><strong>montes.</strong></span> <span class='ocrx_word' id='word_1_253' title='bbox 1634 965 1685 993; x_wconf 82' lang='lat' dir='ltr'><strong>hoc</strong></span> 
     </span>
    </p>
   </div>
   <div class='ocr_carea' id='block_1_35' title="bbox 45 1005 840 1049">
    <p class='ocr_par' dir='ltr' id='par_1_35' title="bbox 45 1005 840 1049">
     <span class='ocr_line' id='line_1_35' title="bbox 45 1005 840 1049; baseline 0.003 -16"><span class='ocrx_word' id='word_1_254' title='bbox 45 1006 97 1037; x_wconf 72' lang='grc' dir='ltr'><strong>τὰς</strong></span> <span class='ocrx_word' id='word_1_255' title='bbox 109 1005 304 1040; x_wconf 78' lang='grc' dir='ltr'>ἀντικειμένας</span> <span class='ocrx_word' id='word_1_256' title='bbox 317 1005 456 1041; x_wconf 79' lang='grc' dir='ltr'>δυνάμεις,</span> <span class='ocrx_word' id='word_1_257' title='bbox 477 1007 630 1042; x_wconf 77' lang='grc' dir='ltr'>ὲτοιμάζων</span> <span class='ocrx_word' id='word_1_258' title='bbox 642 1011 683 1042; x_wconf 77' lang='grc' dir='ltr'><strong>εἰς</strong></span> <span class='ocrx_word' id='word_1_259' title='bbox 704 1014 840 1049; x_wconf 82' lang='grc' dir='ltr'>τιμωρίαν</span> 
     </span>
    </p>
   </div>
   <div class='ocr_carea' id='block_1_36' title="bbox 49 1050 840 1089">
    <p class='ocr_par' dir='ltr' id='par_1_36' title="bbox 49 1050 840 1089">
     <span class='ocr_line' id='line_1_36' title="bbox 49 1050 840 1089; baseline 0.015 -15"><span class='ocrx_word' id='word_1_260' title='bbox 49 1051 233 1087; x_wconf 74' lang='grc' dir='ltr'><strong>(ἡτοίμασται</strong></span> <span class='ocrx_word' id='word_1_261' title='bbox 257 1050 312 1086; x_wconf 77' lang='grc' dir='ltr'><strong>γὰρ</strong></span> <span class='ocrx_word' id='word_1_262' title='bbox 344 1051 440 1084; x_wconf 83' lang='grc' dir='ltr'>αὑταῖς</span> <span class='ocrx_word' id='word_1_263' title='bbox 475 1053 491 1089; x_wconf 82' lang='grc' dir='ltr'>ὴ</span> <span class='ocrx_word' id='word_1_264' title='bbox 517 1052 668 1086; x_wconf 73' lang='grc' dir='ltr'>ἄδυσσος)·</span> <span class='ocrx_word' id='word_1_265' title='bbox 701 1057 779 1084; x_wconf 80' lang='grc' dir='ltr'>τοῦτο</span> <span class='ocrx_word' id='word_1_266' title='bbox 811 1059 840 1086; x_wconf 80' lang='grc' dir='ltr'><strong>δὲ</strong></span> 
     </span>
    </p>
   </div>
   <div class='ocr_carea' id='block_1_37' title="bbox 48 1097 378 1133">
    <p class='ocr_par' dir='ltr' id='par_1_37' title="bbox 48 1097 378 1133">
     <span class='ocr_line' id='line_1_37' title="bbox 48 1097 378 1133; baseline -0.003 -9"><span class='ocrx_word' id='word_1_267' title='bbox 48 1101 184 1133; x_wconf 70' lang='grc' dir='ltr'>ποιήσεις,</span> <span class='ocrx_word' id='word_1_268' title='bbox 202 1097 316 1129; x_wconf 84' lang='grc' dir='ltr'>δυνατὸς</span> <span class='ocrx_word' id='word_1_269' title='bbox 330 1097 366 1123; x_wconf 78' lang='grc' dir='ltr'>ὢν</span> <span class='ocrx_word' id='word_1_270' title='bbox 372 1118 378 1126; x_wconf 92' lang='grc'>.</span> 
     </span>
    </p>
   </div>
   <div class='ocr_carea' id='block_1_38' title="bbox 894 1005 1683 1043">
    <p class='ocr_par' dir='ltr' id='par_1_38' title="bbox 894 1005 1683 1043">
     <span class='ocr_line' id='line_1_38' title="bbox 894 1005 1683 1043; baseline 0.006 -12"><span class='ocrx_word' id='word_1_271' title='bbox 894 1010 937 1032; x_wconf 88' lang='lat' dir='ltr'><strong>est</strong></span> <span class='ocrx_word' id='word_1_272' title='bbox 960 1005 1130 1033; x_wconf 84' lang='lat' dir='ltr'><strong>adversarias</strong></span> <span class='ocrx_word' id='word_1_273' title='bbox 1156 1012 1312 1041; x_wconf 76' lang='lat' dir='ltr'><strong>potestates,</strong></span> <span class='ocrx_word' id='word_1_274' title='bbox 1336 1015 1473 1042; x_wconf 70' lang='lat' dir='ltr'><strong>prtcparas</strong></span> <span class='ocrx_word' id='word_1_275' title='bbox 1495 1010 1528 1035; x_wconf 82' lang='lat' dir='ltr'><strong>ad</strong></span> <span class='ocrx_word' id='word_1_276' title='bbox 1553 1010 1683 1043; x_wconf 77' lang='lat' dir='ltr'><strong>supplicia</strong></span> 
     </span>
    </p>
   </div>
   <div class='ocr_carea' id='block_1_39' title="bbox 895 1051 1684 1090">
    <p class='ocr_par' dir='ltr' id='par_1_39' title="bbox 895 1051 1684 1090">
     <span class='ocr_line' id='line_1_39' title="bbox 895 1051 1684 1090; baseline 0.008 -12"><span class='ocrx_word' id='word_1_277' title='bbox 895 1052 904 1086; x_wconf 97' lang='lat'><strong>(</strong></span> <span class='ocrx_word' id='word_1_278' title='bbox 916 1051 975 1078; x_wconf 85' lang='lat' dir='ltr'><strong>istis</strong></span> <span class='ocrx_word' id='word_1_279' title='bbox 989 1052 1062 1078; x_wconf 85' lang='lat' dir='ltr'><strong>enim</strong></span> <span class='ocrx_word' id='word_1_280' title='bbox 1084 1059 1234 1087; x_wconf 62' lang='lat' dir='ltr'><strong>prmparata</strong></span> <span class='ocrx_word' id='word_1_281' title='bbox 1247 1059 1289 1081; x_wconf 85' lang='lat' dir='ltr'><strong>est</strong></span> <span class='ocrx_word' id='word_1_282' title='bbox 1299 1054 1435 1088; x_wconf 77' lang='lat' dir='ltr'><strong>abyssus)</strong></span> <span class='ocrx_word' id='word_1_283' title='bbox 1452 1063 1460 1081; x_wconf 86' lang='lat'><strong>:</strong></span> <span class='ocrx_word' id='word_1_284' title='bbox 1479 1058 1506 1082; x_wconf 86' lang='lat' dir='ltr'><strong>et</strong></span> <span class='ocrx_word' id='word_1_285' title='bbox 1520 1055 1572 1082; x_wconf 85' lang='lat' dir='ltr'><strong>hoc</strong></span> <span class='ocrx_word' id='word_1_286' title='bbox 1588 1056 1684 1090; x_wconf 78' lang='lat' dir='ltr'><strong>facies,</strong></span> 
     </span>
    </p>
   </div>
   <div class='ocr_carea' id='block_1_40' title="bbox 894 1098 1123 1132">
    <p class='ocr_par' dir='ltr' id='par_1_40' title="bbox 894 1098 1123 1132">
     <span class='ocr_line' id='line_1_40' title="bbox 894 1098 1123 1132; baseline 0.009 -9"><span class='ocrx_word' id='word_1_287' title='bbox 894 1098 956 1131; x_wconf 82' lang='lat' dir='ltr'><strong>quia</strong></span> <span class='ocrx_word' id='word_1_288' title='bbox 972 1103 1067 1132; x_wconf 80' lang='lat' dir='ltr'><strong>potens</strong></span> <span class='ocrx_word' id='word_1_289' title='bbox 1082 1106 1123 1125; x_wconf 87' lang='lat' dir='ltr'><strong>es.</strong></span> 
     </span>
    </p>
   </div>
   <div class='ocr_carea' id='block_1_41' title="bbox 388 1175 1312 1222">
    <p class='ocr_par' dir='ltr' id='par_1_41' title="bbox 388 1175 1312 1222">
     <span class='ocr_line' id='line_1_41' title="bbox 388 1175 1312 1222; baseline 0.013 -19"><span class='ocrx_word' id='word_1_290' title='bbox 388 1175 422 1204; x_wconf 92' lang='lat' dir='ltr'><strong>Et</strong></span> <span class='ocrx_word' id='word_1_291' title='bbox 441 1177 467 1204; x_wconf 83' lang='lat' dir='ltr'><strong>in</strong></span> <span class='ocrx_word' id='word_1_292' title='bbox 483 1186 584 1206; x_wconf 82' lang='lat' dir='ltr'><strong>versum</strong></span> <span class='ocrx_word' id='word_1_293' title='bbox 600 1186 746 1216; x_wconf 70' lang='lat' dir='ltr'><strong>sequentem</strong></span> <span class='ocrx_word' id='word_1_294' title='bbox 766 1181 921 1212; x_wconf 83' lang='lat' dir='ltr'><strong>Theodoreti</strong></span> <span class='ocrx_word' id='word_1_295' title='bbox 933 1186 1103 1220; x_wconf 72' lang='lat' dir='ltr'><strong>explicatiom&#39;</strong></span> <span class='ocrx_word' id='word_1_296' title='bbox 1118 1188 1172 1215; x_wconf 75' lang='lat' dir='ltr'><strong>[nec</strong></span> <span class='ocrx_word' id='word_1_297' title='bbox 1186 1188 1292 1222; x_wconf 78' lang='lat' dir='ltr'><strong>snbjicit</strong></span> <span class='ocrx_word' id='word_1_298' title='bbox 1303 1197 1312 1215; x_wconf 92' lang='lat'><em>:</em></span> 
     </span>
    </p>
   </div>
   <div class='ocr_carea' id='block_1_42' title="bbox 89 1232 841 1272">
    <p class='ocr_par' dir='ltr' id='par_1_42' title="bbox 89 1232 841 1272">
     <span class='ocr_line' id='line_1_42' title="bbox 89 1232 841 1272; baseline 0.012 -14"><span class='ocrx_word' id='word_1_299' title='bbox 89 1232 268 1259; x_wconf 78' lang='grc' dir='ltr'>Ἀθανασίου</span> <span class='ocrx_word' id='word_1_300' title='bbox 292 1233 339 1260; x_wconf 79' lang='grc' dir='ltr'><strong>καί</strong></span> <span class='ocrx_word' id='word_1_301' title='bbox 369 1235 533 1267; x_wconf 76' lang='grc' dir='ltr'>Κυρίλλου,</span> <span class='ocrx_word' id='word_1_302' title='bbox 560 1237 632 1272; x_wconf 70' lang='grc' dir='ltr'>Πρὸς</span> <span class='ocrx_word' id='word_1_303' title='bbox 646 1238 674 1264; x_wconf 87' lang='grc' dir='ltr'><strong>δὲ</strong></span> <span class='ocrx_word' id='word_1_304' title='bbox 702 1239 841 1267; x_wconf 82' lang='grc' dir='ltr'>διάνοιαν·</span> 
     </span>
    </p>
   </div>
   <div class='ocr_carea' id='block_1_43' title="bbox 50 1276 843 1315">
    <p class='ocr_par' dir='ltr' id='par_1_43' title="bbox 50 1276 843 1315">
     <span class='ocr_line' id='line_1_43' title="bbox 50 1276 843 1315; baseline 0.011 -12"><span class='ocrx_word' id='word_1_305' title='bbox 50 1277 236 1313; x_wconf 76' lang='grc' dir='ltr'>Συνταρὰσσει</span> <span class='ocrx_word' id='word_1_306' title='bbox 250 1278 365 1314; x_wconf 79' lang='grc' dir='ltr'>Χριστὸς</span> <span class='ocrx_word' id='word_1_307' title='bbox 377 1276 432 1305; x_wconf 75' lang='grc' dir='ltr'>οἷόν</span> <span class='ocrx_word' id='word_1_308' title='bbox 442 1288 467 1305; x_wconf 80' lang='grc' dir='ltr'><strong>τι</strong></span> <span class='ocrx_word' id='word_1_309' title='bbox 482 1279 561 1312; x_wconf 76' lang='grc' dir='ltr'>κύτος</span> <span class='ocrx_word' id='word_1_310' title='bbox 574 1282 619 1308; x_wconf 78' lang='grc' dir='ltr'>καὶ</span> <span class='ocrx_word' id='word_1_311' title='bbox 632 1283 732 1315; x_wconf 81' lang='grc' dir='ltr'><strong>πλάτος</strong></span> <span class='ocrx_word' id='word_1_312' title='bbox 741 1285 843 1311; x_wconf 75' lang='grc' dir='ltr'>θαλάσ-</span> 
     </span>
    </p>
   </div>
   <div class='ocr_carea' id='block_1_44' title="bbox 52 1322 845 1365">
    <p class='ocr_par' dir='ltr' id='par_1_44' title="bbox 52 1322 845 1365">
     <span class='ocr_line' id='line_1_44' title="bbox 52 1322 845 1365; baseline 0.011 -18"><span class='ocrx_word' id='word_1_313' title='bbox 52 1331 100 1358; x_wconf 82' lang='grc' dir='ltr'><strong>σης</strong></span> <span class='ocrx_word' id='word_1_314' title='bbox 112 1323 147 1349; x_wconf 78' lang='grc' dir='ltr'><strong>τὰ</strong></span> <span class='ocrx_word' id='word_1_315' title='bbox 165 1322 254 1358; x_wconf 85' lang='grc' dir='ltr'>πλήθη</span> <span class='ocrx_word' id='word_1_316' title='bbox 270 1323 324 1349; x_wconf 85' lang='grc' dir='ltr'>τῶν</span> <span class='ocrx_word' id='word_1_317' title='bbox 338 1323 433 1358; x_wconf 87' lang='grc' dir='ltr'>ὲθνῶν,</span> <span class='ocrx_word' id='word_1_318' title='bbox 450 1324 486 1360; x_wconf 87' lang='grc' dir='ltr'>μὴ</span> <span class='ocrx_word' id='word_1_319' title='bbox 505 1327 685 1362; x_wconf 79' lang='grc' dir='ltr'><strong>συγχωρήσας</strong></span> <span class='ocrx_word' id='word_1_320' title='bbox 699 1329 768 1355; x_wconf 74' lang='grc' dir='ltr'>αὐτὰ</span> <span class='ocrx_word' id='word_1_321' title='bbox 781 1330 845 1365; x_wconf 79' lang='grc' dir='ltr'>ἡρε-</span> 
     </span>
    </p>
   </div>
   <div class='ocr_carea' id='block_1_45' title="bbox 51 1369 844 1410">
    <p class='ocr_par' dir='ltr' id='par_1_45' title="bbox 51 1369 844 1410">
     <span class='ocr_line' id='line_1_45' title="bbox 51 1369 844 1410; baseline 0.009 -15"><span class='ocrx_word' id='word_1_322' title='bbox 51 1370 110 1404; x_wconf 75' lang='grc' dir='ltr'><strong>μείν</strong></span> <span class='ocrx_word' id='word_1_323' title='bbox 127 1370 158 1395; x_wconf 86' lang='grc' dir='ltr'>ὲν</span> <span class='ocrx_word' id='word_1_324' title='bbox 172 1371 232 1401; x_wconf 84' lang='grc' dir='ltr'>ταῖς</span> <span class='ocrx_word' id='word_1_325' title='bbox 250 1369 378 1405; x_wconf 78' lang='grc' dir='ltr'><strong>ἀρχαίαις</strong></span> <span class='ocrx_word' id='word_1_326' title='bbox 399 1371 518 1402; x_wconf 78' lang='grc' dir='ltr'><strong>ἀπάταις</strong></span> <span class='ocrx_word' id='word_1_327' title='bbox 529 1380 535 1386; x_wconf 92' lang='grc'><strong>·</strong></span> <span class='ocrx_word' id='word_1_328' title='bbox 555 1374 709 1408; x_wconf 81' lang='grc' dir='ltr'>κεκινηκὼς</span> <span class='ocrx_word' id='word_1_329' title='bbox 725 1374 753 1401; x_wconf 80' lang='grc' dir='ltr'><strong>δὲ</strong></span> <span class='ocrx_word' id='word_1_330' title='bbox 777 1375 844 1410; x_wconf 82' lang='grc' dir='ltr'>μᾶλ-</span> 
     </span>
    </p>
   </div>
   <div class='ocr_carea' id='block_1_46' title="bbox 50 1414 844 1457">
    <p class='ocr_par' dir='ltr' id='par_1_46' title="bbox 50 1414 844 1457">
     <span class='ocr_line' id='line_1_46' title="bbox 50 1414 844 1457; baseline 0.009 -17"><span class='ocrx_word' id='word_1_331' title='bbox 50 1414 95 1441; x_wconf 85' lang='grc' dir='ltr'><strong>λον</strong></span> <span class='ocrx_word' id='word_1_332' title='bbox 111 1416 152 1446; x_wconf 83' lang='grc' dir='ltr'>εἰς</span> <span class='ocrx_word' id='word_1_333' title='bbox 164 1415 311 1449; x_wconf 75' lang='grc' dir='ltr'><strong>ἐπίγνωσιν</strong></span> <span class='ocrx_word' id='word_1_334' title='bbox 330 1415 380 1451; x_wconf 83' lang='grc' dir='ltr'>τῆς</span> <span class='ocrx_word' id='word_1_335' title='bbox 402 1416 499 1443; x_wconf 77' lang='grc' dir='ltr'>ἑαυτοῦ</span> <span class='ocrx_word' id='word_1_336' title='bbox 523 1417 674 1453; x_wconf 77' lang='grc' dir='ltr'>δυνάμεως,</span> <span class='ocrx_word' id='word_1_337' title='bbox 689 1420 735 1446; x_wconf 71' lang='grc' dir='ltr'><strong>καὶ</strong></span> <span class='ocrx_word' id='word_1_338' title='bbox 749 1419 844 1457; x_wconf 81' lang='grc' dir='ltr'>ὥσπερ</span> 
     </span>
    </p>
   </div>
   <div class='ocr_carea' id='block_1_47' title="bbox 50 1461 842 1498">
    <p class='ocr_par' dir='ltr' id='par_1_47' title="bbox 50 1461 842 1498">
     <span class='ocr_line' id='line_1_47' title="bbox 50 1461 842 1498; baseline 0.008 -11"><span class='ocrx_word' id='word_1_339' title='bbox 50 1461 125 1492; x_wconf 75' lang='grc' dir='ltr'>τινὰς</span> <span class='ocrx_word' id='word_1_340' title='bbox 139 1461 223 1496; x_wconf 75' lang='grc' dir='ltr'>ἤχους</span> <span class='ocrx_word' id='word_1_341' title='bbox 239 1461 378 1496; x_wconf 75' lang='grc' dir='ltr'><strong>κυμάτων,</strong></span> <span class='ocrx_word' id='word_1_342' title='bbox 396 1462 582 1495; x_wconf 78' lang='grc' dir='ltr'>ἀνασαλεύσας</span> <span class='ocrx_word' id='word_1_343' title='bbox 599 1465 725 1492; x_wconf 83' lang='grc' dir='ltr'>ἁπάντων</span> <span class='ocrx_word' id='word_1_344' title='bbox 736 1466 784 1498; x_wconf 77' lang='grc' dir='ltr'><strong>τὰς</strong></span> <span class='ocrx_word' id='word_1_345' title='bbox 800 1467 842 1492; x_wconf 77' lang='grc' dir='ltr'><strong>ἐπ’</strong></span> 
     </span>
    </p>
   </div>
   <div class='ocr_carea' id='block_1_48' title="bbox 49 1506 843 1548">
    <p class='ocr_par' dir='ltr' id='par_1_48' title="bbox 49 1506 843 1548">
     <span class='ocr_line' id='line_1_48' title="bbox 49 1506 843 1548; baseline 0.008 -15"><span class='ocrx_word' id='word_1_346' title='bbox 49 1506 125 1543; x_wconf 77' lang='grc' dir='ltr'>αὐτῷ</span> <span class='ocrx_word' id='word_1_347' title='bbox 149 1507 314 1541; x_wconf 82' lang='grc' dir='ltr'>δοξολογίας.</span> <span class='ocrx_word' id='word_1_348' title='bbox 334 1509 369 1535; x_wconf 88' lang='grc' dir='ltr'><em>Ἢ</em></span> <span class='ocrx_word' id='word_1_349' title='bbox 385 1507 523 1535; x_wconf 80' lang='grc' dir='ltr'>θάλασσαν</span> <span class='ocrx_word' id='word_1_350' title='bbox 547 1510 664 1537; x_wconf 79' lang='grc' dir='ltr'>ἐνταῦθα</span> <span class='ocrx_word' id='word_1_351' title='bbox 689 1512 718 1538; x_wconf 84' lang='grc' dir='ltr'>τὸ</span> <span class='ocrx_word' id='word_1_352' title='bbox 743 1513 843 1548; x_wconf 74' lang='grc' dir='ltr'>πλῆθος</span> 
     </span>
    </p>
   </div>
   <div class='ocr_carea' id='block_1_49' title="bbox 49 1553 843 1593">
    <p class='ocr_par' dir='ltr' id='par_1_49' title="bbox 49 1553 843 1593">
     <span class='ocr_line' id='line_1_49' title="bbox 49 1553 843 1593; baseline 0.008 -14"><span class='ocrx_word' id='word_1_353' title='bbox 49 1553 104 1580; x_wconf 84' lang='grc' dir='ltr'>τῶν</span> <span class='ocrx_word' id='word_1_354' title='bbox 125 1553 290 1589; x_wconf 76' lang='grc' dir='ltr'><strong>ἀκαθάρτων</strong></span> <span class='ocrx_word' id='word_1_355' title='bbox 302 1554 466 1589; x_wconf 79' lang='grc' dir='ltr'><strong>πνευμάτων</strong></span> <span class='ocrx_word' id='word_1_356' title='bbox 484 1556 576 1591; x_wconf 68' lang='grc' dir='ltr'>φησιν,</span> <span class='ocrx_word' id='word_1_357' title='bbox 596 1557 610 1583; x_wconf 85' lang='grc' dir='ltr'><strong>ὃ</strong></span> <span class='ocrx_word' id='word_1_358' title='bbox 627 1558 843 1593; x_wconf 79' lang='grc' dir='ltr'>συνταράσσεται</span> 
     </span>
    </p>
   </div>
   <div class='ocr_carea' id='block_1_50' title="bbox 49 1599 841 1640">
    <p class='ocr_par' dir='ltr' id='par_1_50' title="bbox 49 1599 841 1640">
     <span class='ocr_line' id='line_1_50' title="bbox 49 1599 841 1640; baseline 0.009 -15"><span class='ocrx_word' id='word_1_359' title='bbox 49 1601 83 1636; x_wconf 79' lang='grc' dir='ltr'>τῇ</span> <span class='ocrx_word' id='word_1_360' title='bbox 98 1599 146 1626; x_wconf 82' lang='grc' dir='ltr'><strong>τοῦ</strong></span> <span class='ocrx_word' id='word_1_361' title='bbox 159 1600 277 1635; x_wconf 77' lang='grc' dir='ltr'>Χριστοῦ</span> <span class='ocrx_word' id='word_1_362' title='bbox 292 1601 437 1636; x_wconf 78' lang='grc' dir='ltr'>παρουσίᾳ.</span> <span class='ocrx_word' id='word_1_363' title='bbox 450 1602 496 1628; x_wconf 76' lang='grc' dir='ltr'><strong>Διὸ</strong></span> <span class='ocrx_word' id='word_1_364' title='bbox 508 1604 553 1629; x_wconf 82' lang='grc' dir='ltr'>καὶ</span> <span class='ocrx_word' id='word_1_365' title='bbox 563 1603 725 1639; x_wconf 70' lang='grc' dir='ltr'>φοϐούμενοι</span> <span class='ocrx_word' id='word_1_366' title='bbox 739 1605 841 1640; x_wconf 79' lang='grc' dir='ltr'>ἔλεγον·</span> 
     </span>
    </p>
   </div>
   <div class='ocr_carea' id='block_1_51' title="bbox 931 1243 1686 1287">
    <p class='ocr_par' dir='ltr' id='par_1_51' title="bbox 931 1243 1686 1287">
     <span class='ocr_line' id='line_1_51' title="bbox 931 1243 1686 1287; baseline 0.013 -18"><span class='ocrx_word' id='word_1_367' title='bbox 931 1243 1071 1270; x_wconf 78' lang='lat' dir='ltr'><strong>Athanasii</strong></span> <span class='ocrx_word' id='word_1_368' title='bbox 1089 1250 1112 1272; x_wconf 86' lang='lat' dir='ltr'><strong>et</strong></span> <span class='ocrx_word' id='word_1_369' title='bbox 1129 1245 1235 1279; x_wconf 72' lang='lat' dir='ltr'><strong>Cyr-illi.</strong></span> <span class='ocrx_word' id='word_1_370' title='bbox 1252 1245 1313 1273; x_wconf 72' lang='lat' dir='ltr'><strong>llaec</strong></span> <span class='ocrx_word' id='word_1_371' title='bbox 1326 1251 1415 1274; x_wconf 79' lang='lat' dir='ltr'><strong>autem</strong></span> <span class='ocrx_word' id='word_1_372' title='bbox 1431 1248 1473 1276; x_wconf 89' lang='lat' dir='ltr'><strong>sic</strong></span> <span class='ocrx_word' id='word_1_373' title='bbox 1485 1249 1686 1287; x_wconf 60' lang='lat' dir='ltr'><strong>intelliguntur;</strong></span> 
     </span>
    </p>
   </div>
   <div class='ocr_carea' id='block_1_52' title="bbox 893 1288 1687 1333">
    <p class='ocr_par' dir='ltr' id='par_1_52' title="bbox 893 1288 1687 1333">
     <span class='ocr_line' id='line_1_52' title="bbox 893 1288 1687 1333; baseline 0.013 -17"><span class='ocrx_word' id='word_1_374' title='bbox 893 1288 1037 1317; x_wconf 86' lang='lat' dir='ltr'><strong>Christum</strong></span> <span class='ocrx_word' id='word_1_375' title='bbox 1060 1298 1120 1318; x_wconf 82' lang='lat' dir='ltr'><strong>esse</strong></span> <span class='ocrx_word' id='word_1_376' title='bbox 1144 1292 1190 1326; x_wconf 85' lang='lat' dir='ltr'><strong>qui</strong></span> <span class='ocrx_word' id='word_1_377' title='bbox 1220 1294 1364 1320; x_wconf 81' lang='lat' dir='ltr'><strong>conturbat</strong></span> <span class='ocrx_word' id='word_1_378' title='bbox 1391 1295 1592 1324; x_wconf 87' lang='lat' dir='ltr'><strong>multitudinem</strong></span> <span class='ocrx_word' id='word_1_379' title='bbox 1620 1307 1687 1333; x_wconf 75' lang='lat' dir='ltr'><strong>gett-</strong></span> 
     </span>
    </p>
   </div>
   <div class='ocr_carea' id='block_1_53' title="bbox 897 1335 1686 1374">
    <p class='ocr_par' dir='ltr' id='par_1_53' title="bbox 897 1335 1686 1374">
     <span class='ocr_line' id='line_1_53' title="bbox 897 1335 1686 1374; baseline 0.014 -13"><span class='ocrx_word' id='word_1_380' title='bbox 897 1335 964 1362; x_wconf 92' lang='lat' dir='ltr'><strong>tium</strong></span> <span class='ocrx_word' id='word_1_381' title='bbox 981 1337 1067 1364; x_wconf 85' lang='lat' dir='ltr'><strong>instar</strong></span> <span class='ocrx_word' id='word_1_382' title='bbox 1085 1338 1168 1364; x_wconf 89' lang='lat' dir='ltr'><strong>maris</strong></span> <span class='ocrx_word' id='word_1_383' title='bbox 1182 1338 1309 1372; x_wconf 79' lang='lat' dir='ltr'><strong>profundi</strong></span> <span class='ocrx_word' id='word_1_384' title='bbox 1325 1347 1357 1366; x_wconf 88' lang='lat' dir='ltr'><strong>ac</strong></span> <span class='ocrx_word' id='word_1_385' title='bbox 1380 1340 1520 1374; x_wconf 82' lang='lat' dir='ltr'><strong>latissimi,</strong></span> <span class='ocrx_word' id='word_1_386' title='bbox 1544 1343 1607 1370; x_wconf 90' lang='lat' dir='ltr'><strong>dum</strong></span> <span class='ocrx_word' id='word_1_387' title='bbox 1633 1353 1686 1372; x_wconf 86' lang='lat' dir='ltr'><strong>non</strong></span> 
     </span>
    </p>
   </div>
   <div class='ocr_carea' id='block_1_54' title="bbox 896 1381 1686 1420">
    <p class='ocr_par' dir='ltr' id='par_1_54' title="bbox 896 1381 1686 1420">
     <span class='ocr_line' id='line_1_54' title="bbox 896 1381 1686 1420; baseline 0.014 -13"><span class='ocrx_word' id='word_1_388' title='bbox 896 1381 961 1408; x_wconf 89' lang='lat' dir='ltr'><strong>sinit</strong></span> <span class='ocrx_word' id='word_1_389' title='bbox 977 1390 1023 1410; x_wconf 86' lang='lat' dir='ltr'><strong>eas</strong></span> <span class='ocrx_word' id='word_1_390' title='bbox 1044 1384 1242 1418; x_wconf 85' lang='lat' dir='ltr'><strong>couquiesccre</strong></span> <span class='ocrx_word' id='word_1_391' title='bbox 1268 1385 1294 1412; x_wconf 91' lang='lat' dir='ltr'><strong>in</strong></span> <span class='ocrx_word' id='word_1_392' title='bbox 1312 1386 1431 1420; x_wconf 87' lang='lat' dir='ltr'><strong>antiquis</strong></span> <span class='ocrx_word' id='word_1_393' title='bbox 1454 1389 1613 1416; x_wconf 87' lang='lat' dir='ltr'><strong>erroribus:</strong></span> <span class='ocrx_word' id='word_1_394' title='bbox 1639 1391 1686 1418; x_wconf 85' lang='lat' dir='ltr'><strong>sed</strong></span> 
     </span>
    </p>
   </div>
   <div class='ocr_carea' id='block_1_55' title="bbox 896 1427 1686 1469">
    <p class='ocr_par' dir='ltr' id='par_1_55' title="bbox 896 1427 1686 1469">
     <span class='ocr_line' id='line_1_55' title="bbox 896 1427 1686 1469; baseline 0.014 -16"><span class='ocrx_word' id='word_1_395' title='bbox 896 1427 987 1462; x_wconf 85' lang='lat' dir='ltr'><strong>potius</strong></span> <span class='ocrx_word' id='word_1_396' title='bbox 1003 1435 1157 1457; x_wconf 82' lang='lat' dir='ltr'><strong>commovet</strong></span> <span class='ocrx_word' id='word_1_397' title='bbox 1171 1435 1198 1457; x_wconf 89' lang='lat' dir='ltr'><strong>et</strong></span> <span class='ocrx_word' id='word_1_398' title='bbox 1222 1431 1345 1466; x_wconf 86' lang='lat' dir='ltr'><strong>perducit</strong></span> <span class='ocrx_word' id='word_1_399' title='bbox 1368 1433 1399 1460; x_wconf 90' lang='lat' dir='ltr'><strong>ad</strong></span> <span class='ocrx_word' id='word_1_400' title='bbox 1428 1435 1610 1469; x_wconf 74' lang='lat' dir='ltr'><strong>cognitionem</strong></span> <span class='ocrx_word' id='word_1_401' title='bbox 1631 1445 1686 1464; x_wconf 66' lang='lat' dir='ltr'><strong>sua?</strong></span> 
     </span>
    </p>
   </div>
   <div class='ocr_carea' id='block_1_56' title="bbox 896 1473 1687 1513">
    <p class='ocr_par' dir='ltr' id='par_1_56' title="bbox 896 1473 1687 1513">
     <span class='ocr_line' id='line_1_56' title="bbox 896 1473 1687 1513; baseline 0.014 -15"><span class='ocrx_word' id='word_1_402' title='bbox 896 1473 1033 1506; x_wconf 64' lang='lat' dir='ltr'><strong>potentia),</strong></span> <span class='ocrx_word' id='word_1_403' title='bbox 1049 1482 1081 1502; x_wconf 92' lang='lat' dir='ltr'><strong>ac</strong></span> <span class='ocrx_word' id='word_1_404' title='bbox 1098 1482 1194 1502; x_wconf 84' lang='lat' dir='ltr'><strong>omnes</strong></span> <span class='ocrx_word' id='word_1_405' title='bbox 1220 1475 1252 1502; x_wconf 84' lang='lat' dir='ltr'><strong>ad</strong></span> <span class='ocrx_word' id='word_1_406' title='bbox 1275 1477 1318 1504; x_wconf 89' lang='lat' dir='ltr'><strong>sui</strong></span> <span class='ocrx_word' id='word_1_407' title='bbox 1333 1476 1441 1505; x_wconf 86' lang='lat' dir='ltr'><strong>laudem</strong></span> <span class='ocrx_word' id='word_1_408' title='bbox 1459 1480 1538 1513; x_wconf 85' lang='lat' dir='ltr'><strong>quasi</strong></span> <span class='ocrx_word' id='word_1_409' title='bbox 1561 1480 1687 1510; x_wconf 83' lang='lat' dir='ltr'><strong>fremitus</strong></span> 
     </span>
    </p>
   </div>
   <div class='ocr_carea' id='block_1_57' title="bbox 896 1514 1687 1561">
    <p class='ocr_par' dir='ltr' id='par_1_57' title="bbox 896 1514 1687 1561">
     <span class='ocr_line' id='line_1_57' title="bbox 896 1514 1687 1561; baseline 0.015 -19"><span class='ocrx_word' id='word_1_410' title='bbox 896 1514 1027 1544; x_wconf 87' lang='lat' dir='ltr'><strong>fluctuum</strong></span> <span class='ocrx_word' id='word_1_411' title='bbox 1041 1519 1150 1546; x_wconf 82' lang='lat' dir='ltr'><strong>excitat.</strong></span> <span class='ocrx_word' id='word_1_412' title='bbox 1169 1519 1217 1546; x_wconf 76' lang='lat' dir='ltr'><strong>Vel</strong></span> <span class='ocrx_word' id='word_1_413' title='bbox 1231 1521 1349 1555; x_wconf 86' lang='lat' dir='ltr'><strong>appellat</strong></span> <span class='ocrx_word' id='word_1_414' title='bbox 1374 1523 1419 1549; x_wconf 91' lang='lat' dir='ltr'><strong>hic</strong></span> <span class='ocrx_word' id='word_1_415' title='bbox 1444 1532 1529 1557; x_wconf 87' lang='lat' dir='ltr'><strong>mare,</strong></span> <span class='ocrx_word' id='word_1_416' title='bbox 1551 1525 1687 1561; x_wconf 78' lang='lat' dir='ltr'><strong>ingentem</strong></span> 
     </span>
    </p>
   </div>
   <div class='ocr_carea' id='block_1_58' title="bbox 895 1561 1688 1606">
    <p class='ocr_par' dir='ltr' id='par_1_58' title="bbox 895 1561 1688 1606">
     <span class='ocr_line' id='line_1_58' title="bbox 895 1561 1688 1606; baseline 0.015 -18"><span class='ocrx_word' id='word_1_417' title='bbox 895 1561 970 1590; x_wconf 89' lang='lat' dir='ltr'><strong>illam</strong></span> <span class='ocrx_word' id='word_1_418' title='bbox 988 1564 1191 1592; x_wconf 86' lang='lat' dir='ltr'><strong>multitudinem</strong></span> <span class='ocrx_word' id='word_1_419' title='bbox 1206 1566 1350 1600; x_wconf 88' lang='lat' dir='ltr'><strong>spirituum</strong></span> <span class='ocrx_word' id='word_1_420' title='bbox 1365 1568 1544 1603; x_wconf 86' lang='lat' dir='ltr'><strong>impurorum,</strong></span> <span class='ocrx_word' id='word_1_421' title='bbox 1562 1573 1608 1606; x_wconf 90' lang='lat' dir='ltr'><strong>qui</strong></span> <span class='ocrx_word' id='word_1_422' title='bbox 1624 1581 1688 1600; x_wconf 91' lang='lat' dir='ltr'><strong>con-</strong></span> 
     </span>
    </p>
   </div>
   <div class='ocr_carea' id='block_1_59' title="bbox 896 1609 1687 1647">
    <p class='ocr_par' dir='ltr' id='par_1_59' title="bbox 896 1609 1687 1647">
     <span class='ocr_line' id='line_1_59' title="bbox 896 1609 1687 1647; baseline 0.014 -12"><span class='ocrx_word' id='word_1_423' title='bbox 896 1609 1042 1637; x_wconf 82' lang='lat' dir='ltr'><strong>turbantur</strong></span> <span class='ocrx_word' id='word_1_424' title='bbox 1055 1610 1157 1638; x_wconf 88' lang='lat' dir='ltr'><strong>Christi</strong></span> <span class='ocrx_word' id='word_1_425' title='bbox 1180 1612 1308 1640; x_wconf 87' lang='lat' dir='ltr'><strong>adventu.</strong></span> <span class='ocrx_word' id='word_1_426' title='bbox 1335 1613 1412 1641; x_wconf 86' lang='lat' dir='ltr'><strong>Unde</strong></span> <span class='ocrx_word' id='word_1_427' title='bbox 1426 1615 1508 1642; x_wconf 87' lang='lat' dir='ltr'><strong>ctiam</strong></span> <span class='ocrx_word' id='word_1_428' title='bbox 1534 1623 1687 1647; x_wconf 78' lang='lat' dir='ltr'><strong>metuentes</strong></span> 
     </span>
    </p>
   </div>
   <div class='ocr_carea' id='block_1_60' title="bbox 49 1642 841 1695">
    <p class='ocr_par' dir='ltr' id='par_1_60' title="bbox 49 1642 841 1684">
     <span class='ocr_line' id='line_1_60' title="bbox 49 1642 841 1684; baseline 0.009 -12"><span class='ocrx_word' id='word_1_429' title='bbox 49 1644 160 1677; x_wconf 77' lang='grc' dir='ltr'>Ἦλθες</span> <span class='ocrx_word' id='word_1_430' title='bbox 169 1642 227 1672; x_wconf 83' lang='grc' dir='ltr'>ὦδε</span> <span class='ocrx_word' id='word_1_431' title='bbox 239 1646 297 1680; x_wconf 78' lang='grc' dir='ltr'><strong>πρὸ</strong></span> <span class='ocrx_word' id='word_1_432' title='bbox 316 1647 420 1680; x_wconf 81' lang='grc' dir='ltr'>καιροῦ</span> <span class='ocrx_word' id='word_1_433' title='bbox 428 1648 598 1679; x_wconf 80' lang='grc' dir='ltr'><strong>βασανίσαι</strong></span> <span class='ocrx_word' id='word_1_434' title='bbox 614 1650 702 1684; x_wconf 74' lang='grc' dir='ltr'>ἡμᾶς.</span> <span class='ocrx_word' id='word_1_435' title='bbox 736 1652 771 1678; x_wconf 88' lang='grc' dir='ltr'>Ίι</span> <span class='ocrx_word' id='word_1_436' title='bbox 796 1652 841 1679; x_wconf 86' lang='grc' dir='ltr'><strong>θά-</strong></span> 
     </span>
    </p>
   </div>
   <div class='ocr_carea' id='block_1_61' title="bbox 896 1642 1686 1695">
    <p class='ocr_par' dir='ltr' id='par_1_61' title="bbox 897 1656 1686 1695">
     <span class='ocr_line' id='line_1_61' title="bbox 897 1656 1686 1695; baseline 0.011 -12"><span class='ocrx_word' id='word_1_437' title='bbox 897 1657 1024 1684; x_wconf 87' lang='lat' dir='ltr'><strong>dicebant</strong></span> <span class='ocrx_word' id='word_1_438' title='bbox 1040 1666 1046 1683; x_wconf 93' lang='lat'>:</span> <span class='ocrx_word' id='word_1_439' title='bbox 1066 1656 1165 1684; x_wconf 77' lang='lat' dir='ltr'><strong>Venisti</strong></span> <span class='ocrx_word' id='word_1_440' title='bbox 1180 1663 1240 1685; x_wconf 79' lang='lat' dir='ltr'><strong>ante</strong></span> <span class='ocrx_word' id='word_1_441' title='bbox 1255 1663 1354 1694; x_wconf 75' lang='lat' dir='ltr'><strong>tempus</strong></span> <span class='ocrx_word' id='word_1_442' title='bbox 1378 1665 1498 1695; x_wconf 83' lang='lat' dir='ltr'><strong>torquere</strong></span> <span class='ocrx_word' id='word_1_443' title='bbox 1516 1670 1562 1689; x_wconf 76' lang='lat' dir='ltr'><strong>nos</strong></span> <span class='ocrx_word' id='word_1_444' title='bbox 1574 1663 1607 1690; x_wconf 71' lang='grc'><strong>³³.</strong></span> <span class='ocrx_word' id='word_1_445' title='bbox 1637 1663 1686 1692; x_wconf 78' lang='lat' dir='ltr'><strong>Vel</strong></span> 
     </span>
    </p>
   </div>
   <div class='ocr_carea' id='block_1_62' title="bbox 50 1692 843 1731">
    <p class='ocr_par' dir='ltr' id='par_1_62' title="bbox 50 1692 843 1731">
     <span class='ocr_line' id='line_1_62' title="bbox 50 1692 843 1731; baseline 0.008 -13"><span class='ocrx_word' id='word_1_446' title='bbox 50 1692 153 1719; x_wconf 79' lang='grc' dir='ltr'>λασσαν</span> <span class='ocrx_word' id='word_1_447' title='bbox 180 1693 229 1728; x_wconf 83' lang='grc' dir='ltr'>μὲν</span> <span class='ocrx_word' id='word_1_448' title='bbox 245 1693 276 1718; x_wconf 74' lang='grc' dir='ltr'>τὸ</span> <span class='ocrx_word' id='word_1_449' title='bbox 302 1692 401 1728; x_wconf 85' lang='grc' dir='ltr'>πλῆθος</span> <span class='ocrx_word' id='word_1_450' title='bbox 430 1693 508 1720; x_wconf 84' lang='grc' dir='ltr'>καλεῖ</span> <span class='ocrx_word' id='word_1_451' title='bbox 528 1695 583 1721; x_wconf 85' lang='grc' dir='ltr'>τῶν</span> <span class='ocrx_word' id='word_1_452' title='bbox 602 1696 740 1731; x_wconf 76' lang='grc' dir='ltr'>τυράννων</span> <span class='ocrx_word' id='word_1_453' title='bbox 754 1697 797 1723; x_wconf 81' lang='grc' dir='ltr'><strong>διὰ</strong></span> <span class='ocrx_word' id='word_1_454' title='bbox 813 1697 843 1724; x_wconf 84' lang='grc' dir='ltr'>τὸ</span> 
     </span>
    </p>
   </div>
   <div class='ocr_carea' id='block_1_63' title="bbox 51 1737 844 1778">
    <p class='ocr_par' dir='ltr' id='par_1_63' title="bbox 51 1737 844 1778">
     <span class='ocr_line' id='line_1_63' title="bbox 51 1737 844 1778; baseline 0.01 -16"><span class='ocrx_word' id='word_1_455' title='bbox 51 1737 172 1772; x_wconf 80' lang='grc' dir='ltr'>ἁλμυρὸν</span> <span class='ocrx_word' id='word_1_456' title='bbox 185 1737 236 1772; x_wconf 84' lang='grc' dir='ltr'>τῆς</span> <span class='ocrx_word' id='word_1_457' title='bbox 248 1737 471 1774; x_wconf 78' lang='grc' dir='ltr'>ιὶδωλολατρείας</span> <span class='ocrx_word' id='word_1_458' title='bbox 481 1739 581 1771; x_wconf 71' lang='grc' dir='ltr'>αὐτῶν,</span> <span class='ocrx_word' id='word_1_459' title='bbox 597 1741 680 1776; x_wconf 76' lang='grc' dir='ltr'>ἦχους</span> <span class='ocrx_word' id='word_1_460' title='bbox 703 1742 731 1768; x_wconf 78' lang='grc' dir='ltr'><strong>δὲ</strong></span> <span class='ocrx_word' id='word_1_461' title='bbox 753 1744 844 1778; x_wconf 81' lang='grc' dir='ltr'>κυμά-</span> 
     </span>
    </p>
   </div>
   <div class='ocr_carea' id='block_1_64' title="bbox 50 1783 852 1822">
    <p class='ocr_par' dir='ltr' id='par_1_64' title="bbox 50 1783 852 1822">
     <span class='ocr_line' id='line_1_64' title="bbox 50 1783 852 1822; baseline 0.006 -12"><span class='ocrx_word' id='word_1_462' title='bbox 50 1792 104 1810; x_wconf 79' lang='grc' dir='ltr'><strong>των</strong></span> <span class='ocrx_word' id='word_1_463' title='bbox 118 1783 167 1814; x_wconf 77' lang='grc' dir='ltr'><strong>τὰς</strong></span> <span class='ocrx_word' id='word_1_464' title='bbox 183 1784 254 1810; x_wconf 80' lang='grc' dir='ltr'>κατὰ</span> <span class='ocrx_word' id='word_1_465' title='bbox 269 1783 323 1809; x_wconf 73' lang='grc' dir='ltr'>τῶν</span> <span class='ocrx_word' id='word_1_466' title='bbox 339 1783 486 1820; x_wconf 78' lang='grc' dir='ltr'>μαρτύρων</span> <span class='ocrx_word' id='word_1_467' title='bbox 512 1785 659 1818; x_wconf 79' lang='grc' dir='ltr'>ἐπιϐουλὰς</span> <span class='ocrx_word' id='word_1_468' title='bbox 688 1788 734 1814; x_wconf 77' lang='grc' dir='ltr'>καὶ</span> <span class='ocrx_word' id='word_1_469' title='bbox 760 1787 852 1822; x_wconf 84' lang='grc' dir='ltr'><strong>βασά-.</strong></span> 
     </span>
    </p>
   </div>
   <div class='ocr_carea' id='block_1_65' title="bbox 50 1828 841 1870">
    <p class='ocr_par' dir='ltr' id='par_1_65' title="bbox 50 1828 841 1870">
     <span class='ocr_line' id='line_1_65' title="bbox 50 1828 841 1870; baseline 0.01 -17"><span class='ocrx_word' id='word_1_470' title='bbox 50 1836 124 1860; x_wconf 84' lang='grc' dir='ltr'>νους.</span> <span class='ocrx_word' id='word_1_471' title='bbox 141 1829 190 1860; x_wconf 74' lang='lat' dir='ltr'><strong>‘Ag</strong></span> <span class='ocrx_word' id='word_1_472' title='bbox 203 1828 246 1859; x_wconf 85' lang='grc' dir='ltr'><strong>τίς</strong></span> <span class='ocrx_word' id='word_1_473' title='bbox 258 1829 418 1863; x_wconf 76' lang='grc' dir='ltr'>ὑπέμεινεν,</span> <span class='ocrx_word' id='word_1_474' title='bbox 434 1830 458 1856; x_wconf 85' lang='grc' dir='ltr'><strong>εί</strong></span> <span class='ocrx_word' id='word_1_475' title='bbox 480 1830 518 1866; x_wconf 84' lang='grc' dir='ltr'>μὴ</span> <span class='ocrx_word' id='word_1_476' title='bbox 536 1831 568 1867; x_wconf 81' lang='grc' dir='ltr'>τῇ</span> <span class='ocrx_word' id='word_1_477' title='bbox 593 1831 704 1868; x_wconf 78' lang='grc' dir='ltr'>δυνάμει</span> <span class='ocrx_word' id='word_1_478' title='bbox 722 1833 841 1870; x_wconf 75' lang='grc' dir='ltr'>Χριστοῦ</span> 
     </span>
    </p>
   </div>
   <div class='ocr_carea' id='block_1_66' title="bbox 49 1873 504 1910">
    <p class='ocr_par' dir='ltr' id='par_1_66' title="bbox 49 1873 504 1910">
     <span class='ocr_line' id='line_1_66' title="bbox 49 1873 504 1910; baseline 0.002 -10"><span class='ocrx_word' id='word_1_479' title='bbox 49 1873 248 1909; x_wconf 67' lang='grc' dir='ltr'>ἐνεδυναμοῦτο</span> <span class='ocrx_word' id='word_1_480' title='bbox 263 1874 311 1901; x_wconf 80' lang='grc' dir='ltr'>καὶ</span> <span class='ocrx_word' id='word_1_481' title='bbox 326 1873 484 1910; x_wconf 74' lang='grc' dir='ltr'><strong>ἐστηρίζετο</strong></span> <span class='ocrx_word' id='word_1_482' title='bbox 496 1883 504 1910; x_wconf 86' lang='lat'><strong>;</strong></span> 
     </span>
    </p>
   </div>
   <div class='ocr_carea' id='block_1_67' title="bbox 895 1703 1685 1744">
    <p class='ocr_par' dir='ltr' id='par_1_67' title="bbox 895 1703 1685 1744">
     <span class='ocr_line' id='line_1_67' title="bbox 895 1703 1685 1744; baseline 0.01 -15"><span class='ocrx_word' id='word_1_483' title='bbox 895 1707 968 1730; x_wconf 89' lang='lat' dir='ltr'><strong>certe</strong></span> <span class='ocrx_word' id='word_1_484' title='bbox 982 1711 1057 1730; x_wconf 87' lang='lat' dir='ltr'><strong>mare</strong></span> <span class='ocrx_word' id='word_1_485' title='bbox 1072 1703 1183 1738; x_wconf 73' lang='lat' dir='ltr'><strong>quidem</strong></span> <span class='ocrx_word' id='word_1_486' title='bbox 1198 1705 1264 1732; x_wconf 90' lang='lat' dir='ltr'><strong>dicit</strong></span> <span class='ocrx_word' id='word_1_487' title='bbox 1281 1706 1483 1734; x_wconf 88' lang='lat' dir='ltr'><strong>multitudinem</strong></span> <span class='ocrx_word' id='word_1_488' title='bbox 1497 1712 1685 1744; x_wconf 76' lang='lat' dir='ltr'><strong>tyrannorum,</strong></span> 
     </span>
    </p>
   </div>
   <div class='ocr_carea' id='block_1_68' title="bbox 894 1749 1687 1790">
    <p class='ocr_par' dir='ltr' id='par_1_68' title="bbox 894 1749 1687 1790">
     <span class='ocr_line' id='line_1_68' title="bbox 894 1749 1687 1790; baseline 0.01 -16"><span class='ocrx_word' id='word_1_489' title='bbox 894 1753 1006 1784; x_wconf 80' lang='lat' dir='ltr'><strong>propter</strong></span> <span class='ocrx_word' id='word_1_490' title='bbox 1014 1749 1178 1776; x_wconf 85' lang='lat' dir='ltr'><strong>salsedinem</strong></span> <span class='ocrx_word' id='word_1_491' title='bbox 1192 1750 1249 1777; x_wconf 84' lang='lat' dir='ltr'><strong>sive</strong></span> <span class='ocrx_word' id='word_1_492' title='bbox 1258 1751 1432 1778; x_wconf 85' lang='lat' dir='ltr'><strong>acerbitatem</strong></span> <span class='ocrx_word' id='word_1_493' title='bbox 1443 1752 1602 1781; x_wconf 74' lang='lat' dir='ltr'><strong>idololatria:</strong></span> <span class='ocrx_word' id='word_1_494' title='bbox 1614 1755 1687 1790; x_wconf 88' lang='lat' dir='ltr'><strong>ipso-</strong></span> 
     </span>
    </p>
   </div>
   <div class='ocr_carea' id='block_1_69' title="bbox 896 1793 1686 1829">
    <p class='ocr_par' dir='ltr' id='par_1_69' title="bbox 896 1793 1686 1829">
     <span class='ocr_line' id='line_1_69' title="bbox 896 1793 1686 1829; baseline 0.01 -9"><span class='ocrx_word' id='word_1_495' title='bbox 896 1802 956 1821; x_wconf 90' lang='lat' dir='ltr'><strong>rum</strong></span> <span class='ocrx_word' id='word_1_496' title='bbox 974 1803 981 1827; x_wconf 88' lang='lat'>;</span> <span class='ocrx_word' id='word_1_497' title='bbox 998 1793 1123 1822; x_wconf 89' lang='lat' dir='ltr'><strong>fremitus</strong></span> <span class='ocrx_word' id='word_1_498' title='bbox 1135 1803 1199 1822; x_wconf 87' lang='lat' dir='ltr'><strong>vero</strong></span> <span class='ocrx_word' id='word_1_499' title='bbox 1218 1795 1363 1829; x_wconf 90' lang='lat' dir='ltr'><strong>fluctuum,</strong></span> <span class='ocrx_word' id='word_1_500' title='bbox 1381 1798 1494 1826; x_wconf 80' lang='lat' dir='ltr'><strong>insidias</strong></span> <span class='ocrx_word' id='word_1_501' title='bbox 1512 1804 1539 1826; x_wconf 91' lang='lat' dir='ltr'><strong>ct</strong></span> <span class='ocrx_word' id='word_1_502' title='bbox 1551 1805 1686 1829; x_wconf 87' lang='lat' dir='ltr'><strong>tormenta</strong></span> 
     </span>
    </p>
   </div>
   <div class='ocr_carea' id='block_1_70' title="bbox 894 1840 1688 1881">
    <p class='ocr_par' dir='ltr' id='par_1_70' title="bbox 894 1840 1688 1881">
     <span class='ocr_line' id='line_1_70' title="bbox 894 1840 1688 1881; baseline 0.011 -15"><span class='ocrx_word' id='word_1_503' title='bbox 894 1840 997 1867; x_wconf 86' lang='lat' dir='ltr'><strong>sanctis</strong></span> <span class='ocrx_word' id='word_1_504' title='bbox 1014 1841 1177 1876; x_wconf 83' lang='lat' dir='ltr'><strong>martyribus</strong></span> <span class='ocrx_word' id='word_1_505' title='bbox 1201 1842 1235 1868; x_wconf 87' lang='lat' dir='ltr'><strong>ab</strong></span> <span class='ocrx_word' id='word_1_506' title='bbox 1252 1842 1317 1876; x_wconf 89' lang='lat' dir='ltr'><strong>ipsis</strong></span> <span class='ocrx_word' id='word_1_507' title='bbox 1335 1843 1447 1872; x_wconf 86' lang='lat' dir='ltr'><strong>inflicta.</strong></span> <span class='ocrx_word' id='word_1_508' title='bbox 1465 1844 1531 1878; x_wconf 66' lang='lat' dir='ltr'><strong>Quae</strong></span> <span class='ocrx_word' id='word_1_509' title='bbox 1544 1847 1605 1881; x_wconf 89' lang='lat' dir='ltr'><strong>quis</strong></span> <span class='ocrx_word' id='word_1_510' title='bbox 1625 1856 1688 1875; x_wconf 82' lang='lat' dir='ltr'><strong>sus-</strong></span> 
     </span>
    </p>
   </div>
   <div class='ocr_carea' id='block_1_71' title="bbox 900 1885 1687 1922">
    <p class='ocr_par' dir='ltr' id='par_1_71' title="bbox 900 1885 1687 1922">
     <span class='ocr_line' id='line_1_71' title="bbox 900 1885 1687 1922; baseline 0.013 -11"><span class='ocrx_word' id='word_1_511' title='bbox 900 1885 1021 1917; x_wconf 85' lang='lat' dir='ltr'><strong>tinuerit,</strong></span> <span class='ocrx_word' id='word_1_512' title='bbox 1040 1886 1092 1913; x_wconf 91' lang='lat' dir='ltr'><strong>nisi</strong></span> <span class='ocrx_word' id='word_1_513' title='bbox 1115 1887 1162 1921; x_wconf 91' lang='lat' dir='ltr'><strong>qui</strong></span> <span class='ocrx_word' id='word_1_514' title='bbox 1187 1888 1306 1922; x_wconf 89' lang='lat' dir='ltr'><strong>potentia</strong></span> <span class='ocrx_word' id='word_1_515' title='bbox 1320 1889 1422 1917; x_wconf 81' lang='lat' dir='ltr'><strong>Clu-isti</strong></span> <span class='ocrx_word' id='word_1_516' title='bbox 1444 1891 1588 1920; x_wconf 84' lang='lat' dir='ltr'><strong>roboratus</strong></span> <span class='ocrx_word' id='word_1_517' title='bbox 1605 1897 1687 1921; x_wconf 73' lang='lat' dir='ltr'><strong>atque</strong></span> 
     </span>
    </p>
   </div>
   <div class='ocr_carea' id='block_1_72' title="bbox 900 1932 1142 1961">
    <p class='ocr_par' dir='ltr' id='par_1_72' title="bbox 900 1932 1142 1961">
     <span class='ocr_line' id='line_1_72' title="bbox 900 1932 1142 1961; baseline 0 -1"><span class='ocrx_word' id='word_1_518' title='bbox 900 1932 1027 1961; x_wconf 74' lang='lat' dir='ltr'><strong>suffultus</strong></span> <span class='ocrx_word' id='word_1_519' title='bbox 1041 1932 1142 1960; x_wconf 88' lang='lat' dir='ltr'><strong>fuerit?</strong></span> 
     </span>
    </p>
   </div>
   <div class='ocr_carea' id='block_1_73' title="bbox 371 1994 1368 2038">
    <p class='ocr_par' dir='ltr' id='par_1_73' title="bbox 371 1994 1368 2038">
     <span class='ocr_line' id='line_1_73' title="bbox 371 1994 1368 2038; baseline 0.007 -16"><span class='ocrx_word' id='word_1_520' title='bbox 371 1994 405 2022; x_wconf 86' lang='lat' dir='ltr'><strong>Et</strong></span> <span class='ocrx_word' id='word_1_521' title='bbox 422 1995 508 2023; x_wconf 78' lang='lat' dir='ltr'><strong>adhuc</strong></span> <span class='ocrx_word' id='word_1_522' title='bbox 522 1996 550 2024; x_wconf 82' lang='lat' dir='ltr'><strong>in</strong></span> <span class='ocrx_word' id='word_1_523' title='bbox 565 2004 668 2024; x_wconf 76' lang='lat' dir='ltr'><strong>uersum</strong></span> <span class='ocrx_word' id='word_1_524' title='bbox 682 2003 828 2033; x_wconf 84' lang='lat' dir='ltr'><strong>sequentem</strong></span> <span class='ocrx_word' id='word_1_525' title='bbox 850 1999 1006 2028; x_wconf 81' lang='lat' dir='ltr'><strong>Theodoreti</strong></span> <span class='ocrx_word' id='word_1_526' title='bbox 1019 2001 1193 2036; x_wconf 72' lang='lat' dir='ltr'><strong>explicatiom&#39;</strong></span> <span class='ocrx_word' id='word_1_527' title='bbox 1209 2002 1345 2038; x_wconf 76' lang='lat' dir='ltr'><strong>subjungit</strong></span> <span class='ocrx_word' id='word_1_528' title='bbox 1359 2012 1368 2029; x_wconf 90' lang='lat'><em>:</em></span> 
     </span>
    </p>
   </div>
   <div class='ocr_carea' id='block_1_74' title="bbox 89 2050 843 2088">
    <p class='ocr_par' dir='ltr' id='par_1_74' title="bbox 89 2050 843 2088">
     <span class='ocr_line' id='line_1_74' title="bbox 89 2050 843 2088; baseline 0.005 -10"><span class='ocrx_word' id='word_1_529' title='bbox 89 2050 278 2079; x_wconf 76' lang='grc' dir='ltr'>Ἇθανασίου.</span> <span class='ocrx_word' id='word_1_530' title='bbox 306 2052 486 2088; x_wconf 86' lang='grc' dir='ltr'>Παρεδήλωσε</span> <span class='ocrx_word' id='word_1_531' title='bbox 505 2052 534 2080; x_wconf 81' lang='grc' dir='ltr'><strong>δὲ</strong></span> <span class='ocrx_word' id='word_1_532' title='bbox 560 2053 608 2080; x_wconf 75' lang='grc' dir='ltr'>καὶ</span> <span class='ocrx_word' id='word_1_533' title='bbox 631 2053 662 2082; x_wconf 85' lang='grc' dir='ltr'>τὸ</span> <span class='ocrx_word' id='word_1_534' title='bbox 689 2054 742 2081; x_wconf 84' lang='grc' dir='ltr'>τῶν</span> <span class='ocrx_word' id='word_1_535' title='bbox 758 2055 843 2088; x_wconf 86' lang='grc' dir='ltr'>ἁγίων</span> 
     </span>
    </p>
   </div>
   <div class='ocr_carea' id='block_1_75' title="bbox 50 2098 843 2136">
    <p class='ocr_par' dir='ltr' id='par_1_75' title="bbox 50 2098 843 2136">
     <span class='ocr_line' id='line_1_75' title="bbox 50 2098 843 2136; baseline 0.006 -12"><span class='ocrx_word' id='word_1_536' title='bbox 50 2098 208 2125; x_wconf 76' lang='grc' dir='ltr'>ἀποστόλων</span> <span class='ocrx_word' id='word_1_537' title='bbox 223 2099 354 2135; x_wconf 71' lang='grc' dir='ltr'>κήρυγμα</span> <span class='ocrx_word' id='word_1_538' title='bbox 365 2107 372 2114; x_wconf 90' lang='grc'>·</span> <span class='ocrx_word' id='word_1_539' title='bbox 387 2100 456 2136; x_wconf 76' lang='grc' dir='ltr'>ὅπερ</span> <span class='ocrx_word' id='word_1_540' title='bbox 466 2100 511 2127; x_wconf 86' lang='grc' dir='ltr'>διὰ</span> <span class='ocrx_word' id='word_1_541' title='bbox 525 2100 555 2127; x_wconf 83' lang='grc' dir='ltr'>τὸ</span> <span class='ocrx_word' id='word_1_542' title='bbox 577 2100 660 2136; x_wconf 84' lang='grc' dir='ltr'>ἄηθες</span> <span class='ocrx_word' id='word_1_543' title='bbox 676 2101 723 2128; x_wconf 79' lang='grc' dir='ltr'>καὶ</span> <span class='ocrx_word' id='word_1_544' title='bbox 746 2101 791 2128; x_wconf 82' lang='grc' dir='ltr'>διὰ</span> <span class='ocrx_word' id='word_1_545' title='bbox 812 2103 843 2129; x_wconf 85' lang='grc' dir='ltr'>τὸ</span> 
     </span>
    </p>
   </div>
   <div class='ocr_carea' id='block_1_76' title="bbox 51 2142 840 2182">
    <p class='ocr_par' dir='ltr' id='par_1_76' title="bbox 51 2142 840 2182">
     <span class='ocr_line' id='line_1_76' title="bbox 51 2142 840 2182; baseline 0.008 -14"><span class='ocrx_word' id='word_1_546' title='bbox 51 2142 235 2169; x_wconf 68' lang='grc' dir='ltr'>καταλύεσθαι</span> <span class='ocrx_word' id='word_1_547' title='bbox 247 2143 277 2169; x_wconf 81' lang='grc' dir='ltr'>τὸ</span> <span class='ocrx_word' id='word_1_548' title='bbox 294 2143 420 2179; x_wconf 82' lang='grc' dir='ltr'>πατρῷον</span> <span class='ocrx_word' id='word_1_549' title='bbox 432 2144 486 2171; x_wconf 77' lang='grc' dir='ltr'>τῶν</span> <span class='ocrx_word' id='word_1_550' title='bbox 503 2144 587 2172; x_wconf 80' lang='grc' dir='ltr'>ὲθνῶν</span> <span class='ocrx_word' id='word_1_551' title='bbox 602 2145 694 2177; x_wconf 77' lang='grc' dir='ltr'>σέϐας,</span> <span class='ocrx_word' id='word_1_552' title='bbox 717 2146 763 2173; x_wconf 71' lang='grc' dir='ltr'>καὶ</span> <span class='ocrx_word' id='word_1_553' title='bbox 791 2147 840 2182; x_wconf 82' lang='grc' dir='ltr'>τὴν</span> 
     </span>
    </p>
   </div>
   <div class='ocr_carea' id='block_1_77' title="bbox 49 2190 843 2226">
    <p class='ocr_par' dir='ltr' id='par_1_77' title="bbox 49 2190 843 2226">
     <span class='ocr_line' id='line_1_77' title="bbox 49 2190 843 2226; baseline 0.005 -10"><span class='ocrx_word' id='word_1_554' title='bbox 49 2190 189 2217; x_wconf 73' lang='grc' dir='ltr'>πολιτείαν</span> <span class='ocrx_word' id='word_1_555' title='bbox 206 2190 296 2218; x_wconf 83' lang='grc' dir='ltr'>αὐτῶν</span> <span class='ocrx_word' id='word_1_556' title='bbox 315 2190 487 2226; x_wconf 79' lang='grc' dir='ltr'>ἀμείὸεσθαι,</span> <span class='ocrx_word' id='word_1_557' title='bbox 502 2191 624 2226; x_wconf 85' lang='grc' dir='ltr'>ταραχὴν</span> <span class='ocrx_word' id='word_1_558' title='bbox 639 2191 720 2223; x_wconf 81' lang='grc' dir='ltr'>εὐθὺς</span> <span class='ocrx_word' id='word_1_559' title='bbox 735 2193 782 2219; x_wconf 78' lang='grc' dir='ltr'><strong>καὶ</strong></span> <span class='ocrx_word' id='word_1_560' title='bbox 795 2193 843 2224; x_wconf 82' lang='grc' dir='ltr'><strong>ζά-</strong></span> 
     </span>
    </p>
   </div>
   <div class='ocr_carea' id='block_1_78' title="bbox 49 2237 839 2275">
    <p class='ocr_par' dir='ltr' id='par_1_78' title="bbox 49 2237 839 2275">
     <span class='ocr_line' id='line_1_78' title="bbox 49 2237 839 2275; baseline 0.003 -11"><span class='ocrx_word' id='word_1_561' title='bbox 49 2237 99 2273; x_wconf 82' lang='grc' dir='ltr'><strong>λην</strong></span> <span class='ocrx_word' id='word_1_562' title='bbox 121 2239 179 2269; x_wconf 88' lang='grc' dir='ltr'>τοῖς</span> <span class='ocrx_word' id='word_1_563' title='bbox 207 2237 362 2273; x_wconf 82' lang='grc' dir='ltr'>ἀνθρώποις</span> <span class='ocrx_word' id='word_1_564' title='bbox 389 2238 497 2274; x_wconf 80' lang='grc' dir='ltr'>ἐκίνησε</span> <span class='ocrx_word' id='word_1_565' title='bbox 514 2239 585 2266; x_wconf 82' lang='grc' dir='ltr'>κατὰ</span> <span class='ocrx_word' id='word_1_566' title='bbox 611 2239 660 2274; x_wconf 84' lang='grc' dir='ltr'>τὴν</span> <span class='ocrx_word' id='word_1_567' title='bbox 673 2239 719 2266; x_wconf 89' lang='grc' dir='ltr'><strong>τοῦ</strong></span> <span class='ocrx_word' id='word_1_568' title='bbox 737 2240 839 2275; x_wconf 85' lang='grc' dir='ltr'>Κυρίου</span> 
     </span>
    </p>
   </div>
   <div class='ocr_carea' id='block_1_79' title="bbox 49 2282 840 2319">
    <p class='ocr_par' dir='ltr' id='par_1_79' title="bbox 49 2282 840 2319">
     <span class='ocr_line' id='line_1_79' title="bbox 49 2282 840 2319; baseline 0.003 -10"><span class='ocrx_word' id='word_1_569' title='bbox 49 2283 155 2318; x_wconf 68' lang='grc' dir='ltr'>φωνὴν,</span> <span class='ocrx_word' id='word_1_570' title='bbox 170 2282 287 2318; x_wconf 79' lang='grc' dir='ltr'>χωρίζον</span> <span class='ocrx_word' id='word_1_571' title='bbox 302 2283 412 2319; x_wconf 82' lang='grc' dir='ltr'>νύμφην</span> <span class='ocrx_word' id='word_1_572' title='bbox 423 2285 455 2310; x_wconf 81' lang='grc' dir='ltr'>ἐκ</span> <span class='ocrx_word' id='word_1_573' title='bbox 469 2283 612 2319; x_wconf 82' lang='grc' dir='ltr'>πενθερᾶς,</span> <span class='ocrx_word' id='word_1_574' title='bbox 625 2284 672 2311; x_wconf 71' lang='grc' dir='ltr'>καὶ</span> <span class='ocrx_word' id='word_1_575' title='bbox 686 2284 794 2319; x_wconf 77' lang='grc' dir='ltr'>πατέρα</span> <span class='ocrx_word' id='word_1_576' title='bbox 810 2283 840 2317; x_wconf 75' lang='grc' dir='ltr'>ἐξ</span> 
     </span>
    </p>
   </div>
   <div class='ocr_carea' id='block_1_80' title="bbox 50 2328 841 2366">
    <p class='ocr_par' dir='ltr' id='par_1_80' title="bbox 50 2328 841 2366">
     <span class='ocr_line' id='line_1_80' title="bbox 50 2328 841 2366; baseline 0.004 -12"><span class='ocrx_word' id='word_1_577' title='bbox 50 2328 120 2355; x_wconf 86' lang='grc' dir='ltr'>υἱοῦ.</span> <span class='ocrx_word' id='word_1_578' title='bbox 134 2329 214 2355; x_wconf 80' lang='grc' dir='ltr'>Μετὰ</span> <span class='ocrx_word' id='word_1_579' title='bbox 222 2328 250 2355; x_wconf 81' lang='grc' dir='ltr'><strong>δὲ</strong></span> <span class='ocrx_word' id='word_1_580' title='bbox 260 2329 309 2365; x_wconf 84' lang='grc' dir='ltr'>τὴν</span> <span class='ocrx_word' id='word_1_581' title='bbox 326 2329 411 2363; x_wconf 80' lang='grc' dir='ltr'>ζάλην</span> <span class='ocrx_word' id='word_1_582' title='bbox 422 2330 588 2363; x_wconf 79' lang='grc' dir='ltr'>κατέπαυσε,</span> <span class='ocrx_word' id='word_1_583' title='bbox 604 2331 652 2357; x_wconf 79' lang='grc' dir='ltr'>καὶ</span> <span class='ocrx_word' id='word_1_584' title='bbox 667 2331 716 2366; x_wconf 84' lang='grc' dir='ltr'><strong>τὴν</strong></span> <span class='ocrx_word' id='word_1_585' title='bbox 729 2331 841 2366; x_wconf 87' lang='grc' dir='ltr'>είρήνην</span> 
     </span>
    </p>
   </div>
   <div class='ocr_carea' id='block_1_81' title="bbox 50 2372 842 2412">
    <p class='ocr_par' dir='ltr' id='par_1_81' title="bbox 50 2372 842 2412">
     <span class='ocr_line' id='line_1_81' title="bbox 50 2372 842 2412; baseline 0.003 -12"><span class='ocrx_word' id='word_1_586' title='bbox 50 2374 153 2401; x_wconf 77' lang='grc' dir='ltr'>ἅπασιν</span> <span class='ocrx_word' id='word_1_587' title='bbox 168 2374 380 2410; x_wconf 74' lang='grc' dir='ltr'>ὲπρυτάνευσεν.</span> <span class='ocrx_word' id='word_1_588' title='bbox 394 2375 457 2401; x_wconf 81' lang='grc' dir='ltr'><strong>Ὅτε</strong></span> <span class='ocrx_word' id='word_1_589' title='bbox 468 2372 525 2407; x_wconf 82' lang='grc' dir='ltr'>οὖν,</span> <span class='ocrx_word' id='word_1_590' title='bbox 539 2375 616 2410; x_wconf 75' lang='grc' dir='ltr'>φησὶ,</span> <span class='ocrx_word' id='word_1_591' title='bbox 628 2375 662 2402; x_wconf 81' lang='grc' dir='ltr'>τὰ</span> <span class='ocrx_word' id='word_1_592' title='bbox 677 2375 740 2412; x_wconf 72' lang='grc' dir='ltr'>ἔθνη</span> <span class='ocrx_word' id='word_1_593' title='bbox 759 2384 842 2411; x_wconf 85' lang='grc' dir='ltr'>ταρα-</span> 
     </span>
    </p>
   </div>
   <div class='ocr_carea' id='block_1_82' title="bbox 50 2419 840 2457">
    <p class='ocr_par' dir='ltr' id='par_1_82' title="bbox 50 2419 840 2457">
     <span class='ocr_line' id='line_1_82' title="bbox 50 2419 840 2457; baseline 0.003 -11"><span class='ocrx_word' id='word_1_594' title='bbox 50 2419 208 2455; x_wconf 78' lang='grc' dir='ltr'>χθήσονται,</span> <span class='ocrx_word' id='word_1_595' title='bbox 233 2421 357 2447; x_wconf 77' lang='grc' dir='ltr'>τουτέστι</span> <span class='ocrx_word' id='word_1_596' title='bbox 385 2420 439 2447; x_wconf 85' lang='grc' dir='ltr'>τῶν</span> <span class='ocrx_word' id='word_1_597' title='bbox 461 2421 594 2456; x_wconf 81' lang='grc' dir='ltr'>δαιμόνων</span> <span class='ocrx_word' id='word_1_598' title='bbox 620 2421 654 2448; x_wconf 82' lang='grc' dir='ltr'>τὰ</span> <span class='ocrx_word' id='word_1_599' title='bbox 668 2423 840 2457; x_wconf 85' lang='grc' dir='ltr'>συστήματα,</span> 
     </span>
    </p>
   </div>
   <div class='ocr_carea' id='block_1_83' title="bbox 50 2465 842 2503">
    <p class='ocr_par' dir='ltr' id='par_1_83' title="bbox 50 2465 842 2503">
     <span class='ocr_line' id='line_1_83' title="bbox 50 2465 842 2503; baseline 0.003 -11"><span class='ocrx_word' id='word_1_600' title='bbox 50 2466 109 2492; x_wconf 77' lang='grc' dir='ltr'>τότε</span> <span class='ocrx_word' id='word_1_601' title='bbox 130 2465 163 2501; x_wconf 81' lang='grc' dir='ltr'><strong>δὴ</strong></span> <span class='ocrx_word' id='word_1_602' title='bbox 181 2466 241 2493; x_wconf 77' lang='grc' dir='ltr'>τότε</span> <span class='ocrx_word' id='word_1_603' title='bbox 268 2467 315 2494; x_wconf 78' lang='grc' dir='ltr'>καὶ</span> <span class='ocrx_word' id='word_1_604' title='bbox 326 2468 350 2494; x_wconf 75' lang='lat' dir='ltr'><strong>ot</strong></span> <span class='ocrx_word' id='word_1_605' title='bbox 367 2469 396 2494; x_wconf 83' lang='grc' dir='ltr'>ἐν</span> <span class='ocrx_word' id='word_1_606' title='bbox 410 2467 467 2498; x_wconf 86' lang='grc' dir='ltr'>τοῖς</span> <span class='ocrx_word' id='word_1_607' title='bbox 491 2467 593 2502; x_wconf 85' lang='grc' dir='ltr'>πέρασι</span> <span class='ocrx_word' id='word_1_608' title='bbox 612 2468 662 2502; x_wconf 87' lang='grc' dir='ltr'>τῆς</span> <span class='ocrx_word' id='word_1_609' title='bbox 678 2467 842 2503; x_wconf 77' lang='grc' dir='ltr'>οἰκουμένης</span> 
     </span>
    </p>
   </div>
   <div class='ocr_carea' id='block_1_84' title="bbox 50 2511 841 2549">
    <p class='ocr_par' dir='ltr' id='par_1_84' title="bbox 50 2511 841 2549">
     <span class='ocr_line' id='line_1_84' title="bbox 50 2511 841 2549; baseline 0.004 -11"><span class='ocrx_word' id='word_1_610' title='bbox 50 2511 188 2547; x_wconf 72' lang='grc' dir='ltr'>ἂνθρωποι</span> <span class='ocrx_word' id='word_1_611' title='bbox 204 2511 403 2548; x_wconf 74' lang='grc' dir='ltr'>φοϐηθήσονταί</span> <span class='ocrx_word' id='word_1_612' title='bbox 416 2521 456 2545; x_wconf 84' lang='grc' dir='ltr'>σε,</span> <span class='ocrx_word' id='word_1_613' title='bbox 477 2513 512 2540; x_wconf 86' lang='grc' dir='ltr'>τὰ</span> <span class='ocrx_word' id='word_1_614' title='bbox 532 2513 639 2548; x_wconf 81' lang='grc' dir='ltr'>μεγάλα</span> <span class='ocrx_word' id='word_1_615' title='bbox 659 2515 760 2549; x_wconf 53' lang='grc' dir='ltr'>σημεῖα</span> <span class='ocrx_word' id='word_1_616' title='bbox 774 2513 841 2541; x_wconf 85' lang='grc' dir='ltr'>θεω-</span> 
     </span>
    </p>
   </div>
   <div class='ocr_carea' id='block_1_85' title="bbox 52 2558 750 2597">
    <p class='ocr_par' dir='ltr' id='par_1_85' title="bbox 52 2558 750 2597">
     <span class='ocr_line' id='line_1_85' title="bbox 52 2558 750 2597; baseline 0.001 -12"><span class='ocrx_word' id='word_1_617' title='bbox 52 2559 194 2595; x_wconf 68' lang='grc' dir='ltr'>ρήσαντες,</span> <span class='ocrx_word' id='word_1_618' title='bbox 208 2559 243 2586; x_wconf 77' lang='grc' dir='ltr'><strong>τὰ</strong></span> <span class='ocrx_word' id='word_1_619' title='bbox 260 2558 306 2585; x_wconf 84' lang='grc' dir='ltr'>ἐπὶ</span> <span class='ocrx_word' id='word_1_620' title='bbox 318 2560 351 2595; x_wconf 80' lang='grc' dir='ltr'>τῇ</span> <span class='ocrx_word' id='word_1_621' title='bbox 370 2561 403 2595; x_wconf 87' lang='grc' dir='ltr'>σῇ</span> <span class='ocrx_word' id='word_1_622' title='bbox 417 2559 554 2597; x_wconf 77' lang='grc' dir='ltr'>παρουσίᾳ</span> <span class='ocrx_word' id='word_1_623' title='bbox 568 2559 750 2595; x_wconf 82' lang='grc' dir='ltr'>γεγενημένα.</span> 
     </span>
    </p>
   </div>
   <div class='ocr_carea' id='block_1_86' title="bbox 929 2057 1681 2094">
    <p class='ocr_par' dir='ltr' id='par_1_86' title="bbox 929 2057 1681 2094">
     <span class='ocr_line' id='line_1_86' title="bbox 929 2057 1681 2094; baseline 0.011 -11"><span class='ocrx_word' id='word_1_624' title='bbox 929 2057 1079 2085; x_wconf 74' lang='lat' dir='ltr'><strong>Athanasii.</strong></span> <span class='ocrx_word' id='word_1_625' title='bbox 1098 2057 1269 2094; x_wconf 82' lang='lat' dir='ltr'><strong>Significavit</strong></span> <span class='ocrx_word' id='word_1_626' title='bbox 1283 2068 1348 2088; x_wconf 86' lang='lat' dir='ltr'><strong>vero</strong></span> <span class='ocrx_word' id='word_1_627' title='bbox 1363 2061 1444 2089; x_wconf 88' lang='lat' dir='ltr'><strong>simul</strong></span> <span class='ocrx_word' id='word_1_628' title='bbox 1471 2062 1552 2090; x_wconf 87' lang='lat' dir='ltr'><strong>etiam</strong></span> <span class='ocrx_word' id='word_1_629' title='bbox 1569 2067 1681 2091; x_wconf 85' lang='lat' dir='ltr'><strong>sancto-</strong></span> 
     </span>
    </p>
   </div>
   <div class='ocr_carea' id='block_1_87' title="bbox 894 2105 1683 2145">
    <p class='ocr_par' dir='ltr' id='par_1_87' title="bbox 894 2105 1683 2145">
     <span class='ocr_line' id='line_1_87' title="bbox 894 2105 1683 2145; baseline 0.009 -15"><span class='ocrx_word' id='word_1_630' title='bbox 894 2110 954 2130; x_wconf 93' lang='lat' dir='ltr'><strong>rum</strong></span> <span class='ocrx_word' id='word_1_631' title='bbox 976 2105 1163 2139; x_wconf 86' lang='lat' dir='ltr'><strong>apostolorum</strong></span> <span class='ocrx_word' id='word_1_632' title='bbox 1185 2106 1420 2140; x_wconf 55' lang='lat' dir='ltr'><strong>praulicationem,</strong></span> <span class='ocrx_word' id='word_1_633' title='bbox 1443 2116 1504 2143; x_wconf 64' lang='lat' dir='ltr'><strong>quae</strong></span> <span class='ocrx_word' id='word_1_634' title='bbox 1528 2113 1585 2136; x_wconf 90' lang='lat' dir='ltr'><strong>tum</strong></span> <span class='ocrx_word' id='word_1_635' title='bbox 1609 2110 1683 2145; x_wconf 87' lang='lat' dir='ltr'><strong>quod</strong></span> 
     </span>
    </p>
   </div>
   <div class='ocr_carea' id='block_1_88' title="bbox 895 2148 1684 2187">
    <p class='ocr_par' dir='ltr' id='par_1_88' title="bbox 895 2148 1684 2187">
     <span class='ocr_line' id='line_1_88' title="bbox 895 2148 1684 2187; baseline 0.009 -12"><span class='ocrx_word' id='word_1_636' title='bbox 895 2148 1055 2176; x_wconf 89' lang='lat' dir='ltr'><strong>inconsueta</strong></span> <span class='ocrx_word' id='word_1_637' title='bbox 1071 2154 1153 2183; x_wconf 88' lang='lat' dir='ltr'><strong>esset,</strong></span> <span class='ocrx_word' id='word_1_638' title='bbox 1171 2155 1227 2177; x_wconf 88' lang='lat' dir='ltr'><strong>tum</strong></span> <span class='ocrx_word' id='word_1_639' title='bbox 1249 2152 1330 2178; x_wconf 84' lang='lat' dir='ltr'><strong>etiam</strong></span> <span class='ocrx_word' id='word_1_640' title='bbox 1349 2153 1422 2187; x_wconf 90' lang='lat' dir='ltr'><strong>quod</strong></span> <span class='ocrx_word' id='word_1_641' title='bbox 1438 2153 1615 2181; x_wconf 86' lang='lat' dir='ltr'><strong>demoliretur</strong></span> <span class='ocrx_word' id='word_1_642' title='bbox 1626 2155 1684 2182; x_wconf 84' lang='lat' dir='ltr'><strong>avi-</strong></span> 
     </span>
    </p>
   </div>
   <div class='ocr_carea' id='block_1_89' title="bbox 894 2196 1684 2234">
    <p class='ocr_par' dir='ltr' id='par_1_89' title="bbox 894 2196 1684 2234">
     <span class='ocr_line' id='line_1_89' title="bbox 894 2196 1684 2234; baseline 0.008 -12"><span class='ocrx_word' id='word_1_643' title='bbox 894 2199 952 2222; x_wconf 90' lang='lat' dir='ltr'><strong>tum</strong></span> <span class='ocrx_word' id='word_1_644' title='bbox 978 2196 1119 2231; x_wconf 80' lang='lat' dir='ltr'><strong>gentilium</strong></span> <span class='ocrx_word' id='word_1_645' title='bbox 1150 2197 1267 2230; x_wconf 90' lang='lat' dir='ltr'><strong>cultum,</strong></span> <span class='ocrx_word' id='word_1_646' title='bbox 1293 2198 1431 2234; x_wconf 85' lang='lat' dir='ltr'><strong>vitamque</strong></span> <span class='ocrx_word' id='word_1_647' title='bbox 1459 2207 1553 2227; x_wconf 91' lang='lat' dir='ltr'><strong>eorum</strong></span> <span class='ocrx_word' id='word_1_648' title='bbox 1569 2208 1600 2228; x_wconf 88' lang='lat' dir='ltr'><strong>ac</strong></span> <span class='ocrx_word' id='word_1_649' title='bbox 1617 2208 1684 2228; x_wconf 92' lang='lat' dir='ltr'><strong>con-</strong></span> 
     </span>
    </p>
   </div>
   <div class='ocr_carea' id='block_1_90' title="bbox 893 2242 1684 2278">
    <p class='ocr_par' dir='ltr' id='par_1_90' title="bbox 893 2242 1684 2278">
     <span class='ocr_line' id='line_1_90' title="bbox 893 2242 1684 2278; baseline 0.008 -10"><span class='ocrx_word' id='word_1_650' title='bbox 893 2242 1074 2270; x_wconf 88' lang='lat' dir='ltr'><strong>versationem</strong></span> <span class='ocrx_word' id='word_1_651' title='bbox 1113 2243 1280 2278; x_wconf 81' lang='lat' dir='ltr'><strong>corrigcret,</strong></span> <span class='ocrx_word' id='word_1_652' title='bbox 1316 2244 1389 2272; x_wconf 89' lang='lat' dir='ltr'><strong>illico</strong></span> <span class='ocrx_word' id='word_1_653' title='bbox 1418 2246 1511 2274; x_wconf 88' lang='lat' dir='ltr'><strong>turbas</strong></span> <span class='ocrx_word' id='word_1_654' title='bbox 1538 2254 1570 2274; x_wconf 90' lang='lat' dir='ltr'><strong>ac</strong></span> <span class='ocrx_word' id='word_1_655' title='bbox 1592 2251 1684 2274; x_wconf 79' lang='lat' dir='ltr'><strong>motus</strong></span> 
     </span>
    </p>
   </div>
   <div class='ocr_carea' id='block_1_91' title="bbox 894 2286 1683 2321">
    <p class='ocr_par' dir='ltr' id='par_1_91' title="bbox 894 2286 1683 2321">
     <span class='ocr_line' id='line_1_91' title="bbox 894 2286 1683 2321; baseline 0.005 -7"><span class='ocrx_word' id='word_1_656' title='bbox 894 2286 968 2314; x_wconf 87' lang='lat' dir='ltr'><strong>dedit</strong></span> <span class='ocrx_word' id='word_1_657' title='bbox 981 2286 1052 2314; x_wconf 88' lang='lat' dir='ltr'><strong>inter</strong></span> <span class='ocrx_word' id='word_1_658' title='bbox 1075 2287 1211 2321; x_wconf 87' lang='lat' dir='ltr'><strong>homines,</strong></span> <span class='ocrx_word' id='word_1_659' title='bbox 1236 2296 1269 2315; x_wconf 86' lang='lat' dir='ltr'><strong>ac</strong></span> <span class='ocrx_word' id='word_1_660' title='bbox 1295 2290 1444 2317; x_wconf 86' lang='lat' dir='ltr'><strong>secundum</strong></span> <span class='ocrx_word' id='word_1_661' title='bbox 1472 2290 1547 2318; x_wconf 85' lang='lat' dir='ltr'><strong>illam</strong></span> <span class='ocrx_word' id='word_1_662' title='bbox 1573 2290 1683 2318; x_wconf 90' lang='lat' dir='ltr'><strong>Domini</strong></span> 
     </span>
    </p>
   </div>
   <div class='ocr_carea' id='block_1_92' title="bbox 893 2335 1684 2372">
    <p class='ocr_par' dir='ltr' id='par_1_92' title="bbox 893 2335 1684 2372">
     <span class='ocr_line' id='line_1_92' title="bbox 893 2335 1684 2372; baseline 0.008 -13"><span class='ocrx_word' id='word_1_663' title='bbox 893 2339 1002 2364; x_wconf 85' lang='lat' dir='ltr'><strong>vocem,</strong></span> <span class='ocrx_word' id='word_1_664' title='bbox 1016 2340 1115 2360; x_wconf 91' lang='lat' dir='ltr'><strong>nurum</strong></span> <span class='ocrx_word' id='word_1_665' title='bbox 1132 2341 1146 2360; x_wconf 90' lang='lat' dir='ltr'><strong>a</strong></span> <span class='ocrx_word' id='word_1_666' title='bbox 1171 2341 1263 2366; x_wconf 88' lang='lat' dir='ltr'><strong>socru,</strong></span> <span class='ocrx_word' id='word_1_667' title='bbox 1282 2340 1309 2362; x_wconf 84' lang='lat' dir='ltr'><strong>et</strong></span> <span class='ocrx_word' id='word_1_668' title='bbox 1326 2335 1411 2362; x_wconf 91' lang='lat' dir='ltr'><strong>filium</strong></span> <span class='ocrx_word' id='word_1_669' title='bbox 1428 2343 1443 2363; x_wconf 86' lang='lat' dir='ltr'><strong>a</strong></span> <span class='ocrx_word' id='word_1_670' title='bbox 1465 2341 1541 2370; x_wconf 84' lang='lat' dir='ltr'><strong>patre</strong></span> <span class='ocrx_word' id='word_1_671' title='bbox 1557 2345 1684 2372; x_wconf 78' lang='lat' dir='ltr'><strong>segrega-</strong></span> 
     </span>
    </p>
   </div>
   <div class='ocr_carea' id='block_1_93' title="bbox 893 2376 1681 2415">
    <p class='ocr_par' dir='ltr' id='par_1_93' title="bbox 893 2376 1681 2415">
     <span class='ocr_line' id='line_1_93' title="bbox 893 2376 1681 2415; baseline 0.006 -11"><span class='ocrx_word' id='word_1_672' title='bbox 893 2377 940 2404; x_wconf 90' lang='lat' dir='ltr'><strong>bat</strong></span> <span class='ocrx_word' id='word_1_673' title='bbox 953 2377 986 2405; x_wconf 71' lang='lat'><strong>‘°.</strong></span> <span class='ocrx_word' id='word_1_674' title='bbox 1004 2377 1167 2413; x_wconf 85' lang='lat' dir='ltr'><strong>Quanquam</strong></span> <span class='ocrx_word' id='word_1_675' title='bbox 1181 2384 1244 2414; x_wconf 89' lang='lat' dir='ltr'><strong>post</strong></span> <span class='ocrx_word' id='word_1_676' title='bbox 1256 2380 1338 2407; x_wconf 88' lang='lat' dir='ltr'><strong>etiam</strong></span> <span class='ocrx_word' id='word_1_677' title='bbox 1354 2385 1444 2408; x_wconf 89' lang='lat' dir='ltr'><strong>motus</strong></span> <span class='ocrx_word' id='word_1_678' title='bbox 1459 2382 1520 2409; x_wconf 90' lang='lat' dir='ltr'><strong>illos</strong></span> <span class='ocrx_word' id='word_1_679' title='bbox 1536 2376 1681 2415; x_wconf 74' lang='lat' dir='ltr'><strong>sedaverit,</strong></span> 
     </span>
    </p>
   </div>
   <div class='ocr_carea' id='block_1_94' title="bbox 893 2424 1679 2462">
    <p class='ocr_par' dir='ltr' id='par_1_94' title="bbox 893 2424 1679 2462">
     <span class='ocr_line' id='line_1_94' title="bbox 893 2424 1679 2462; baseline 0.008 -13"><span class='ocrx_word' id='word_1_680' title='bbox 893 2427 920 2449; x_wconf 84' lang='lat' dir='ltr'><strong>et</strong></span> <span class='ocrx_word' id='word_1_681' title='bbox 935 2430 1028 2457; x_wconf 84' lang='lat' dir='ltr'><strong>pacem</strong></span> <span class='ocrx_word' id='word_1_682' title='bbox 1044 2424 1152 2451; x_wconf 91' lang='lat' dir='ltr'><strong>cunctis</strong></span> <span class='ocrx_word' id='word_1_683' title='bbox 1167 2425 1324 2453; x_wconf 85' lang='lat' dir='ltr'><strong>reddiderit.</strong></span> <span class='ocrx_word' id='word_1_684' title='bbox 1341 2426 1455 2460; x_wconf 85' lang='lat' dir='ltr'><strong>Quando</strong></span> <span class='ocrx_word' id='word_1_685' title='bbox 1472 2427 1564 2462; x_wconf 74' lang='lat' dir='ltr'><strong>igitur,</strong></span> <span class='ocrx_word' id='word_1_686' title='bbox 1580 2427 1679 2462; x_wconf 85' lang='lat' dir='ltr'><strong>inquit,</strong></span> 
     </span>
    </p>
   </div>
   <div class='ocr_carea' id='block_1_95' title="bbox 894 2469 1682 2504">
    <p class='ocr_par' dir='ltr' id='par_1_95' title="bbox 894 2469 1682 2504">
     <span class='ocr_line' id='line_1_95' title="bbox 894 2469 1682 2504; baseline 0.005 -8"><span class='ocrx_word' id='word_1_687' title='bbox 894 2473 999 2504; x_wconf 80' lang='lat' dir='ltr'><strong>gentes,</strong></span> <span class='ocrx_word' id='word_1_688' title='bbox 1024 2469 1078 2497; x_wconf 87' lang='lat' dir='ltr'><strong>hoc</strong></span> <span class='ocrx_word' id='word_1_689' title='bbox 1096 2474 1138 2497; x_wconf 88' lang='lat' dir='ltr'><strong>est</strong></span> <span class='ocrx_word' id='word_1_690' title='bbox 1150 2470 1304 2498; x_wconf 83' lang='lat' dir='ltr'><strong>daemonum</strong></span> <span class='ocrx_word' id='word_1_691' title='bbox 1327 2473 1453 2500; x_wconf 83' lang='lat' dir='ltr'><strong>examina</strong></span> <span class='ocrx_word' id='word_1_692' title='bbox 1469 2473 1682 2500; x_wconf 85' lang='lat' dir='ltr'><strong>commovebun-</strong></span> 
     </span>
    </p>
   </div>
   <div class='ocr_carea' id='block_1_96' title="bbox 894 2512 1683 2547">
    <p class='ocr_par' dir='ltr' id='par_1_96' title="bbox 894 2512 1683 2547">
     <span class='ocr_line' id='line_1_96' title="bbox 894 2512 1683 2547; baseline 0.005 -7"><span class='ocrx_word' id='word_1_693' title='bbox 894 2517 948 2547; x_wconf 82' lang='lat' dir='ltr'><strong>tur,</strong></span> <span class='ocrx_word' id='word_1_694' title='bbox 970 2518 1037 2542; x_wconf 88' lang='lat' dir='ltr'><strong>tunc</strong></span> <span class='ocrx_word' id='word_1_695' title='bbox 1054 2519 1079 2541; x_wconf 85' lang='lat' dir='ltr'><strong>te</strong></span> <span class='ocrx_word' id='word_1_696' title='bbox 1102 2519 1222 2542; x_wconf 89' lang='lat' dir='ltr'><strong>metuent</strong></span> <span class='ocrx_word' id='word_1_697' title='bbox 1246 2516 1371 2545; x_wconf 89' lang='lat' dir='ltr'><strong>homines</strong></span> <span class='ocrx_word' id='word_1_698' title='bbox 1395 2518 1422 2544; x_wconf 89' lang='lat' dir='ltr'><strong>in</strong></span> <span class='ocrx_word' id='word_1_699' title='bbox 1446 2512 1585 2545; x_wconf 60' lang='lat' dir='ltr'><strong>cxtremis&#39;</strong></span> <span class='ocrx_word' id='word_1_700' title='bbox 1602 2521 1683 2544; x_wconf 63' lang='lat' dir='ltr'><strong>terra:</strong></span> 
     </span>
    </p>
   </div>
   <div class='ocr_carea' id='block_1_97' title="bbox 895 2559 1682 2598">
    <p class='ocr_par' dir='ltr' id='par_1_97' title="bbox 895 2559 1682 2598">
     <span class='ocr_line' id='line_1_97' title="bbox 895 2559 1682 2598; baseline 0.004 -12"><span class='ocrx_word' id='word_1_701' title='bbox 895 2559 998 2587; x_wconf 88' lang='lat' dir='ltr'><strong>finibus</strong></span> <span class='ocrx_word' id='word_1_702' title='bbox 1013 2560 1165 2591; x_wconf 84' lang='lat' dir='ltr'><strong>constituti,</strong></span> <span class='ocrx_word' id='word_1_703' title='bbox 1184 2561 1317 2588; x_wconf 90' lang='lat' dir='ltr'><strong>miracula</strong></span> <span class='ocrx_word' id='word_1_704' title='bbox 1334 2562 1454 2598; x_wconf 81' lang='lat' dir='ltr'><strong>ingentia</strong></span> <span class='ocrx_word' id='word_1_705' title='bbox 1471 2563 1682 2598; x_wconf 84' lang='lat' dir='ltr'><strong>conspicientes,</strong></span> 
     </span>
    </p>
   </div>
   <div class='ocr_carea' id='block_1_98' title="bbox 895 2604 1421 2640">
    <p class='ocr_par' dir='ltr' id='par_1_98' title="bbox 895 2604 1421 2640">
     <span class='ocr_line' id='line_1_98' title="bbox 895 2604 1421 2640; baseline 0.01 -9"><span class='ocrx_word' id='word_1_706' title='bbox 895 2612 956 2640; x_wconf 52' lang='lat' dir='ltr'><strong>qua).</strong></span> <span class='ocrx_word' id='word_1_707' title='bbox 970 2605 1022 2632; x_wconf 89' lang='lat' dir='ltr'><strong>sub</strong></span> <span class='ocrx_word' id='word_1_708' title='bbox 1037 2604 1183 2633; x_wconf 88' lang='lat' dir='ltr'><strong>adventum</strong></span> <span class='ocrx_word' id='word_1_709' title='bbox 1202 2610 1278 2634; x_wconf 88' lang='lat' dir='ltr'><strong>tuum</strong></span> <span class='ocrx_word' id='word_1_710' title='bbox 1297 2608 1421 2636; x_wconf 87' lang='lat' dir='ltr'><strong>edentur.</strong></span> 
     </span>
    </p>
   </div>
   <div class='ocr_carea' id='block_1_99' title="bbox 689 2673 1046 2710">
    <p class='ocr_par' dir='ltr' id='par_1_99' title="bbox 689 2673 1046 2710">
     <span class='ocr_line' id='line_1_99' title="bbox 689 2673 1046 2710; baseline 0 -9"><span class='ocrx_word' id='word_1_711' title='bbox 689 2673 758 2701; x_wconf 86' lang='lat' dir='ltr'><strong>Item</strong></span> <span class='ocrx_word' id='word_1_712' title='bbox 772 2675 799 2702; x_wconf 86' lang='lat' dir='ltr'><strong>in</strong></span> <span class='ocrx_word' id='word_1_713' title='bbox 816 2679 963 2710; x_wconf 80' lang='lat' dir='ltr'><strong>sequentem</strong></span> <span class='ocrx_word' id='word_1_714' title='bbox 980 2682 1003 2701; x_wconf 85' lang='grc' dir='ltr'>υ.</span> <span class='ocrx_word' id='word_1_715' title='bbox 1019 2673 1046 2702; x_wconf 85' lang='lat'><strong>9.</strong></span> 
     </span>
    </p>
   </div>
   <div class='ocr_carea' id='block_1_100' title="bbox 90 2721 843 2758">
    <p class='ocr_par' dir='ltr' id='par_1_100' title="bbox 90 2721 843 2758">
     <span class='ocr_line' id='line_1_100' title="bbox 90 2721 843 2758; baseline 0 -9"><span class='ocrx_word' id='word_1_716' title='bbox 90 2721 278 2753; x_wconf 79' lang='grc' dir='ltr'>Ἆθανασιου,</span> <span class='ocrx_word' id='word_1_717' title='bbox 296 2721 443 2749; x_wconf 78' lang='grc' dir='ltr'>Εὐσεϐίου</span> <span class='ocrx_word' id='word_1_718' title='bbox 463 2722 512 2749; x_wconf 74' lang='grc' dir='ltr'>καὶ</span> <span class='ocrx_word' id='word_1_719' title='bbox 527 2722 690 2757; x_wconf 74' lang='grc' dir='ltr'>Κυρίλλου.</span> <span class='ocrx_word' id='word_1_720' title='bbox 709 2723 763 2749; x_wconf 79' lang='grc' dir='ltr'>Καὶ</span> <span class='ocrx_word' id='word_1_721' title='bbox 780 2723 843 2758; x_wconf 80' lang='grc' dir='ltr'>μέν-</span> 
     </span>
    </p>
   </div>
   <div class='ocr_carea' id='block_1_101' title="bbox 48 2766 841 2804">
    <p class='ocr_par' dir='ltr' id='par_1_101' title="bbox 48 2766 841 2804">
     <span class='ocr_line' id='line_1_101' title="bbox 48 2766 841 2804; baseline 0.001 -11"><span class='ocrx_word' id='word_1_722' title='bbox 48 2773 87 2793; x_wconf 83' lang='grc' dir='ltr'><strong>τοι</strong></span> <span class='ocrx_word' id='word_1_723' title='bbox 102 2767 166 2793; x_wconf 74' lang='grc' dir='ltr'>ἂταν</span> <span class='ocrx_word' id='word_1_724' title='bbox 173 2767 209 2793; x_wconf 77' lang='grc' dir='ltr'><strong>τὰ</strong></span> <span class='ocrx_word' id='word_1_725' title='bbox 222 2766 329 2802; x_wconf 77' lang='grc' dir='ltr'>μεγάλα</span> <span class='ocrx_word' id='word_1_726' title='bbox 343 2769 442 2803; x_wconf 79' lang='grc' dir='ltr'>σημεῖα</span> <span class='ocrx_word' id='word_1_727' title='bbox 456 2767 642 2804; x_wconf 78' lang='grc' dir='ltr'>θεωρήσαντες</span> <span class='ocrx_word' id='word_1_728' title='bbox 655 2768 679 2794; x_wconf 79' lang='grc' dir='ltr'>οἱ</span> <span class='ocrx_word' id='word_1_729' title='bbox 691 2768 741 2804; x_wconf 81' lang='grc' dir='ltr'>τὴν</span> <span class='ocrx_word' id='word_1_730' title='bbox 750 2769 841 2794; x_wconf 73' lang='grc' dir='ltr'>οἰκου-</span> 
     </span>
    </p>
   </div>
   <div class='ocr_carea' id='block_1_102' title="bbox 84 2831 892 2877">
    <p class='ocr_par' dir='ltr' id='par_1_102' title="bbox 84 2831 892 2877">
     <span class='ocr_line' id='line_1_102' title="bbox 84 2831 892 2877; baseline 0.005 -17"><span class='ocrx_word' id='word_1_731' title='bbox 84 2831 202 2862; x_wconf 72' lang='grc' dir='ltr'><strong>³³1εοιι.</strong></span> <span class='ocrx_word' id='word_1_732' title='bbox 219 2833 315 2867; x_wconf 80' lang='lat' dir='ltr'><strong>ut,i6.</strong></span> <span class='ocrx_word' id='word_1_733' title='bbox 348 2833 482 2877; x_wconf 38' lang='lat' dir='ltr'><strong>_&quot;.Matth.</strong></span> <span class='ocrx_word' id='word_1_734' title='bbox 504 2843 561 2868; x_wconf 74' lang='lat' dir='ltr'><strong>vui,</strong></span> <span class='ocrx_word' id='word_1_735' title='bbox 579 2833 624 2862; x_wconf 71' lang='lat' dir='ltr'><strong>2f.</strong></span> <span class='ocrx_word' id='word_1_736' title='bbox 664 2835 686 2851; x_wconf 70' lang='grc' dir='ltr'><strong>⁸ο</strong></span> <span class='ocrx_word' id='word_1_737' title='bbox 698 2833 792 2864; x_wconf 82' lang='lat' dir='ltr'><strong>Matth.</strong></span> <span class='ocrx_word' id='word_1_738' title='bbox 806 2835 892 2873; x_wconf 39' lang='lat'><strong>3‘35.</strong></span> 
     </span>
    </p>
   </div>
   <div class='ocr_carea' id='block_1_103' title="bbox 933 2721 1683 2758">
    <p class='ocr_par' dir='ltr' id='par_1_103' title="bbox 933 2721 1683 2758">
     <span class='ocr_line' id='line_1_103' title="bbox 933 2721 1683 2758; baseline 0.001 -10"><span class='ocrx_word' id='word_1_739' title='bbox 933 2722 1085 2755; x_wconf 80' lang='lat' dir='ltr'><strong>Athanasii,</strong></span> <span class='ocrx_word' id='word_1_740' title='bbox 1110 2721 1217 2749; x_wconf 75' lang='lat' dir='ltr'><strong>Eusebii</strong></span> <span class='ocrx_word' id='word_1_741' title='bbox 1241 2728 1266 2750; x_wconf 90' lang='lat' dir='ltr'><strong>et</strong></span> <span class='ocrx_word' id='word_1_742' title='bbox 1292 2723 1398 2758; x_wconf 76' lang='lat' dir='ltr'><strong>Cyrillt&#39;.</strong></span> <span class='ocrx_word' id='word_1_743' title='bbox 1429 2723 1461 2750; x_wconf 86' lang='lat' dir='ltr'><strong>Et</strong></span> <span class='ocrx_word' id='word_1_744' title='bbox 1483 2722 1590 2758; x_wconf 87' lang='lat' dir='ltr'><strong>quidem</strong></span> <span class='ocrx_word' id='word_1_745' title='bbox 1620 2729 1683 2749; x_wconf 88' lang='lat' dir='ltr'><strong>cum</strong></span> 
     </span>
    </p>
   </div>
   <div class='ocr_carea' id='block_1_104' title="bbox 897 2766 1683 2807">
    <p class='ocr_par' dir='ltr' id='par_1_104' title="bbox 897 2766 1683 2807">
     <span class='ocr_line' id='line_1_104' title="bbox 897 2766 1683 2807; baseline -0.001 -11"><span class='ocrx_word' id='word_1_746' title='bbox 897 2767 1124 2807; x_wconf 71' lang='lat' dir='ltr'><strong>viderintmagna</strong></span> <span class='ocrx_word' id='word_1_747' title='bbox 1145 2769 1190 2796; x_wconf 82' lang='lat' dir='ltr'><strong>illa</strong></span> <span class='ocrx_word' id='word_1_748' title='bbox 1202 2769 1278 2804; x_wconf 80' lang='lat' dir='ltr'><strong>signa</strong></span> <span class='ocrx_word' id='word_1_749' title='bbox 1295 2769 1342 2804; x_wconf 87' lang='lat' dir='ltr'><strong>qui</strong></span> <span class='ocrx_word' id='word_1_750' title='bbox 1366 2768 1459 2796; x_wconf 85' lang='lat' dir='ltr'><strong>orbem</strong></span> <span class='ocrx_word' id='word_1_751' title='bbox 1484 2773 1622 2795; x_wconf 89' lang='lat' dir='ltr'><strong>terrarum</strong></span> <span class='ocrx_word' id='word_1_752' title='bbox 1638 2766 1683 2795; x_wconf 80' lang='lat' dir='ltr'><strong>in-</strong></span> 
     </span>
    </p>
   </div>
  </div>
