1919 3051
239 145 296 174 579
664 144 692 170 S.
706 143 797 170 ATHA
803 143 986 179 NASl’l‘OPP.
1007 143 1034 170 Ρε

1088 143 1098 170 ἱ
1117 141 1163 170 Ill.
1183 156 1218 161 --
1236 140 1441 168 ΕΧΕΟΕΤΙΟΑ.
1816 135 1866 162 530

242 203 348 236 colunt,
365 210 396 230 ae
411 204 551 230 timuerint
570 203 622 230 sibi
636 203 734 230 timore
746 203 828 235 bono,
843 209 908 230 tunc
933 203 1027 237 utique

1088 202 1162 236 ιένην
1190 200 1326 231 οἰκοῦντες
1342 199 1479 235 φοϐηθῶσι
1504 198 1549 224 τὸν
1575 196 1675 229 ἀγαθὸν
1693 196 1789 230 φόϐον,
1807 195 1864 220 τότε

215 250 220 258 “
245 254 301 276 tam
328 249 470 275 matutinis
491 255 572 282 quam
599 247 759 282 vespertinis
776 247 931 278 egressibus
955 247 1028 282 (hoc

245 300 296 326 est,
313 295 388 322 omni
405 294 544 328 tempore)
570 294 691 320 laetantes
712 293 918 320 oblectabuntur
944 294 970 320 in
995 293 1028 321 iis

244 347 306 374 qua:
321 339 423 366 Christi
439 339 569 365 adventus
589 338 732 372 reparavit.
745 337 830 365 Porro
849 339 934 372 ipsius
946 338 1028 365 etiam

245 385 348 412 Christi
372 385 427 411 duo
447 389 510 411 sunt
534 392 671 418 egressus,
696 387 743 410 aut
766 391 944 418 progressus:
963 384 1030 411 alter

245 431 354 466 quidem
372 438 463 462 mane,
478 431 528 457 hoc
542 434 583 456 est
608 434 670 456 ante
684 437 791 456 onmem
807 430 981 456 :eternitatem
996 438 1030 457 ex

245 476 325 503 Patre
344 475 444 507 factus,
466 475 615 502 secundum
641 474 728 501 illud:
753 473 922 509 Egressioncs
937 476 994 509 ejus
1013 483 1030 501 a

241 521 374 556 principio
397 529 414 547 α
435 521 525 548 diebus
544 521 646 548 (uernis
658 520 681 536 υ
701 529 708 554 ;
730 520 798 547 alter
823 528 887 547 vero
907 521 1029 554 vesperi,

244 567 290 594 ille
304 568 435 594 nimirum
461 575 495 594 ex
517 567 632 601 virgine,
649 567 695 601 qui
712 566 826 601 contigit
851 566 878 593 in
901 574 1030 594 consum-

244 614 366 640 matione
395 613 569 640 saeculorum.
596 612 715 647 Uterque
738 617 829 639 autem
859 612 1031 639 delectationi

245 665 286 686 est
298 664 324 686 et
339 660 448 695 gaudio.
466 659 646 694 Symmachus
660 659 769 693 quidem
791 658 916 689 reddens,
937 659 1031 684 Acces»

245 706 332 732 siones
358 705 486 732 matutini
509 710 534 731 et
552 713 662 739 vespera:
688 705 810 731 laudibus
834 704 955 738 efferunt,
980 705 1032 731 hoc

243 751 336 778 dicere
359 751 478 781 videtur,
493 751 565 785 quod
585 755 612 777 et
628 751 767 778 exoriente
793 754 820 777 et
835 750 974 777 desinente
989 750 1032 777 die

245 801 385 831 acceptam
402 796 456 824 Deo
473 796 586 824 oﬂ‘e‘rent
601 796 708 823 laudem
729 796 758 828 ii,
775 796 823 830 qui
846 803 938 822 errore
953 795 1032 823 dere-

245 841 321 876 licto,
339 848 435 870 natura
451 842 536 870 Deum
553 847 749 877 cognoverunt.

1078 249 1110 283 δὴ
1128 249 1173 274 καὶ
1186 249 1225 280 εἰς
1249 248 1297 279 τὰς
1311 247 1416 282 πρωῖας
1430 246 1476 272 καὶ
1489 246 1530 276 εἱς
1542 244 1589 275 τάς
1606 243 1727 277 ἑσπέρας
1748 241 1864 274 ἐξόδους,

1078 294 1216 320 τουτέστιν
1231 294 1260 320 ὲν
1279 293 1360 320 παντὶ
1370 291 1467 327 καιρῷ,
1483 290 1578 326 τέρψις
1592 290 1666 315 ἔσται
1679 289 1772 318 αὐτοῖς
1784 288 1864 321 ἀγαλ-

1079 340 1229 374 λιωμὲνοις,
1245 339 1286 374 ἐφ’
1305 336 1346 370 οἷς
1359 337 1540 373 κατώρθωσεν
1556 337 1572 371 ἠ
1585 334 1702 370 Χριστοῦ
1717 334 1866 369 παρουσία.

1079 387 1134 412 Καὶ
1147 386 1228 412 αὑτοῦ
1239 386 1267 412 δὲ
1287 385 1333 412 τοῦ
1347 383 1464 420 Χριστοῦ
1479 382 1525 409 δύο
1534 382 1628 415 ἔξοδοι,
1643 381 1727 416 ἡγουν
1743 379 1864 413 1796030:-

1080 433 1096 468 ἡ
1112 433 1159 468 μὲν
1179 432 1284 467 πρωῖας
1295 451 1304 464 ,
1326 431 1379 466 πρὸ
1395 431 1502 456 πάντων
1521 428 1574 454 τῶν
1589 427 1692 454 αἰώνων
1710 427 1743 452 ἐκ
1761 425 1866 459 Πατρδς

1079 477 1221 512 γενομένη,
1232 477 1302 503 κατὰ
1316 476 1347 502 τό
1358 485 1366 492 ο
1383 477 1417 502 At
1431 474 1530 507 ἔξοδοι
1544 471 1637 500 αὑτοῦ
1649 472 1699 498 ἀπ’
1718 469 1820 504 ἀρχῆς
1835 469 1866 499 ἐξ

1080 523 1196 558 ἡμερῶν
1209 522 1330 555 αἰῶνος·
1350 522 1366 557 ἡ
1378 522 1406 547 δὲ
1418 521 1549 556 ἑσπέρας,
1563 520 1579 554 ὴ
1592 519 1625 545 ἐκ
1643 517 1793 553 παρθένου,
1811 516 1867 551 ἣτις

1081 572 1127 597 ἐπὶ
1141 570 1279 605 συντελείᾳ
1302 570 1356 596 τῶν
1372 568 1476 595 αἰώνων
1495 567 1660 602 ἀπήντησεν.
1688 563 1827 597 Ἐκατέρα
1842 561 1868 588 δι

1081 616 1175 651 τέρψις
1198 615 1256 642 ἐστὶ
1285 615 1331 641 καὶ
1360 614 1528 648 ἀγαλλίασις.
1555 612 1584 638 '0
1612 611 1703 646 μέντοι
1720 609 1869 644 Σύμμαχος

1081 660 1175 693 εἰπὼν,
1201 661 1255 693 Τὰς
1283 661 1498 694 προσελεύσεις
1525 658 1578 686 τοῦ
1604 658 1710 691 ὄρθρου
1737 655 1789 681 καὶ
1817 653 1868 687 τῆς

1082 706 1212 740 ἑσπέρας
1225 707 1438 741 ὑμνολογοῦσι,
1457 706 1536 733 τοῦτο
1549 706 1622 732 δοκεῖ
1639 703 1741 736 λέγειν.
1762 703 1806 728 ὅτι
1826 700 1869 726 καὶ

1082 750 1236 786 ἀρχομένης
1251 752 1298 778 καὶ
1308 751 1444 786 ληγούσης
1452 750 1559 786 ἡμέρας
1571 749 1619 784 τὴν
1631 747 1749 783 ἀρεστὴν
1761 746 1801 780 τῷ
1812 745 1868 779 Θεῷ

1084 797 1272 832 προσοίσουσιν
1287 797 1421 832 ὑμνῳδίαν
1431 797 1455 822 οῑ
1469 796 1517 832 τὴν
1541 795 1644 831 πλάνην
1660 792 1857 821 καταλιπόντες

1083 841 1127 868 τὸν
1143 841 1170 867 δὲ
1188 842 1266 876 φύσει
1288 843 1397 876 γνόντες
1413 842 1488 868 Θεὸν.

419 899 454 926 Et
473 900 499 926 in
513 908 614 926 versum
630 899 715 925 adhuc
729 904 886 933 sequentem,
902 898 1013 925 litterati
1025 898 1186 932 expositione
1200 906 1232 925 ex
1251 898 1410 926 Theodoreto
1421 899 1590 932 prwcedente,
1604 906 1626 924 υ.
1645 897 1677 924 10
1692 905 1699 923 :

282 957 455 984 Athanasius.
481 956 636 984 Secundum
654 957 819 983 intellectum
840 961 952 983 autem:
979 956 1032 983 Ex-
1047 962 1068 989 Β

245 1002 387 1034 saturasti,
404 1003 501 1038 inquit.
523 1007 622 1030 terram
638 1003 792 1030 universam
814 1002 893 1030 bonis
916 1003 969 1029 tuis
985 1003 1032 1028 de-

246 1056 367 1081 sursum,
383 1048 527 1082 implevisti
543 1049 637 1084 gratiis
658 1049 844 1082 spiritualihus
865 1056 959 1076 omnes
985 1048 1032 1082 qui

246 1094 299 1122 sub
319 1094 388 1121 caelo
405 1094 526 1129 degunt;
551 1102 602 1122 nos
629 1102 692 1121 vero
720 1099 784 1121 tunc
803 1094 982 1126 errabundus,
1001 1101 1033 1120 ac

247 1141 334 1168 instar
347 1145 425 1168 terrae
439 1141 521 1168 aridae
536 1141 712 1175 etinaquosae
731 1141 905 1171 constitutos,
921 1139 1032 1172 fertiles,

246 1186 303 1213 {Ino
319 1186 529 1214 fecundissimos
541 1194 573 1214 ac
593 1194 656 1214 vere
670 1193 764 1214 sacros
776 1185 930 1213 reddidisti.

1124 956 1304 990 Ἀθίινὰσιος.
1335 956 1406 992 Πρὸς
1431 956 1460 982 δὲ
1481 956 1615 982 διάνοιαν
1650 956 1866 990 Κατεκὸρετας,

1086 1003 1162 1038 φησι,
1180 1003 1232 1029 τῶν
1246 1002 1348 1029 ἄνωθεν
1360 1002 1470 1037 ἀγαθῶν
1490 1003 1538 1038 τὴν
1565 1004 1710 1037 σύμπασαν
1735 1001 1805 1036 γῆν
1823 1009 1866 1026 πει

1085 1050 1233 1085 πλήρωκας
1247 1049 1301 1076 τῶν
1314 1049 1504 1084 πνευματικῶν
1521 1049 1698 1084 χαρισμάτων
1714 1048 1778 1077 τοὺς
1800 1046 1865 1072 κατὰ

1086 1096 1175 1122 πᾶσαν
1190 1095 1270 1126 ὄντας
1293 1095 1342 1130 τὴν
1359 1095 1404 1122 ὑπ’
1420 1095 1532 1130 οὐρανόν
1543 1104 1550 1110 ·
1565 1095 1639 1129 ἡμᾶς
1667 1094 1695 1120 δὲ
1724 1094 1788 1124 τοὺς
1809 1091 1865 1118 τότε

1085 1140 1287 1175 πλανωμένους,
1301 1141 1351 1175 γῆν
1363 1140 1456 1175 ὥσπερ
1467 1139 1528 1167 τινὰ
1543 1140 1627 1175 ξηρὰν
1642 1139 1721 1170 ὄντας
1752 1140 1800 1164 καὶ
1821 1138 1866 1165 ἆν-

1086 1186 1174 1222 υδρον,
1189 1187 1360 1222 καρποφόρον
1374 1185 1511 1220 ἀνέδειξας
1521 1207 1527 1218 ,
1546 1186 1591 1212 καὶ
1603 1185 1801 1221 γονιμωτάτην,
1822 1184 1866 1211 καὶ

1086 1232 1161 1267 ἱεράν
1177 1233 1293 1268 άληθῶς.

755 1285 769 1312 1
773 1287 852 1313 tidem
867 1291 891 1313 et
905 1287 931 1313 in
951 1295 1050 1314 versant
1063 1290 1180 1323 proxime
1194 1295 1350 1324 sequentem.

275 1341 457 1368 ’Athanasius.
476 1340 630 1368 Secundum
654 1346 744 1369 autem
764 1342 966 1378 intelligentiam
982 1343 1032 1370 ﬂu-

247 1387 310 1414 vius
327 1386 384 1421 iDei
413 1391 454 1414 est
478 1387 632 1421 unigenitus
658 1388 717 1422 ejus
730 1387 825 1415 Filius.
850 1388 1033 1421 Quemadmo-

249 1433 314 1460 dum
337 1433 409 1460 enim
433 1440 464 1459 ex
482 1431 556 1459 fonte
573 1433 683 1467 proﬂuit
705 1435 803 1462 ﬂuvius
816 1455 822 1467 ,
845 1436 881 1462 ita
902 1436 982 1463 etiam
1000 1444 1033 1463 ex

249 1479 402 1505 substantia
427 1479 580 1512 generantis
605 1479 725 1506 nascitur
742 1480 838 1513 Filius,
864 1486 891 1509 et
916 1486 968 1509 est'
983 1482 1035 1516 ipsi

251 1524 502 1552 consubstantialis.
522 1524 569 1551 Est
582 1525 662 1552 etiam
679 1526 774 1560 plenus
788 1528 876 1562 aquis,
897 1528 960 1562 quia
977 1528 1033 1563 ple-

249 1570 345 1597 nitudo
363 1570 470 1597 deitatis
486 1570 590 1597 habitat
603 1571 629 1597 in
645 1571 723 1606 ipso:
740 1571 774 1598 Et
790 1573 902 1599 vidimus
923 1574 1035 1608 gloriam

246 1616 370 1650 ejus,'qui
386 1616 476 1650 plenus
492 1621 547 1642 erat
568 1617 657 1651 gratia
671 1621 694 1643 et
707 1617 813 1644 ueritate
824 1618 856 1644 ".
873 1618 1035 1654 Quanquam

249 1662 330 1688 etiam
346 1669 393 1696 per
407 1661 518 1688 ﬂuvium
536 1662 623 1696 possit
637 1662 750 1697 intelligi
767 1663 824 1697 ipse
839 1662 956 1698 Spiritus
971 1672 1036 1692 san-

249 1712 324 1740 ctus,
340 1708 387 1742 qui
413 1708 510 1742 plenus
529 1714 570 1735 est
591 1709 680 1743 aquis,
709 1709 760 1736 hoc
779 1714 822 1737 est
844 1710 926 1737 variis
944 1711 1036 1745 gratiae

250 1752 530 1788 donis.,Pr:eparalus
544 1758 633 1780 autem
658 1761 718 1782 esse
742 1755 840 1782 dicitur
862 1756 938 1783 cibus
957 1757 1036 1788 spiri-

250 1799 343 1830 tualis,
361 1805 394 1825 eo
416 1798 488 1832 quod
506 1803 567 1825 ante
580 1799 654 1833 jacta
672 1800 765 1826 mundi
790 1799 975 1832 fundamenta,
988 1801 1036 1828 de-

250 1844 358 1871 ﬁnitum
376 1852 409 1871 ac
424 1844 562 1871 decretum
592 1849 651 1872 erat
673 1844 775 1872 Christi
800 1846 969 1881 mysterium,
989 1846 1035 1881 qui

249 1891 326 1924 panis
341 1895 391 1921 est,
408 1890 453 1926 qui
466 1890 497 1916 de
508 1890 572 1917 caelo
584 1890 726 1922 descendit,
748 1900 779 1918 ac
796 1892 842 1918 dat
862 1893 943 1919 vitam
960 1901 1036 1919 niun-

250 1936 325 1962 do".
345 1935 424 1968 Quia,
448 1936 546 1970 inquit,
570 1937 626 1964 haec
646 1942 688 1965 est
711 1937 755 1964 illa
781 1939 952 1972 prwparatio,
979 1938 1035 1965 Veri

250 1982 325 2009 cibi:
350 1983 422 2016 quod
442 1983 499 2017 ipse
521 1990 584 2010 eum
607 1983 784 2017 praeparasti,
813 1989 838 2010 et
859 1991 913 2010 non
936 1984 1034 2011 aliter:

250 2027 329 2062 quasi
349 2029 460 2061 diceret,
476 2036 582 2055 summa
600 2028 767 2062 providentia
792 2036 823 2055 ac
848 2028 927 2063 digne
953 2029 1036 2063 maie-

251 2078 321 2101 state
346 2074 445 2100 divina.
465 2073 520 2101 Deo
538 2074 610 2101 enim
633 2074 760 2101 convertit
785 2075 846 2101 talia
872 2082 1033 2109 praeparare,

250 2127 368 2153 quorum
393 2119 438 2154 qui
462 2119 528 2146 liunt
553 2120 707 2154 participes,
733 2121 749 2146 ii
774 2128 820 2155 per
849 2121 1033 2155 paenitentiam

250 2167 438 2193 conscendunt
455 2167 489 2193 ad
503 2166 622 2193 divinam
640 2167 834 2201 dignationem.

1125 1345 1305 1377 ’Aaavdmcc.
1325 1345 1396 1381 Πρὸς
1419 1344 1447 1370 δὲ
1468 1344 1530 1370 νοῦν
1552 1343 1674 1379 ποταμὸς
1697 1343 1764 1370 Θεοῦ
1782 1344 1797 1369 ὁ
1812 1345 1866 1371 Μο·

1084 1391 1204 1425 νογενής.
1227 1389 1269 1422 Ὠς
1280 1390 1333 1425 γὰρ
1343 1390 1395 1416 άπὸ
1407 1389 1496 1425 πηγῆς
1511 1389 1617 1424 ἔρχεται
1642 1389 1770 1424 ποταμὺς,
1799 1389 1867 1416 οὕτω

1086 1436 1133 1464 καὶ
1146 1436 1225 1467 αὐτὸς
1237 1437 1268 1462 ἐκ
1283 1436 1332 1471 τῆς
1342 1435 1388 1461 τοῦ
1404 1435 1528 1466 τεκόντος
1539 1434 1643 1466 οὐσίας,
1658 1435 1705 1461 καὶ
1717 1435 1792 1461 ἐστιν
1803 1437 1867 1470 ὁμο-

1086 1480 1176 1512 οὑσιος
1193 1479 1280 1514 αὐτῷ’
1293 1480 1321 1511 ὃς
1341 1480 1446 1514 πλήρης
1460 1480 1562 1506 ὑδάτων
1577 1480 1650 1505 ἐστίν
1661 1487 1668 1493 '
1685 1480 1746 1505 ἐπεὶ
1760 1480 1789 1506 τὸ
1801 1479 1867 1515 πλή-

1089 1533 1167 1560 ρωμα.
1183 1525 1231 1559 τῆς
1244 1524 1369 1559 θεότητος
1383 1525 1411 1551 ἐν
1423 1524 1496 1559 αὐτῷ
1518 1524 1649 1551 κατοικεῖ.
1677 1524 1734 1551 Καὶ
1748 1525 1868 1552 ἐθεασάο

1083 1571 1160 1604 μεθα
1173 1570 1229 1603 τὴν
1245 1570 1337 1602 δόξαν
1349 1568 1440 1596 αὑτοῦ
1453 1577 1459 1583 ·
1473 1570 1591 1603 πλήρης
1600 1569 1719 1604 χάριτος
1729 1572 1779 1597 καὶ
1795 1572 1869 1605 ἁλη-

1087 1615 1177 1648 θειας.
1194 1615 1311 1650 Νοηθείη
1338 1615 1359 1640 δ’
1374 1614 1406 1641 ἂν
1430 1614 1550 1650 ποταμὸς
1574 1616 1621 1642 καὶ
1643 1616 1672 1642 τὸ
1702 1616 1814 1651 Πνεῦμα
1839 1617 1870 1643 τὸ

1087 1662 1173 1694 ἅγιον,
1201 1661 1302 1697 πλῆρες
1324 1660 1425 1687 ὑδάτων
1441 1661 1495 1687 τῶν
1520 1662 1654 1697 διαφόρων
1681 1664 1868 1698 χαρισμάτων.

1091 1706 1269 1742 Ἦτοιμάσθαι
1282 1707 1310 1733 δέ
1327 1715 1391 1741 φησι
1406 1707 1454 1741 τὴν
1469 1709 1654 1743 πνευματικὴν
1675 1709 1787 1744 τροφὴν,
1801 1709 1867 1736 διότι

1087 1753 1139 1788 πρὸ
1155 1752 1305 1787 καταϐολῆς
1320 1753 1422 1787 κόσμου
1438 1751 1551 1788 ὥρισται
1576 1753 1606 1780 τὸ
1618 1754 1737 1788 Χριστοῦ
1765 1756 1865 1791 μυστή-

1075 1798 1154 1834 ¹ριον,
1170 1799 1199 1830 ὃς
1213 1799 1299 1826 ἐστιν
1314 1799 1403 1834 ἄρτος
1419 1801 1453 1827 ἐκ
1462 1800 1514 1826 τοῦ
1525 1800 1653 1834 οὐρανοῦ
1671 1801 1810 1834 καταϐὰς,
1821 1801 1870 1828 καὶ

1087 1844 1163 1878 ζωὴν
1173 1844 1274 1878 διδοὺς
1291 1845 1330 1878 τῷ
1343 1847 1454 1880 κόσμῳ.
1474 1847 1535 1873 Ὅτι
1547 1846 1641 1878 οὕτως,
1660 1847 1753 1882 φησιν,
1766 1848 1784 1882 ἡ
1801 1848 1870 1874 ἑτοι-

1088 1890 1172 1925 μασία
1193 1891 1244 1925 τῆς
1265 1891 1394 1927 ἀληθινῆς
1410 1892 1530 1927 τροφῆς,
1545 1892 1583 1924 ὡς
1607 1892 1688 1924 αὐτὸς
1710 1894 1868 1929 ἡτοίμασας.

1087 1937 1133 1963 καὶ
1145 1937 1193 1964 οὐκ
1200 1937 1286 1969 ἄλλως
1296 1938 1325 1971 (1⁵.
1335 1937 1433 1970 ἄλλοςἰ·
1447 1939 1506 1964 ἀντὶ
1514 1938 1570 1970 τοῦ,
1580 1939 1818 1974 προνοητικώτατα
1824 1941 1869 1966 καὶ

1087 1981 1253 2017 θεοπρεπῶς.
1266 1982 1325 2017 Θεῷ
1338 1985 1392 2018 γὰρ
1405 1983 1504 2018 πρέπει
1517 1983 1628 2009 τοιαῦτα
1641 1983 1796 2019 ἑτοιμάζειν
1808 2005 1815 2016 ,
1830 1982 1866 2011 ὧν

1086 2027 1110 2053 οἳ
1129 2027 1378 2062 μεταλαμϐάνονται
1395 2030 1434 2060 εἰς
1445 2028 1521 2061 ἀξίαν
1532 2029 1599 2056 Θεοῦ
1607 2029 1650 2056 διὰ
1665 2030 1713 2064 τῆς
1730 2030 1869 2065 μετανοίας

1086 2072 1284 2100 ἀναϐαίνουσιν.

515 2222 608 2249 Adhuc
622 2223 648 2248 in
660 2231 760 2249 versum
778 2229 934 2257 sequentem,
949 2226 1086 2259 prwmissa
1099 2235 1190 2254 rursus
1207 2227 1361 2255 Theodoreti
1373 2230 1511 2262 sententia,
1525 2239 1549 2258 v.
1563 2230 1608 2257 H.

260 2256 265 2263 ’
289 2269 430 2296 Athanasii
441 2273 465 2295 et
478 2268 592 2295 Eusebii.
608 2269 702 2295 Alliori
718 2277 780 2296 vero
789 2256 1033 2304 contemplatione:
1051 2275 1075 2303 υ

254 2314 360 2341 Mamre
375 2314 474 2345 adhuc,
497 2314 594 2348 inquit,
609 2322 625 2340 ο
647 2314 770 2346 Domine,
795 2322 826 2342 ac
846 2316 903 2350 riga
922 2317 1034 2350 profun-

252 2360 351 2386 ditates
367 2359 490 2386 cordium
511 2359 691 2386 humanorum
719 2364 748 2386 ut
764 2360 865 2392 sulcos,
883 2366 909 2387 et
933 2361 1036 2389 inebria

252 2413 299 2432 eas
316 2413 348 2432 ac
366 2405 448 2432 redde
468 2404 580 2437 fertiles,
599 2410 628 2432 ut
642 2405 854 2440 multiplicemur
870 2406 973 2434 fructus
990 2408 1036 2442 ju-

253 2451 332 2478 stitiaa
346 2450 487 2485 ipsorum;
509 2458 562 2477 non
579 2451 666 2477 solum
685 2459 732 2485 per
758 2452 868 2479 ﬂuvium
893 2453 901 2487 (
918 2453 969 2480 hoc
995 2458 1036 2482 est

253 2503 301 2531 per
314 2496 426 2530 gratiam
440 2497 526 2523 sancti
544 2496 682 2531 Spiritus),
700 2497 745 2524 sed
769 2503 794 2524 et
814 2506 861 2533 per
888 2499 973 2526 stillas
990 2507 1035 2526 ro-

254 2546 344 2568 rantes
353 2549 368 2568 a
377 2542 523 2576 magistris,
534 2546 662 2577 tanquam
677 2551 710 2570 ex
725 2543 842 2571 nubibus
853 2545 1014 2579 quibusdam
1024 2555 1032 2573 :

253 2585 307 2614 hoc
336 2593 378 2615 est
407 2595 455 2622 per
489 2588 612 2616 notitiam
636 2593 663 2616 et
689 2589 854 2617 intellectum
881 2591 1036 2619 divinarum

255 2631 468 2667 Scripturarum.

1129 2273 1300 2301 Ἀθανασίου
1312 2274 1361 2301 καὶ
1376 2276 1532 2302 Εὐσεϐίου.
1547 2275 1727 2311 Θεωρητικῶς
1737 2276 1781 2303 δέ’
1802 2277 1871 2304 Ἐπί-

1089 2328 1189 2354 μεινον,
1205 2321 1280 2355 φησι,
1295 2320 1425 2353 Δέσποτα,
1443 2320 1477 2347 τὰ
1490 2320 1557 2356 βάθη
1571 2321 1619 2355 τῆς
1632 2321 1745 2356 καρδίας
1759 2322 1812 2348 τῶν
1825 2322 1871 2348 ἀν-

1089 2364 1203 2400 θρώπων
1218 2365 1342 2400 καθάπερ
1360 2365 1434 2397 τινὰς
1451 2365 1573 2398 αὔλακας
1587 2366 1686 2401 ἄρδων,
1715 2367 1764 2393 καὶ
1789 2367 1870 2402 μεθύ-

1090 2419 1172 2443 σκων,
1186 2412 1234 2437 καὶ
1246 2412 1286 2442 εἰς
1297 2413 1479 2447 καρπογονίαν
1495 2412 1634 2447 διεγείρων
1643 2422 1649 2427 ·
1666 2412 1737 2439 ὥστε
1756 2413 1872 2448 πληθυν-

1089 2455 1168 2491 θῆναι
1187 2456 1221 2483 τὰ
1234 2458 1391 2493 γεννήματα
1406 2457 1455 2493 τῆς
1468 2458 1639 2493 δικαιοσύνης
1656 2459 1762 2490 αὐτῶν,
1778 2460 1808 2486 οὐ
1823 2461 1871 2494 μό-

1088 2511 1132 2528 νον
1155 2502 1198 2529 διὰ
1219 2502 1266 2529 τοῦ
1285 2504 1405 2539 ποταμοῦ
1420 2504 1558 2539 (τουτέστι
1583 2504 1633 2538 τῆς
1652 2503 1700 2530 τοῦ
1715 2505 1872 2539 Πνεύματος

1086 2549 1218 2584 χάριτος),
1243 2550 1310 2576 ἀλλὰ
1323 2551 1370 2576 καὶ
1388 2551 1432 2576 διὰ
1447 2551 1501 2577 τῶν
1515 2550 1819 2586 φερομένωνιψεκάδων,
1835 2550 1872 2581 ὡς

1086 2594 1162 2629 παρά
1173 2603 1252 2621 τινων
1265 2595 1383 2630 νεφελῶν
1406 2595 1460 2621 τῶν
1479 2595 1663 2628 διδασκάλων,
1683 2596 1806 2622 τουτέστι
1829 2595 1872 2621 διά

1085 2639 1139 2666 τῶν
1151 2641 1292 2675 νοημάτων
1305 2640 1359 2667 τῶν
1372 2640 1451 2667 Θείων
1468 2641 1591 2676 Γραφιῖη.

842 2693 873 2720 Et
885 2693 912 2720 in
928 2695 1046 2728 proxime
1063 2703 1192 2723 annexum
1206 2706 1230 2725 ιν.
1248 2697 1288 2724 i2.

290 2736 461 2766 Athanasius.
489 2738 566 2771 Quod
587 2739 668 2775 igitur
694 2739 727 2767 ad
753 2739 897 2767 verborum
924 2748 1034 2768 sensum

252 2783 360 2817 attinet,
384 2793 485 2812 annum
503 2786 676 2821 benignitatis
692 2787 862 2814 benedictum
891 2787 1036 2822 appellavit

289 2840 310 2855 ¹⁸¹
323 2840 402 2868 Mich.
423 2850 448 2874 ν,
468 2843 495 2871 2.
533 2842 641 2869 "Jnan.
654 2851 672 2874 I,
693 2843 732 2870 l-i.
773 2844 793 2858 "’
808 2843 884 2870 Jnan.
903 2851 938 2876 \l,
952 2844 994 2870 55.

1130 2743 1312 2776 Ἀθανᾰσ-ιος.
1340 2745 1418 2771 Κατὰ
1443 2746 1490 2780 μὲν
1509 2745 1555 2772 οὖν
1582 2746 1611 2773 τὸ
1641 2746 1732 2782 ῥητὸν,
1749 2744 1870 2774 ἐνιαυτὸν

1089 2788 1270 2824 χρηστότητος
1283 2789 1475 2825 εὑ).ογούμενον
1488 2792 1532 2817 τὸν
1545 2791 1593 2827 τῆς
1617 2791 1743 2828 εὐθηνίας
1764 2792 1869 2828 ὠνόμα-
