1919 3051
28 136 84 164 584

529 133 741 161 FRAGMENTA
759 133 939 161 COMMENT.
961 132 995 160 IN
1017 131 1186 160 PSALMOS.

1612 131 1666 158 589.

28 203 92 226 cev,
108 195 146 225 ὼς
164 195 197 229 τῇ
214 193 261 220 τοῦ
283 192 350 220 Θεοῦ
369 192 532 228 χρηστότητι
550 193 599 228 τὴν
618 193 761 228 εὐετηρίαν
786 192 827 219 δε-

884 201 939 220 sum
954 192 1000 226 qui
1016 199 1160 227 prosperos
1179 197 1322 218 successus
1341 190 1446 223 habuit,
1463 194 1492 217 ut
1515 189 1560 225 qui
1577 198 1590 216 a
1619 190 1664 216 Dei

28 239 160 274 χύμενον,
173 239 221 264 καὶ
233 238 356 272 εὐλογίας
373 238 416 264 διὰ
429 238 478 272 τῆς
489 238 613 274 εὐθηνίας
628 238 824 274 πληρούμενον·

29 285 106 320 πρὸς
122 284 150 310 δὲ
165 284 239 311 νοῦν.
261 283 403 318 Sequentia
415 283 510 318 Cyrilli
523 289 593 310 sunt.
612 283 645 310 Et
661 285 738 318 paulo
756 289 825 319 post,

31 329 229 363 Θεοδωρήτου
250 330 299 356 καὶ
317 330 504 356 Ἀθανασίου.
521 329 570 364 Εἵη
589 330 611 356 δ’
629 330 660 356 ἂν
675 331 722 356 καὶ
737 331 751 356 ὁ
763 331 826 365 μέλη

30 377 91 403 λων
115 376 182 403 αἰὼν
202 377 334 410 στέφανος
362 377 554 412 χρηστότητος,
577 376 620 403 διὰ
651 376 681 403 τὸ
697 378 726 403 ἐν
743 377 826 414 πολλῇ

31 423 203 458 χρηστὰτητι
217 423 280 454 τοὺς
292 421 384 457 ἁγίους
398 423 427 449 ὲν
437 422 511 458 αὐτῷ
527 422 733 457 στεφανοῦσθαι.

877 238 1042 272 benignitate
1056 237 1225 264 commodam
1244 237 1315 263 aeris
1332 237 1487 270 temperiem
1503 237 1616 270 aCt'Opll,
1633 243 1665 262 ac

877 286 951 312 omni
960 285 1256 318 benetlietionepropter
1264 291 1418 318 prosperam
1429 291 1518 310 rerum
1526 283 1553 310 fo
1570 287 1665 309 tunam

877 331 929 359 fuit.
944 332 1078 367 impletus.
1092 331 1124 357 Et
1135 330 1214 365 paulo
1227 334 1294 364 post.
1309 329 1463 356 Theodoreti
1476 334 1500 356 et
1513 329 1661 355 Athanasii.

879 377 972 405 Fuerit
987 386 1051 405 vero
1071 385 1171 406 corona
1188 377 1360 412 benignitatis
1379 377 1461 404 etiam
1477 376 1598 403 futurum
1614 383 1665 402 sas-

878 423 982 454 culum.
1001 431 1034 450 eo
1048 423 1120 458 quod
1136 423 1162 450 in
1177 430 1211 450 eo
1220 431 1318 458 magna
1335 423 1501 458 benignitate
1520 422 1606 449 sancti
1622 428 1663 448 co-

879 468 992 495 ronandi
1007 468 1071 495 sint.

31 534 105 561 Item
117 535 144 561 in
163 533 213 560 illa
224 542 234 560 :
251 544 261 560 ε
274 533 305 560 Et
318 534 404 569 campi
416 535 455 561 tui
465 535 664 569 complebantur
678 535 844 570 pinguedine.
858 545 867 562 ›
885 535 1030 564 Ρναεηιίεδα
1048 536 1202 564 Theodoreti
1216 530 1327 563 litterati
1341 535 1515 570 explicatione
1533 535 1664 578 subtexit.

77 592 271 618 ‘Aaaruo’lov.
295 592 365 627 Πρὸς
395 592 424 618 δὲ
448 592 510 618 νοῦν
540 591 642 623 πεδίοις
661 592 708 618 καὶ
736 591 829 626 γαίαις

33 637 201 672 παρεικάζει
215 638 266 669 τὰς
292 638 347 664 τῶν
372 632 553 665 πιστευόντων
577 637 676 673 ψυχάς.
703 638 751 670 Ἀς
772 640 828 670 τοῖς

27 684 121 715 ’Θεεοις
138 685 184 711 καὶ
199 686 394 719 πνευματικοῖς
403 684 554 719 χαρίσμασι
568 684 740 710 καταπιαίνει
751 683 826 716 Θεὸς,

31 730 78 756 ἴνα
89 730 221 757 δύνωνται
233 731 325 766 φέρειν
339 731 401 762 τοὺς
418 731 466 767 τῆς
485 730 626 762 εὐσεϐείας
638 730 771 766 καρπούς.

880 594 901 621 ς
917 593 1068 620 Athanasii.
1083 592 1168 620 Sensu
1185 601 1248 621 vero
1271 593 1404 628 spiritunli
1420 596 1561 626 comparat
1582 591 1664 618 David

881 639 987 666 animas
1002 640 1168 666 credentium
1183 639 1286 674 campis
1299 644 1325 666 et
1337 640 1418 674 agris.
1433 639 1506 671 Quas
1523 638 1594 665 Deus
1609 638 1664 672 spi.

879 685 1027 712 ritualibus
1043 691 1069 712 et
1089 686 1188 712 divinis
1206 685 1283 712 donis
1301 685 1336 711 ita
1352 683 1527 719 pluguefaeit,
1547 688 1577 710 ut
1600 691 1665 718 pro-

879 729 950 757 ferre
964 731 1068 771 possint
1088 730 1197 765 pietatis
1213 731 1328 757 fructus.

441 798 475 825 Et
490 800 517 825 in
527 798 603 826 verba
614 807 623 825 :
642 807 651 824 ι
671 797 827 833 Pinguescen

884 800 976 826 reciosa
990 799 1096 831 deserti,
1118 808 1128 825 ›
1145 803 1210 831 etc.,
1228 806 1252 826 υ.
1269 798 1312 825 15.

69 859 128 895 (97)
147 858 337 885 Ἀθανασίου.
355 858 426 893 Πρὸς
440 857 468 884 δὲ
482 857 543 884 νοῦν
555 857 643 893 ὡραῖα
656 858 718 890 τοὺς
734 859 827 890 ἁγίους

914 858 1064 884 Athanasii.
1091 857 1246 884 Secundum
1270 865 1335 884 vero
1363 856 1578 891 intelligentiam,
1604 865 1666 891 spe-

31 905 203 936 ἀποστόλους
220 904 269 930 καὶ
299 903 496 938 εὐαγγελιστάς
518 911 594 938 φησι,
606 904 669 934 τοὺς
684 904 827 938 εὐτραφεῖς

31 951 236 986 γεγενημένους
244 951 302 981 τοῖς
316 951 509 984 πνευματικοῖς
519 950 685 984 χαρίσμασιν
694 950 774 985 .Ἔρη
779 958 828 984 μον

31 998 61 1024 δὲ
75 998 127 1032 τὴν
143 995 306 1030 Ἐκκλησίαν
320 995 461 1028 ἀποκαλεῖ,
472 995 521 1031 τὴν
532 995 615 1021 πάλαι
627 994 729 1031 ἔρημον
745 993 828 1022 οὖσαν

32 1042 84 1076 τῆς
102 1041 169 1076 περὶ
183 1040 251 1067 Θεοῦ
268 1040 406 1074 γνώσεως.

881 904 955 931 ciosa
977 904 1014 930 ait
1034 904 1108 938 ipsos
1133 907 1244 929 sanctos
1264 903 1402 937 apostolos
1424 907 1451 928 et
1472 902 1664 936 evangelistas,

881 949 927 984 qui
949 949 1017 976 bene
1034 948 1149 982 saginati
1172 948 1279 975 fuerant
1301 947 1489 982 spirituulibus
1504 948 1591 974 donis.
1612 948 1664 973 De-

882 1000 983 1022 sertum
1002 1001 1091 1022 autem
1109 999 1188 1022 vocat
1203 994 1361 1027 Eeclesiam,
1377 994 1449 1028 quod
1475 994 1540 1020 olim
1556 994 1664 1021 deserta

882 1048 914 1068 ac
931 1049 1015 1068 vacua
1031 1047 1102 1068 esset
1114 1041 1268 1075 cognitione
1282 1040 1338 1068 Dei.

327 1110 363 1137 Et
378 1111 403 1137 in
416 1110 491 1137 verba
510 1110 654 1145 sequentia,
670 1118 694 1137 υ.
708 1109 734 1136 5.
751 1108 906 1135 Theodoreti
931 1107 1101 1143 explicatioui
1121 1108 1297 1142 subjiciuntur
1316 1109 1381 1136 hwc.

61 1169 256 1200 Ἀθανασίου,
270 1168 433 1202 Κυρίλλου.
443 1168 513 1204 Πρὸς
521 1168 549 1194 δὲ
558 1167 629 1194 νοῦν·
638 1167 693 1202 Τῆς
703 1167 749 1194 τοῦ
758 1166 824 1193 Θεοῦ

33 1216 173 1251 φανείσης
187 1214 380 1250 χρηστότητος,
393 1215 409 1249 ἡ
427 1214 509 1240 πάλαι
531 1214 634 1249 ἕρημος
650 1213 827 1249 καρποφορή-

31 1270 88 1294 est,
100 1262 151 1288 καὶ
159 1262 184 1287 οἱ
205 1260 305 1295 βουνοὶ,
322 1261 345 1286 οἱ
365 1261 424 1291 ταῖς
439 1259 590 1290 είδωλικαῖς
605 1259 710 1290 θυσίαις
725 1258 827 1293 μιαινό-

34 1315 124 1342 pavet,
141 1306 206 1337 τοὺς
219 1306 265 1332 τὸν
281 1305 424 1339 ἀγγελικὴν
448 1304 625 1340 αἱρουμένους
641 1304 696 1338 βίον
715 1304 827 1338 δεξάμε-

32 1361 84 1384 νοι,
98 1351 344 1387 εὐφρανθήσονται.
361 1351 396 1376 Ἦ
411 1351 514 1386 βουνοῖς
530 1350 670 1382 ἀπεικάζει
684 1350 746 1381 τοὺς
758 1349 826 1376 κατὰ

30 1399 152 1434 καιροὺς
164 1398 218 1424 τῶν
227 1398 313 1431 ἁγίων
328 1397 494 1432 Ἑκκλησιῶν
507 1397 684 1432 ἡγουμένους,
697 1396 742 1422 καὶ
756 1395 827 1421 λαῶν

898 1166 1068 1196 ἈιΙιανιαεῐὶ,
1095 1165 1200 1200 Cyrilli.
1228 1165 1267 1192 Ad
1289 1165 1451 1193 intellectum
1472 1173 1556 1194 vero:
1573 1167 1663 1202 Appa-

879 1218 956 1240 rente
977 1213 1022 1240 Dei
1048 1213 1233 1248 benignitate.
1257 1221 1318 1246 quae
1343 1212 1406 1239 olim
1431 1212 1537 1240 deserta
1565 1213 1663 1247 fuerat,

881 1261 998 1288 fructum
1016 1257 1094 1290 feret,
1110 1262 1136 1285 et
1151 1258 1234 1285 colles
1255 1257 1386 1284 idolorum
1402 1257 1544 1284 sacriﬁciis
1557 1259 1665 1293 pollut.,

881 1306 1058 1340 suscipientes
1080 1312 1127 1331 eos
1147 1304 1193 1339 qui
1218 1304 1367 1339 augt-licam
1388 1304 1472 1331 vitam
1502 1310 1662 1336 sectantur.

880 1352 1064 1380 exsultabnnt.
1086 1350 1133 1377 Vel
1158 1355 1231 1377 certe
1253 1351 1370 1377 collibus
1394 1351 1526 1379 assimilat
1543 1359 1600 1383 eos,
1617 1354 1663 1386 qlli

881 1398 1022 1432 quibusvis
1034 1397 1201 1431 temporibus
1212 1401 1368 1423 sanctarum
1382 1395 1564 1424 Ecclesiarum
1580 1398 1640 1425 (lUCl
1650 1406 1664 1425 s

34 1445 255 1481 προεστηκότας,
266 1445 325 1479 ἦτοι
335 1443 466 1478 ποιμένας
480 1443 525 1470 καὶ
531 1443 715 1474 διδασκάλους.
726 1442 827 1477 Ὥσπερ

884 1447 962 1475 sunt,
989 1450 1021 1470 ac
1047 1442 1208 1477 pepulorum
1235 1441 1384 1477 prmsides,
1413 1443 1469 1469 sive
1489 1449 1613 1477 pastores
1639 1449 1666 1471 «ι

34 1491 88 1525 γὰρ
104 1489 159 1523 τῆς
172 1488 255 1523 ἄλλης
268 1488 377 1523 ἀπάσης
391 1488 442 1522 γῆς
455 1487 653 1524 ὑπερανέχουσι
667 1487 701 1513 τὰ
717 1487 767 1522 ὅρη
782 1487 829 1513 καὶ

34 1537 57 1562 οἱ
72 1535 182 1570 βουνοί·
201 1535 246 1560 τὸν
257 1534 337 1561 αὑτὸν
352 1534 453 1569 τρόπον
465 1534 511 1560 καὶ
524 1534 540 1570 ὴ
553 1534 607 1560 τῶν
627 1534 710 1567 ἁγίων
725 1541 827 1568 μυστα-

34 1581 136 1614 τωγῶν
151 1580 215 1612 ἀξία
229 1579 383 1614 ὑψηλοτέρα
405 1579 458 1606 τῶν
484 1579 570 1607 ἄλλων
584 1579 666 1605 ἐστίν.
682 1575 760 1605 Οὗτοι
782 1579 828 1605 καὶ

31 1626 202 1660 ἀγαλλίασιν
214 1625 436 1661 περιζώννυνται,
447 1625 569 1652 τουτέστι
585 1626 633 1660 τὴν
647 1624 694 1651 τοῦ
708 1625 830 1660 πνεύμα-

35 1681 80 1704 ’τος
99 1671 286 1707 παράκλησιν.

881 1489 1015 1516 doctores.
1040 1487 1273 1520 Quemadmodum
1301 1488 1374 1514 enim
1402 1495 1506 1515 montes
1533 1494 1559 1515 et
1582 1489 1665 1516 colles

881 1538 992 1561 cadet-as
1005 1540 1098 1560 omnes
1114 1537 1191 1559 terra:
1202 1537 1292 1566 partes
1307 1531 1449 1559 altitudine
1459 1532 1605 1567 excedunt,
1628 1534 1664 1560 ita

880 1581 961 1606 etiam
994 1579 1073 1606 altior
1105 1583 1147 1606 est
1176 1578 1293 1613 dignitas
1324 1584 1480 1605 sanctorum
1501 1579 1664 1611 doctorum,

882 1632 964 1659 quam
989 1624 1104 1651 aliorum
1128 1624 1279 1650 hominum.
1303 1623 1336 1650 Et
1355 1623 1381 1650 hi
1409 1625 1588 1652 exsultatione
1611 1625 1665 1652 cir-

882 1669 1100 1704 eumcinguntur,
1119 1668 1171 1696 hoc
1183 1673 1225 1696 est
1236 1668 1422 1696 consolatione
1433 1669 1555 1703 spiritus.

406 1740 520 1767 Rursum
536 1741 563 1766 in
579 1740 656 1767 verba
669 1741 740 1767 ista:
762 1749 771 1765 ι
791 1744 826 1766 ιιι
840 1738 920 1766 valles
938 1738 1106 1766 abundabunt
1120 1738 1262 1773 frumento.
1278 1747 1287 1764 ι

71 1798 244 1832 Γρηγορὶου
272 1799 417 1833 Θεολόγου
441 1799 489 1826 καὶ
508 1799 697 1827 Ἀθανασίου.
727 1801 760 1826 Δί
779 1799 827 1834 μὲν

35 1846 86 1880 τῆς
103 1845 158 1880 γῆς
173 1845 218 1871 τὸν
234 1845 360 1879 αἰσθητὸν
377 1845 424 1872 καὶ
451 1846 598 1881 ἐφήμερον
614 1847 642 1873 αἱ
660 1847 687 1873 δὲ
707 1847 760 1873 τῶν
776 1847 827 1882 ψυ-

37 1893 93 1928 χῶν
107 1890 164 1917 τῶν
181 1890 272 1921 καλῶς
296 1890 334 1924 τῷ
362 1891 433 1926 λόγῳ
446 1891 658 1927 γεωργουμένων
682 1892 727 1918 τὺν
751 1901 831 1919 πνευ-

38 1936 158 1972 ματικὸν
173 1937 220 1962 καὶ
234 1935 351 1963 αίώνιον.
369 1937 401 1962 Αἱ
426 1937 479 1972 γὰρ
501 1937 594 1970 πάλαι,
613 1938 704 1972 φησιν,
720 1938 830 1973 ἀπορώ-

35 1990 119 2009 ταται
135 1981 184 2007 καὶ
200 1981 291 2014 ἄγονοι
303 1980 356 2008 τῶν
369 1981 453 2008 ἐθνῶν
464 1981 550 2018 ψυχαὶ
575 1983 751 2018 πνευματικῷ
764 1991 832 2019 καρ-

36 2028 80 2062 πῷ
99 2027 210 2054 ἔσονται
223 2026 345 2062 πλήρεις.

918 1798 1036 1833 Gregorii
1053 1796 1186 1831 Theologi,
1200 1803 1223 1824 et
1243 1796 1395 1824 Athanasii.
1417 1795 1571 1823 Terrestres
1586 1796 1666 1822 nimi-

853 1857 859 1864 π
882 1837 941 1872 rum
959 1844 1053 1875 valles,
1072 1843 1200 1870 sensibile
1218 1843 1389 1877 diariumque
1415 1842 1580 1869 frumentum
1607 1842 1666 1869 fun-

883 1891 964 1924 dent;
982 1890 1079 1917 auimse
1094 1898 1157 1916 vero
1173 1897 1266 1916 eorum
1284 1890 1331 1924 qui
1349 1889 1477 1924 prmclare
1497 1889 1579 1916 verbo
1600 1890 1664 1916 culti

884 1941 956 1966 sunt,
981 1935 1122 1977 spirituale
1138 1935 1203 1962 illud
1220 1940 1302 1970 atque
1318 1940 1459 1963 internum.
1485 1935 1664 1963 Ethnicorum

884 1983 956 2010 enim
975 1984 1083 2016 animae,
1101 1983 1199 2017 inquit,
1223 1991 1283 2017 quae
1298 1983 1361 2009 olim
1387 1983 1568 2018 egentissima:
1587 1988 1666 2011 erant

880 2034 960 2063 atque
974 2028 1135 2060 infecundae,
1151 2028 1240 2055 fructu
1258 2028 1390 2063 spirituali
1406 2028 1592 2055 abundabunt.

517 2094 551 2122 Et
565 2096 590 2122 in
606 2095 683 2122 verba
695 2095 801 2128 ultima,
818 2094 978 2122 Theodoreti)
994 2095 1173 2130 subjungitur.

80 2150 274 2184 Ἀθανιίσιος.
310 2150 414 2183 ’Δπλῶς
434 2151 487 2183 δὲ·]
505 2151 652 2183 Ἅπαντες,
684 2152 776 2188 φησὶν,
804 2152 827 2178 oi
845 2153 867 2180 Ι)

39 2197 240 2234 προλεχθέντες
264 2197 313 2223 σὺν
340 2197 416 2233 πάσῃ
433 2197 569 2234 προθυμίᾳ
590 2198 635 2225 τὸν
656 2197 721 2224 Θεὸν
741 2199 828 2233 ἀνυμ-

39 2247 166 2280 νήσουσι,
182 2245 232 2281 τὴν
257 2244 386 2280 τοιαύτην
401 2245 550 2281 μεταϐολὴν
565 2246 597 2280 τῇ
610 2245 664 2272 τῶν
680 2245 829 2282 ἀνθρώπων

36 2290 236 2326 δωρησάμενον
252 2290 344 2325 φύσει.

916 2151 1088 2178 Athanasius.
1118 2151 1282 2186 Simpliciter
1307 2160 1373 2180 vero
1395 2152 1537 2185 :Omnes,
1565 2153 1664 2188 inquit,

882 2198 1003 2233 prtedieti
1029 2205 1092 2225 cum
1118 2198 1192 2225 omni
1230 2199 1368 2226 alacritate
1395 2200 1543 2227 laudabunt
1570 2200 1663 2232 Deuml

881 2243 928 2278 qui
956 2244 1036 2270 talem
1063 2244 1291 2278 permutationem
1325 2251 1428 2272 natura:
1457 2246 1598 2273 hominum
1615 2247 1665 2274 do-

879 2290 962 2317 navit.

312 2360 343 2387 In
355 2360 451 2396 psalmi
463 2369 514 2388 va
531 2369 633 2388 versum
650 2361 775 2396 primum,
788 2367 846 2396 post
860 2361 1014 2389 Theodoreti
1039 2362 1241 2398 explicationem
1264 2364 1391 2398 sequitur.

91 2418 280 2446 Ἆθανασίου.
310 2417 376 2454 (98)
403 2419 481 2446 Κατὰ
505 2419 533 2446 δὲ
567 2419 703 2455 θεωρίαν,
728 2420 830 2446 ἀλαλα-

40 2465 112 2499 γμός
137 2465 213 2492 ἐστιν
246 2464 378 2497 ὲπινίκιος
403 2465 486 2500 ὕμνος
513 2465 558 2492 ἐπὶ
590 2466 696 2501 ἐχθροῖς
720 2475 830 2493 πεπτω-

41 2511 119 2537 κόσιν
138 2510 278 2546 ᾴιδόμενος.
305 2510 346 2542 Ὠς
368 2509 414 2537 οὖν
432 2511 609 2547 ἀνῃρημένων
623 2512 676 2538 τῶν
693 2513 832 2548 ἀρχόντων

42 2555 89 2582 τοῦ
120 2555 218 2587 αἰῶνος
249 2555 344 2582 τούτου
372 2555 417 2582 διὰ
441 2558 490 2591 τῆς
515 2556 633 2592 Χριστοῦ
661 2558 830 2593 παρουσίας,

43 2602 132 2628 πάντα
145 2600 182 2628 τὰ
207 2601 272 2636 ἔθνη
284 2602 348 2633 τοὺς
370 2602 518 2634 ἐπινικίους
543 2602 641 2638 ’ύμνους
657 2603 830 2638 ἀναπέμπειν

42 2647 262 2683 παρακελεύεται
285 2647 325 2682 τῷ
352 2648 401 2683 τῆς
427 2648 504 2683 νίκης
534 2648 611 2685 αἰτίῳ
637 2647 696 2684 Θεῷ
719 2649 766 2676 καὶ
790 2648 830 2684 τῷ

41 2692 155 2728 ὀνόματι
178 2693 275 2726 αὐτοῦ,
298 2693 418 2720 τουτέστι
447 2694 486 2729 τῷ
514 2694 581 2730 Υἱῷ.

78 2779 215 2812 (θηηεεε
231 2775 421 2816 superius-suo
439 2782 500 2809 loco
514 2782 659 2810 habentur.

918 2419 1068 2447 Athanasii.
1089 2421 1124 2447 At
1136 2421 1285 2448 secundum
1304 2421 1426 2448 altiorem
1442 2421 1664 2458 intelligentiam:

881 2465 1008 2500 jubilatio
1023 2471 1064 2493 est
1083 2466 1214 2501 hymnus,
1236 2467 1282 2501 qui
1299 2472 1426 2494 cantatur
1442 2473 1551 2502 propter
1574 2469 1666 2496 hostes

884 2511 1014 2539 devictos.
1040 2511 1108 2545 Quia
1137 2513 1218 2548 igitur
1235 2513 1371 2547 principes
1397 2514 1489 2540 saeculi
1514 2514 1595 2548 hujus
1620 2522 1667 2549 per

884 2557 985 2584 Christi
1006 2559 1176 2592 prmscntiam
1212 2559 1311 2586 sublati
1346 2564 1410 2586 sunt
1433 2569 1440 2586 :
1463 2560 1563 2587 ideirco
1590 2560 1668 2594 jubet

885 2611 979 2631 omnes
995 2608 1098 2638 gentes,
1113 2608 1143 2631 ut
1158 2604 1252 2631 laudes
1272 2604 1448 2639 triumphales
1464 2603 1518 2631 Deo
1540 2604 1666 2637 offerant,

886 2653 915 2675 ut
935 2649 981 2683 qui
997 2657 1080 2676 causa
1100 2649 1181 2677 fuerit
1198 2650 1316 2677 victoria:
1330 2659 1338 2682 ;
1356 2655 1382 2677 et
1399 2650 1501 2677 nomini
1519 2649 1578 2684 ejus
1590 2669 1597 2680 ,
1615 2649 1667 2676 hoc

887 2699 927 2722 est
938 2695 1016 2723 Filio.
1041 2694 1107 2723 Nam
1120 2696 1346 2731 quemadmodum
1359 2703 1409 2723 nos
1417 2703 1449 2723 cx
1462 2695 1569 2722 nomine
1581 2694 1667 2728 ipsius

231 2806 672 2852 iia’b'c’xii’dfsip'c'dﬁsIE
690 2806 740 2845 sed.
752 2817 891 2850 pauciora.
