1919 3051
46 104 99 132 585

535 107 748 135 FRAGMENTA
766 105 942 135 COMMENT.
963 105 996 132 IN
1017 102 1189 132 PSALMOS.

1612 95 1664 124 586

47 163 160 198 ποδηγεῖ
177 163 245 199 πρὸς
272 164 421 191 εὐσέϐειαν.
438 165 568 201 Φοὸεραῖς
585 165 638 201 γὰρ
656 174 702 191 και
728 167 833 199 θαυμα-
849 186 852 194 λ

898 167 978 191 atem.
996 161 1157 189 Tremendis
1172 166 1289 194 namque
1305 163 1332 185 et
1347 155 1513 185 admirandis
1533 153 1666 182 machinis

46 211 122 240 σταῖς
143 211 281 245 μηχαναῖς
300 211 370 246 ὑπὲρ
382 211 431 246 τῆς
446 211 498 238 τῶν
525 211 675 246 ἀνθρώπων
701 212 833 246 κέχρηται

46 254 193 289 σωτηρίας.

888 217 954 237 usus
968 213 1007 236 ρει
1020 212 1131 243 propter
1145 206 1285 234 hominum
1301 204 1426 232 salutem.

498 301 531 328 In
547 302 621 328 verba
635 301 772 335 ejusdem:
788 310 796 326 ι
817 299 1035 343 lbi‘lwtabimur,
1054 306 1062 323 ι
1081 301 1143 329 etc.,
1159 303 1182 322 υ.
1197 294 1224 321 6.

83 357 229 386 Praemisso
244 359 419 393 explicatione
429 367 461 386 ea:
477 359 647 391 Theodoreto,
661 359 834 394 sequiturtﬁ).

52 405 244 432 Ἀθανασίου.
263 405 335 441 Πρὸς
351 406 379 431 δὲ
397 405 467 432 νοῦν·
491 406 563 432 Ἐκεῖ
584 406 632 432 σὺν
662 405 770 441 Χριστῷ
791 405 839 440 βα-

46 450 219 486 σιλεύσομεν,
239 451 318 486 ἡνίκα
332 451 379 477 τοῦ
406 451 466 477 νέου
484 452 580 482 αἰῶνος
597 451 760 487 βασιλεύσει,
789 451 837 478 καὶ

46 496 293 532 εὐφρανθησὸμεθα
306 498 348 524 ἐπ’
360 497 444 532 αὐτῷ.
471 497 679 533 Εὖφραινόμεθα
702 497 730 523 δὲ
746 497 774 523 ὲν
799 496 838 532 τῷ

46 543 191 578 ποιήσαντι
206 542 241 569 τὰ
254 543 370 579 δυσχερῆ
387 543 474 578 ῥᾴδια.

923 356 1074 384 Athanasii.
1100 354 1152 382 Sed
1169 354 1201 381 ad
1220 353 1385 380 intellectum
1399 359 1406 378 :
1418 349 1474 377 Illic
1494 346 1666 383 regnabimns

888 412 950 432 cum
965 403 1085 435 Christo,
1109 409 1171 429 cum
1187 407 1258 427 novo
1273 399 1317 426 ille
1341 397 1440 426 saeculo
1464 394 1617 430 imperabit.
1640 398 1668 420 et

887 450 1042 478 la>tabimnr
1057 455 1138 484 super
1153 447 1222 481 ipso.
1247 444 1413 472 Laetabimur
1430 449 1494 469 vero
1517 441 1544 468 in
1561 447 1604 473 eo,
1619 437 1668 474 qui

888 504 949 532 quae
963 494 1080 523 ditlicilia
1093 497 1182 526 erant,
1198 493 1266 520 levia
1279 490 1406 519 reddidit.

619 587 748 616 Similiter
758 588 785 614 in
797 595 899 615 versum
913 589 1061 620 sequentem
1075 584 1100 611 7.

89 634 273 668 Ἀθανάσιος,
302 636 455 669 Εὐσέϐιος.
482 636 560 663 Κατὰ
598 636 627 662 δὲ
653 635 838 672 πνευματικὴν

46 681 161 716 ἐκδοχὴν
174 681 329 717 ὀφθαλμοὺς
345 682 412 708 Θεοῦ
434 682 496 714 τοὺς
517 682 679 713 ἀποστόλους
695 683 837 717 νοήσομεν·

47 727 319 763 παραπικραίνοντας
336 728 364 754 δὲ
378 729 441 757 τοὺς
455 728 608 760 Ἰουδαίους,
621 728 667 759 οὓς
683 728 730 754 καὶ
741 729 764 754 οἱ
776 735 839 763 προ-

925 633 1098 665 Athanasius,
1116 631 1256 659 Eusebius.
1284 630 1312 657 Si
1335 636 1398 657 vero
1413 627 1589 663 spiritualiter
1612 625 1671 653 haec

889 680 1078 715 accipiantur,
1106 678 1201 706 Oculos
1225 677 1272 705 Dei
1302 675 1439 711 apostolos
1460 674 1514 701 dici
1536 672 1671 707 intellige-

889 734 952 754 mus
965 735 971 752 :
984 724 1178 752 exacerbantes
1191 731 1266 755 vero,
1280 721 1399 754 Iudaeos,
1418 728 1487 756 quos
1500 720 1583 747 etiam
1606 726 1655 754 pro
1664 735 1671 738 -

47 773 133 808 φῆται
155 771 228 799 οἷκον
260 773 372 800 ἐκάλουν
399 773 663 809 παραπικραίνοντα.
694 773 742 804 Τίς
771 772 836 808 γὰρ.

898 772 981 807 phetm
993 775 1126 798 vocarunt
1134 771 1244 798 domum
1260 769 1464 797 exacerbantem
1473 767 1505 794 ⁸⁵.
1519 766 1584 800 Quis
1597 766 1669 794 enim

47 820 143 854 φησὶν,
164 821 178 846 ὁ
193 819 421 855 παραπικραίνων
436 820 520 855 ἀλλ’ἢ
537 820 550 845 ὁ
565 817 638 851 οἶκος
660 818 767 855 Ἰσραήλ
778 818 840 853 ;Τῷ

47 865 114 899 γοῦν
130 865 334 901 παραπτώματι
349 865 396 892 τοῦ
425 865 533 901 Ἰσραὴλ
545 865 591 891 ἐπὶ
607 864 641 891 τὰ
655 864 719 900 ἔθνη
736 865 840 891 ἐπεῖδεν

47 912 62 938 ὁ
75 911 190 946 Κύριος.
208 911 287 938 Ὅθεν
302 912 338 947 μὴ
351 911 527 946 ὑψούσθωσαν
540 912 563 937 οἱ
578 911 696 942 ἀσεϐεῖς,
709 911 746 942 ὼς
763 910 841 937 δυνά-

49 966 128 992 μενοι
141 957 271 984 ἀπολέσαι
285 958 347 987 τοὺς
363 958 402 993 τῷ
423 957 580 993 Εὑαγγελίῳ
596 957 839 994 προσερχομένους

47 1003 119 1030 ἀλλά
135 1004 196 1038 μηδ’
212 1005 226 1030 ὁ
242 1004 397 1039 ὑπερόπτης
413 1004 487 1036 λαὸς,
505 1004 588 1040 ἤγουν
604 1004 618 1030 ὀ
638 1003 756 1039 Ἰσραὴλ,
770 1003 840 1039 μέγα

49 1050 196 1084 φρονείτω,
209 1050 276 1085 μηδὲ
302 1050 370 1076 κατὰ
383 1050 433 1085 τῆς
450 1050 504 1077 τῶν
528 1049 612 1076 ἐθνῶν
640 1050 757 1084 πληθύος
773 1049 841 1086 ὑψη-

47 1097 99 1132 λὴν
115 1097 252 1132 ἐπαιρέτω
272 1097 320 1133 τὴν
342 1098 437 1133 ὀφρύν.
458 1098 503 1134 Μὴ
529 1099 630 1133 λεγέτω
657 1098 717 1125 καθ’
733 1098 838 1125 ἑαυτόνσ

55 1142 129 1177 Ἐγὼ
146 1143 246 1177 γέγονα
274 1144 443 1179 πρωτότοκος
461 1145 490 1170 ὲν
505 1145 609 1176 τέκνοις
631 1145 709 1171 Θεοῦ·
733 1145 798 1171 ἵστω
813 1144 841 1171 δὲ

50 1189 164 1224 μᾶλλον,
175 1190 217 1216 ὃτι
228 1198 298 1225 παρε
305 1190 417 1226 πίκρανε
433 1190 477 1216 τὸν
492 1191 631 1218 κτίσαντα.
653 1191 698 1218 Διδ
713 1191 759 1218 καὶ
773 1200 838 1226 μετ-

48 1234 166 1271 έστησεν
183 1235 229 1262 ἀπ’
250 1236 331 1262 αὑτοῦ
351 1237 399 1271 τὴν
416 1238 578 1273 ἐπισκοπὴν.

890 821 942 850 est,
954 817 991 844 ait
1008 816 1087 848 Deus,
1099 816 1144 850 qui
1159 823 1202 843 me
1213 815 1366 847 exacerbat,
1385 813 1437 841 nisi
1454 813 1552 841 domus
1571 811 1672 840 Israel?

892 861 961 888 Cum
977 861 1059 896 igitur
1073 860 1156 887 lsrael
1168 859 1323 890 excidisset.
1339 858 1458 893 respexit
1475 857 1545 885 Deus
1561 857 1594 884 ad
1607 864 1672 891 gen-

890 910 942 934 tes.
966 905 1100 939 Quocirca
1129 912 1183 932 non
1208 909 1250 932 est
1275 911 1324 931 cur
1352 911 1412 931 sese
1436 902 1512 937 impii
1533 902 1670 937 jactitent,

891 953 969 988 quasi
982 954 1028 987 qui
1052 951 1235 978 exterminare
1258 950 1366 985 possint
1380 957 1427 977 eos
1454 950 1500 984 qui
1524 948 1671 984 Evangelia

892 997 1025 1025 accedunt
1038 1006 1044 1023 :
1059 997 1114 1023 imo
1133 1003 1188 1022 non
1210 999 1262 1027 est,
1281 999 1310 1022 ut
1335 993 1470 1028 superbus
1486 993 1531 1020 ille
1545 993 1670 1028 populus,

892 1043 1020 1070 lsraelem
1036 1042 1107 1074 dico,
1123 1041 1209 1069 altum
1237 1041 1334 1076 sapiat,
1357 1047 1446 1075 neque
1464 1040 1545 1067 etiam
1571 1039 1672 1066 elatum

894 1089 970 1117 tollat
993 1088 1168 1124 supercilium
1192 1091 1288 1114 contra
1311 1085 1433 1122 gentium
1459 1084 1670 1112 multitudinem.

892 1135 931 1163 Ne
943 1135 1015 1162 dicat
1029 1135 1099 1170 apud
1114 1135 1233 1169 seipsum
1247 1143 1253 1160 :
1270 1133 1326 1168 Ego
1339 1140 1398 1160 sum
1415 1131 1610 1167 primogenitus
1631 1131 1673 1158 in-

892 1185 933 1209 ter
949 1181 1019 1209 [llios
1041 1180 1099 1213 Dei,
1120 1181 1185 1216 quin
1200 1180 1293 1215 potius
1316 1180 1385 1206 sciat
1406 1179 1479 1213 quod
1501 1177 1673 1205 exacerbavit

892 1227 1048 1255 Creatorem
1073 1234 1164 1254 suum.
1187 1225 1367 1259 Quamobrem
1391 1224 1474 1252 etiam
1495 1223 1539 1251 bic
1561 1223 1594 1251 ad
1609 1230 1673 1251 eum

891 1273 1026 1308 respicere
1041 1273 1149 1300 desinit.

613 1330 713 1358 Eadem
724 1331 825 1358 ratione
838 1331 864 1357 in
879 1331 956 1358 verba
969 1332 1112 1367 sequentia.

91 1377 274 1411 Ἀθανὰσιος.
298 1378 368 1414 Πρὸς
390 1378 419 1405 δὲ
443 1378 505 1404 νοῦν
533 1379 558 1404 οἱ
584 1378 727 1405 ἀπόστολοι
742 1381 798 1411 τοῖς
812 1378 842 1411 ἐξ

46 1421 136 1449 ἐθνῶν
151 1431 242 1456 φασιν·
252 1423 335 1449 Ὂταν
347 1423 481 1458 ἀκούσητε
495 1423 558 1458 παρ’
567 1423 657 1458 ἡμῶν,
670 1423 729 1450 τίνα
741 1425 841 1461 τρόπον

46 1469 187 1504 προσήκει
213 1467 373 1502 δοξολογεῖν,
398 1468 459 1495 τότε
484 1469 542 1504 μεθ’
561 1469 638 1504 ἡμῶν
664 1470 840 1504 εὐλογήσατε,

927 1380 1099 1407 Athanasius.
1128 1378 1283 1407 Secundum
1310 1383 1428 1406 mentem
1453 1385 1529 1411 vero,
1557 1376 1674 1413 apostoli

891 1425 931 1453 sic
943 1426 1118 1461 alloquuntur
1133 1426 1245 1461 gentiles
1262 1434 1268 1454 :
1286 1424 1336 1453 Ubi
1362 1424 1502 1452 audieritis
1525 1431 1557 1452 ex
1584 1423 1672 1457 nobis,

893 1472 1032 1506 quomodo
1050 1471 1122 1500 Deus
1135 1473 1170 1500 sit
1184 1471 1310 1499 laudibus
1331 1471 1520 1504 celebrandus,
1536 1475 1601 1498 tunc
1615 1469 1674 1497 lau-

45 1515 100 1541 οὐκ
113 1513 154 1540 ἔτι
167 1515 229 1545 τοὺς
238 1514 431 1550 ψευδωνύμως
444 1514 531 1545 θεοὺς,
545 1515 612 1542 ἀλλὰ
628 1515 673 1542 τὸν
685 1515 750 1542 Θεὸν
765 1516 842 1551 ήμῶν

898 1518 954 1544 tate
971 1518 1125 1550 nobiscum,
1144 1526 1197 1545 non
1211 1517 1267 1552 jam
1292 1517 1408 1552 amplius
1433 1516 1502 1544 falso
1527 1516 1567 1544 sic
1587 1516 1675 1543 dictos

45 1560 95 1587 τὸν
107 1561 158 1595 τῆς
168 1559 240 1595 ζωῆς
250 1560 360 1596 δοτῆρα.
384 1561 444 1596 Ζωὴ
459 1561 513 1596 γὰρ
530 1559 564 1596 ἦν
580 1563 596 1596 ἡ
611 1561 657 1588 τοῦ
680 1562 842 1598 παραδείσου

898 1564 969 1596 deos,
993 1564 1040 1591 sed
1066 1563 1152 1591 Deum
1179 1568 1303 1592 nostrum
1334 1563 1396 1590 vita:
1420 1562 1586 1597 largitorem.
1617 1560 1675 1589 Vita

47 1607 154 1642 τρυφὴ,
172 1607 201 1632 ὲν
216 1603 238 1640 ᾧ
250 1606 326 1633 ἔθετο
344 1607 357 1633 ὁ
370 1606 436 1639 Θεὸς
455 1607 500 1634 τὸν
524 1607 666 1643 ἄνθρωπον
679 1608 843 1644 ἐργάζεσθαι

898 1617 1014 1644 namque
1031 1613 1092 1636 crat
1117 1609 1236 1644 paradisi
1253 1609 1378 1644 voluptas
1400 1617 1407 1639 ι
1425 1608 1454 1636 in
1480 1615 1535 1643 quo
1547 1611 1676 1643 posuerat

50 1653 97 1680 καὶ
112 1651 259 1687 φυλάσσειν
277 1652 369 1678 αὐτόν.

898 1654 968 1682 Deus
983 1655 1131 1688 hominem,
1148 1659 1178 1682 ut
1189 1663 1252 1683 eum
1270 1655 1373 1682 coleret
1385 1658 1468 1690 atque
1481 1653 1638 1682 custodiret.

443 1711 543 1738 Eodem
557 1711 633 1738 modo
648 1713 675 1739 in
685 1713 780 1740 verba:
799 1722 808 1739 ι
828 1714 951 1740 Probasti
966 1723 1022 1746 nos,
1038 1713 1119 1746 Deus,
1141 1723 1151 1740 ι
1169 1719 1230 1745 etc.,
1246 1721 1270 1742 υ.
1287 1713 1330 1740 10.

92 1758 287 1788 Ἀθανασίου,
313 1757 527 1793 Κυρίλλον.(4)
557 1759 628 1794 Πρὸς
645 1759 674 1786 δὲ
702 1760 764 1787 νοῦν
793 1760 844 1792 τὰς

47 1804 158 1838 θλίψεις
183 1803 232 1835 τὰς
258 1804 407 1839 γενομένας
427 1803 470 1830 διὰ
489 1804 519 1831 τὸ
544 1806 673 1841 κήρυγμα
698 1806 754 1837 τοῖς
774 1806 842 1832 ἀπο-

47 1851 158 1881 στόλοις
171 1850 202 1876 τὺ
229 1849 340 1884 Πνεῦμα
356 1852 556 1885 προαναφωνεῖ,
584 1852 617 1878 ὲκ
631 1851 777 1887 προσώπου
793 1852 842 1878 αὑ-

45 1897 106 1924 τῶν
120 1895 224 1926 ταύτας
239 1895 397 1930 καταλέγων.
413 1896 518 1932 Ὥσπερ
534 1896 588 1933 γὰρ
613 1898 627 1923 ὁ
643 1897 762 1932 ἄργυρος
776 1898 843 1933 πυρὶ

46 1943 206 1978 τηκόμενος
221 1940 250 1968 εὖ
266 1942 336 1977 μάλα
352 1942 567 1977 διακαθαίρεται,
583 1943 654 1970 οὕτω
670 1944 718 1970 καὶ
744 1945 771 1970 αἱ
788 1943 842 1970 τῶν

46 1990 140 2024 ἁγίων
156 1988 243 2024 ψυχαὶ
256 1988 356 2020 παντὸς
369 1988 583 2015 ἀπαλλάττονται
599 1988 696 2024 ῥύπου,
712 1991 773 2021 ταῖς
791 1989 845 2016 τῶν

48 2034 218 2071 πειρασμῶν
246 2034 350 2068 ἐφόδοις
371 2033 586 2070 προσδάλλουσαι
600 2034 741 2066 νεανικῶς.
760 2035 844 2071 Καὶὴ

48 2082 144 2108 αὐτῶν
161 2080 337 2116 εὑδοκίμησις
360 2080 404 2107 διὰ
416 2080 563 2116 πυρώσεως
573 2080 688 2114 γίνεται,
702 2080 845 2116 δοκιμαζο-

50 2128 145 2162 μένων
160 2126 198 2157 ὡς
211 2125 254 2152 διὰ
267 2126 362 2161 πυρός.
379 2125 487 2157 Ταύτας
508 2125 558 2158 τὰς
579 2126 670 2160 φωνὰς
687 2128 742 2158 τοῖς
757 2127 846 2161 ἁγίοις

930 1762 1081 1795 Athanasii,
1097 1761 1202 1796 Cyrillt'.
1228 1761 1262 1788 At
1285 1768 1349 1788 vero
1365 1760 1399 1788 ad
1415 1760 1592 1792 intellectum,
1609 1766 1678 1794 pr..."-

895 1807 961 1835 dicit
974 1807 1091 1842 Spiritus
1106 1811 1217 1834 sanctus
1242 1807 1410 1834 calamitates
1431 1805 1561 1841 apostolis
1577 1805 1678 1832 obvenv

896 1859 971 1882 turas
991 1860 1101 1889 propter
1114 1854 1332 1889 praedicationem
1347 1853 1496 1888 Evangelii,
1513 1859 1678 1880 enumerans

895 1907 942 1927 eas
957 1900 984 1926 in
1001 1899 1187 1934 apostolorum
1209 1905 1335 1933 persona.
1352 1897 1585 1930 Quemadmodum
1605 1896 1677 1923 enim

897 1949 1040 1979 argentum
1056 1944 1118 1979 igne
1129 1943 1304 1979 liquefactum
1318 1943 1418 1978 optime
1432 1947 1623 1978 perpurgatur,
1637 1941 1679 1969 si:

896 1990 977 2017 etiam
1007 1994 1162 2017 sanctorum
1199 1990 1296 2017 animae
1326 1989 1505 2017 tentationum
1533 1988 1679 2016 insultibus

897 2040 1008 2063 strenue
1028 2035 1197 2069 resistentes,
1220 2036 1254 2063 ab
1266 2035 1394 2063 omnibus
1410 2035 1577 2062 mundantur
1591 2035 1680 2062 sordi-

897 2081 958 2108 bus.
975 2081 1075 2108 Earum
1092 2086 1182 2108 antem
1192 2082 1317 2116 probatio
1330 2089 1378 2116 per
1391 2081 1608 2108 combustionem
1623 2079 1679 2107 elﬁ-

897 2127 967 2154 citur
980 2136 987 2154 :
1005 2135 1067 2154 nam
1082 2135 1130 2162 per
1145 2128 1232 2162 ignem
1252 2128 1412 2163 probantur.
1428 2126 1482 2155 Has
1494 2134 1575 2162 porro
1600 2134 1679 2154 voces

51 2175 194 2209 μάρτυσιν
211 2174 225 2198 ὁ
243 2172 348 2204 Παῦλος
357 2172 523 2207 ἀνατίθησιν.
548 2171 627 2198 Ἀλλὰ
641 2173 688 2199 καὶ
701 2174 724 2198 ol
737 2172 780 2199 διὰ
795 2181 846 2199 πυ-

898 2172 982 2200 refert
992 2173 1071 2201 divus
1078 2173 1180 2201 Paulus
1195 2174 1227 2201 ad
1242 2179 1352 2201 sanctos
1366 2177 1508 2208 martyres.
1519 2172 1679 2207 Quanquam

51 2221 99 2256 ρος
112 2220 163 2246 καὶ
180 2218 274 2249 ὓδατος
288 2218 334 2245 τοῦ
351 2219 456 2250 ζέοντος
472 2218 567 2253 θυμοῦ,
591 2219 639 2244 καὶ¹
654 2219 704 2253 τῆς
718 2219 845 2254 διακεχυ-

52 2267 142 2302 μένης
172 2265 268 2300 ἡδονῆς
298 2265 345 2290 καὶ
373 2263 519 2299 ἐπιθυμίας
542 2264 705 2295 διελθόντες,
733 2264 780 2291 καὶ
807 2264 844 2300 μὴ

51 2311 286 2345 ὲναπομείναντες
300 2310 404 2341 τούτοις
417 2311 472 2342 τοῖς
486 2309 609 2342 πάθεσιν,
625 2310 782 2345 εὑρίσκουσι
797 2310 845 2345 τὴν

51 2357 200 2392 ἀνάψυξιν.

899 2220 980 2246 etiam
1005 2220 1024 2246 ii
1051 2219 1222 2255 refrigerium
1251 2220 1394 2247 inveniunt
1405 2219 1449 2254 qui
1469 2227 1517 2254 per
1542 2219 1630 2254 ignem
1653 2223 1681 2246 et

898 2273 998 2300 aquam
1019 2265 1150 2293 ferventis
1166 2266 1223 2299 irae,
1239 2274 1271 2293 ac
1286 2265 1445 2293 diﬁ‘usarum
1461 2265 1630 2300 voluptatum
1649 2272 1682 2292 ac

899 2312 1080 2346 cupiditatum
1102 2316 1303 2346 pertranscunt,
1326 2311 1349 2339 si
1369 2312 1396 2338 in
1422 2311 1576 2338 istiusmodi
1597 2309 1681 2337 animi

900 2358 1075 2392 passionibus
1087 2366 1141 2385 non
1156 2357 1367 2393 permanserint.

442 2413 510 2441 Item
525 2416 552 2441 in
566 2415 659 2441 verba:
674 2423 682 2440 ι
700 2413 820 2441 Introibo
836 2415 863 2441 in
879 2415 985 2442 domum
1000 2420 1083 2448 tuam,
1101 2425 1110 2441 ι
1125 2420 1187 2448 etc.,
1205 2424 1229 2442 υ.
1249 2415 1292 2442 15.

89 2474 131 2509 (5)
153 2472 340 2505 'AOa-rdmoq.
358 2471 430 2508 Πρὸς
461 2471 522 2498 νοῦν
537 2473 618 2506 φασὶν
643 2472 667 2497 οἱ
681 2471 824 2497 ἀπόστολοι
839 2479 845 2486 ·

53 2519 275 2554 Εἱσελευσόμεθα
287 2519 326 2550 εἰς
340 2519 384 2545 τὸν
410 2518 472 2545 ναὸν
499 2518 544 2545 τὸν
569 2518 730 2552 ἐπουράνιον
745 2518 795 2544 οὐκ
819 2518 848 2543 ὲν

54 2567 207 2601 αἰσθητοῖς,
236 2565 293 2591 ἀλλ’
310 2565 339 2590 ἐν
366 2565 470 2600 νοητοῖς
494 2563 725 2598 ὁλοκαυτώμασιν.
753 2563 849 2594 Ὅλους

54 2613 111 2647 γὰρ
126 2610 241 2641 ἑαυτοὺς
270 2609 405 2644 ἀνέθηὶαν
431 2608 469 2644 τῷ
491 2608 551 2644 Θεῷ
569 2609 598 2636 ὲν
610 2608 685 2640 τάξει
699 2607 850 2635 ὁλοκαυτω-

57 2666 163 2693 ματων.

93 2726 116 2742 ⁸³
128 2724 228 2753 Ezech.
247 2732 278 2756 ιι,
298 2723 314 2750 5
338 2727 365 2751 et
381 2731 455 2758 seqq.

94 2784 133 2818 (ὅ)
146 2783 212 2810 Haec
227 2781 339 2818 paulum
355 2780 460 2818 diversa
477 2787 571 2818 supra.

94 2815 134 2855 (ι)
150 2818 216 2845 Haec
228 2815 368 2851 superius,
385 2817 494 2850 paulum
511 2815 629 2843 diversa.

222 2866 360 2895 ΡΑτιιοι..
376 2864 434 2894 Gn.
454 2862 585 2894 XXVII.

931 2472 1102 2500 Athanasius.
1131 2473 1171 2499 Ad
1196 2472 1362 2500 intellectum
1390 2479 1455 2499 vero
1473 2481 1479 2499 :
1494 2471 1657 2498 lntrabimns
1672 2491 1680 2503 ,

897 2517 1024 2554 inquiunt
1047 2519 1177 2554 apostoli,
1205 2518 1231 2544 in
1257 2518 1367 2545 domum
1393 2517 1541 2547 cmlestcm,
1570 2523 1624 2542 non
1655 2515 1681 2541 in

899 2566 1084 2597 sensibilibns,
1105 2565 1153 2592 sed
1169 2567 1195 2592 in
1212 2563 1428 2598 intelligibilibus
1442 2560 1680 2590 bolocautomatis.

900 2610 936 2638 Se
962 2618 1081 2645 namque
1108 2614 1191 2642 totos,
1219 2610 1306 2637 instar
1332 2609 1601 2639 holocautomatum,
1626 2605 1682 2631 Deo

901 2661 1106 2685 consecrarunt.

937 2779 975 2814 (ὅ)
990 2777 1052 2807 Haec
1068 2778 1204 2813 superius,
1222 2777 1268 2807 sed
1281 2777 1414 2805 breviora.

1527 2852 1564 2884 19
