1919 3051
260 96 312 125 587

700 97 727 124 S.
748 97 931 125 ATHANASH
952 97 1027 127 OPP.
1049 99 1136 127 PARS
1154 99 1197 128 111.
1219 116 1252 122 -
1271 100 1476 130 EXEGETICA.

1829 101 1877 129 588

924 155 1016 182 Adhuc
1030 156 1057 182 in
1073 158 1215 191 sequentia.

294 211 466 244 Athanasius,
489 211 620 246 Cyrillus,
643 211 770 239 Basilius.
803 212 865 241 Haec
893 218 935 241 est
961 214 1042 242 altior
1055 218 1078 247 Α

259 258 416 285 sententia:
435 256 532 286 Omnia
557 262 621 285 sunt
643 259 803 294 spiritualia,
827 263 854 287 et
884 259 1042 287 holocauto-

259 307 345 336 mata,
358 309 384 330 et.
400 306 492 335 boves.
516 310 542 330 et
559 303 639 336 hirci,
654 312 723 339 quos
746 304 900 332 oblaturum
925 313 954 332 se
977 313 1040 340 pro—

258 349 353 376 mittit.
370 349 540 377 Sacriﬁcium
557 358 666 385 quoque
679 351 793 378 otl‘ertur
818 359 880 378 cum
899 351 1041 378 arietibus.

260 394 329 423 Sunt
344 404 408 423 vero
430 397 529 423 arietes
554 402 645 424 motus
665 402 745 432 atque
767 398 885 433 impetus
901 399 985 426 animi
1009 398 1044 426 ab

259 442 390 470 irasoibili
404 444 463 478 ejus
486 449 561 478 parte
577 445 686 472 excitati
701 455 707 472 :
731 450 778 472 aut
795 451 870 473 certe
892 446 1041 474 ratiocina-

258 489 346 516 tiones
366 491 487 517 rectricis
507 491 605 518 animae
624 491 772 523 facultatis.
797 492 939 526 passiones
961 492 1040 528 quasi

257 535 386 563 cornibus
405 541 527 570 petentes
543 542 570 564 et
587 538 787 572 impugnantcs.
804 538 901 565 Bovem
918 546 982 565 vero
996 547 1040 566 sa-

255 582 370 615 criﬁcat,
388 584 431 618 qui
448 584 568 618 seipsum
587 584 641 611 Deo
654 584 731 611 oiiert
746 585 860 612 hostiam
878 586 976 616 vivam,
992 593 1040 619 per

256 628 378 655 actiones
394 629 531 657 honestas.
555 629 642 657 Habet
665 631 737 657 enim
763 630 812 660 hos
831 629 1038 657 similitudinem

255 674 400 708 quamdam
422 683 485 702 cum
517 683 631 710 corpore
655 683 688 702 ex
712 680 783 702 terra
813 675 950 707 formato,
975 683 1037 702 cum

255 724 334 746 terra;
357 720 476 748 colendae
497 721 668 748 adhibeatur.
693 721 764 748 Hirci
787 729 850 748 vero
867 726 931 748 sunt
955 729 1036 756 opera

1132 215 1314 249 Ἀθανάσιος,
1330 215 1491 250 Κύριλλος,
1506 215 1674 248 Each/Istoc.
1691 213 1764 250 Πρὸς
1781 214 1808 241 δὲ
1826 215 1875 241 διά-

1092 269 1174 288 νοιαν·
1192 262 1366 296 Πνευματικά
1380 261 1468 288 πάντα
1482 261 1528 287 καὶ¹
1551 260 1585 287 τὰ
1599 260 1821 295 ὁλοκαυτώματα,
1834 261 1875 286 καὶ

1092 308 1116 334 οἱ
1137 308 1206 343 βόες,
1223 309 1269 335 καὶ
1279 309 1302 334 οἱ
1316 309 1437 343 χίμαροι,
1448 307 1494 339 οὒς
1511 307 1658 334 ἀποδώσειν
1673 307 1873 341 ἐπαγγέλλεται.

1094 353 1148 380 Καὶ
1169 354 1237 388 μετὰ
1253 353 1336 388 κριῶν
1351 354 1380 380 δὲ
1402 353 1543 389 προσφορὰ
1565 353 1676 387 γίνεται.
1690 353 1751 379 Εἰσὶ
1765 352 1795 378 δὲ
1810 353 1875 387 κριοὶ

1094 399 1214 434 κινήσεις
1228 400 1274 426 καὶ
1287 399 1371 435 ὁρμαὶ
1384 399 1436 425 ἀπὸ
1461 399 1507 425 τοῦ
1533 398 1649 434 θυμικοῦ
1662 397 1711 431 τῆς
1729 397 1818 432 ψυχῆς
1832 398 1875 430 τὴν

1093 446 1180 481 ὁρμὴν
1192 445 1311 480 ἔχουσαι,
1332 446 1348 481 ἢ
1367 445 1491 479 λογισμοὶ
1510 444 1668 479 ἡγεμονικοὶ
1687 444 1721 470 τὰ
1745 443 1819 477 πάθη
1835 451 1876 468 κε-

1092 491 1258 527 ρατιζοντες.
1275 490 1343 517 Βοῦν
1358 490 1387 517 δὲ
1411 491 1549 526 ίερουργεῐ
1575 491 1589 516 ό
1613 489 1760 524 προσάγων
1786 488 1876 515 θυσίαν

1091 537 1180 569 ζῶσαν
1194 537 1289 564 ἑαυτὸν
1304 537 1346 563 διὰ
1358 536 1494 572 πράξεως,
1514 536 1652 570 ’Δναλογεῖ
1663 535 1718 571 γὰρ
1733 534 1773 570 τῷ
1787 536 1819 561 ὲκ
1830 534 1876 568 τῆς

1090 584 1140 618 γῆς
1158 583 1302 610 πλασθέντι
1324 583 1440 618 σώματι,
1460 583 1596 617 γεωπόνον
1626 582 1747 618 ὑπάρχον
1765 581 1796 607 τὸ
1812 581 1875 612 ζῶον

1089 631 1103 656 ὁ
1119 629 1191 664 βοῦς.
1207 629 1327 665 Χίμαροι
1347 629 1375 656 δὲ
1392 628 1426 655 τὰ
1456 628 1598 664 μετανοίας
1613 628 1692 664 ἔργαο
1708 627 1774 663 περὶ
1789 628 1874 662 ἀμαρ-

1091 675 1150 707 τίας
1169 675 1224 711 γὰρ
1246 676 1455 711 προσεφέροντο.
1481 675 1611 710 Θυμίαμα
1624 674 1652 700 δὲ
1678 675 1695 709 ἡ
1707 673 1877 700 ἀποπνέουσα

1090 722 1144 748 τῶν
1161 722 1288 758 καθαρῶν
1304 722 1397 757 ψυχῶν
1415 722 1522 748 εὐωδία.

254 767 466 801 resipiscentiar;
483 769 520 796 illi
541 777 658 804 namque
686 777 734 804 pro
758 773 867 804 peccato
893 769 1085 798 oﬂ'erebantur.
1104 769 1214 798 Sullitus
1229 776 1318 797 autem
1340 775 1381 798 est
1400 770 1490 797 bonus
1504 769 1571 797 odor
1588 777 1667 804 quem
1684 776 1761 804 purae
1785 767 1878 795 anima

253 813 389 841 exhalant.

756 861 790 889 Et
801 863 828 889 in
841 862 918 889 verba
930 870 939 888 :
957 871 966 887 ι
988 861 1089 895 Venite,
1104 861 1204 892 audite,
1224 870 1233 887 ι
1250 866 1312 892 etc.,
1335 860 1377 887 16.

289 917 459 944 Athanasius.
475 918 597 953 Apostoli
613 918 721 954 quidem
738 926 791 945 non
804 925 895 946 rerum
911 918 1036 953 antiqua-
1053 922 1074 950 Β

255 971 314 990 rum
335 970 468 991 renovant
484 964 644 991 memoriam
660 973 666 990 :
684 963 730 991 sed
748 963 867 991 recentia
888 963 1036 990 Sal'vatoris

254 1010 340 1037 nostri
356 1011 490 1038 mirantur
515 1018 608 1046 opera,
625 1018 685 1046 quae
712 1010 734 1038 is
762 1011 885 1038 omnium
911 1014 1035 1038 nostrum

254 1056 396 1084 animabus
416 1057 530 1092 largitus
545 1062 595 1084 est.

1129 916 1309 949 Ἀθανάσιος.
1341 916 1372 942 Οἱ
1400 915 1493 951 μέντοι
1522 914 1664 941 ἀπόστολοι
1689 914 1738 939 οὐκ
1759 913 1877 950 ἀρχαιων

1089 964 1264 1000 διηγημάτων
1278 963 1417 989 ποιοῦνται
1435 963 1553 997 μνήμην·
1572 961 1639 988 ἀλλὰ
1651 960 1685 987 τὰ
1700 961 1748 986 νέα
1760 960 1809 987 τοῦ
1827 960 1878 986 Σω-

1089 1011 1170 1047 τῆρος
1194 1009 1272 1044 ἡμῶν
1302 1008 1471 1044 θαυμάζουσι
1501 1007 1711 1043 κατορθώματα,
1741 1007 1796 1033 ὅσα
1820 1007 1877 1038 ταῖς

1088 1056 1214 1083 ἁπάντων
1229 1055 1306 1091 ἡμῶν
1320 1055 1418 1091 ψυχαῖς
1434 1053 1590 1090 ἐχαρίσατο.

561 1116 628 1144 Item
640 1117 666 1143 in
679 1117 748 1151 psal.
760 1124 833 1143 uvn
849 1116 945 1143 verba:
961 1126 970 1142 ι
991 1115 1065 1143 Sicut
1076 1115 1164 1150 deﬁcit
1183 1115 1281 1150 fumus,
1297 1114 1432 1149 deﬁciant,
1452 1123 1461 1139 ι
1479 1119 1541 1147 elc.,
1558 1113 1583 1141 5,

290 1175 440 1201 Athanasii.
460 1173 618 1202 Peccatores
630 1182 694 1202 vero
711 1175 829 1202 fortasse
842 1175 972 1202 dicuntur
985 1174 1037 1209 ipss

253 1221 391 1248 dtemones
408 1211 512 1255 peccati
527 1220 703 1247 inventores:
730 1220 778 1255 qui
793 1220 875 1247 etiam
897 1225 928 1247 ut
945 1219 1038 1247 furnus

254 1266 394 1299 deﬁciunt,
413 1274 429 1294 a
445 1271 540 1294 sancto
555 1265 657 1300 Spiritu
674 1266 794 1293 submoti
807 1274 839 1294 ac
851 1266 968 1301 dispersi
982 1275 989 1293 :
1011 1271 1040 1293 et

253 1316 284 1339 ut
307 1319 368 1339 cera
391 1312 533 1347 liqueﬁunt
553 1312 764 1339 succumbentes
779 1313 905 1340 adventui
922 1313 1036 1346 Christi,

251 1358 299 1393 qui
315 1357 385 1393 ignis
400 1358 500 1385 dicitur
514 1365 680 1385 consumens
696 1359 908 1393 improbitatem.
925 1359 963 1386 De
981 1367 1036 1387 ca:-

253 1407 312 1430 tero
327 1404 432 1431 sublata
454 1405 608 1431 daemonum
631 1405 782 1439 tyrannide,
797 1405 844 1440 qui
867 1413 899 1432 ex
925 1405 978 1433 ﬁde
992 1406 1036 1441 ju-

252 1449 360 1477 stiiicati
373 1454 446 1482 sunt,
460 1449 595 1477 ltelantur.

1133 1173 1322 1200 Ἀθανασίου.
1340 1173 1415 1207 Τάχα
1426 1172 1454 1198 δὲ
1466 1171 1622 1207 ἁμαρτωλοὶ
1635 1172 1660 1198 οἱ
1675 1170 1726 1206 τῆς
1742 1171 1875 1207 ἁμαρτίας

1090 1219 1198 1256 εὑρεταὶ
1211 1220 1346 1254 δαίμονες·
1365 1219 1389 1245 οἳ
1405 1218 1452 1245 καὶ
1480 1218 1517 1250 ὼς
1531 1217 1634 1250 καπνὸς
1655 1217 1824 1249 ἐκλείπουσι,
1841 1219 1876 1252 τῲ

1089 1267 1159 1302 ἁγίῳ
1178 1265 1315 1300 Πνεύματι
1332 1265 1504 1299 ἐλαυνόμενοι
1530 1264 1578 1290 καὶ
1598 1263 1817 1298 σκεδαννύμενον
1833 1264 1876 1289 καὶ

1088 1313 1126 1344 ὡς
1141 1313 1224 1348 κηρὸς
1252 1312 1380 1346 τήκονται
1406 1311 1586 1346 ὑπορρέοντες
1616 1312 1648 1345 τῇ
1664 1310 1812 1345 ἐπιφανείᾳ
1833 1309 1875 1335 τοῦ

1088 1357 1216 1394 Χριστοῦ,
1231 1358 1260 1390 ὃς
1277 1357 1332 1393 πῦρ
1356 1357 1464 1391 λέγεται
1494 1355 1688 1382 καταναλίσκον
1709 1355 1759 1390 τὴν
1778 1354 1876 1390 μοχθη-

1089 1403 1161 1439 ρίαν.
1185 1404 1239 1430 Καὶ
1252 1403 1343 1429 λοιπὸν
1355 1403 1379 1428 οἱ
1391 1401 1580 1432 δικαιωθέντες
1598 1402 1630 1427 ἐκ
1646 1400 1774 1432 πίστεως,
1796 1408 1877 1427 κατα-

1088 1449 1214 1485 λυθείσης
1239 1449 1288 1485 τῆς
1317 1448 1471 1485 τυραννίδος
1503 1447 1558 1474 τῶν
1585 1447 1736 1482 δαιμόνων,
1764 1446 1875 1482 suspiti-

1088 1505 1166 1523 νοντα
1170 1505 1187 1522 ι.

584 1552 652 1580 Item
667 1554 694 1580 in
707 1553 823 1587 ejusdem
834 1554 930 1588 psalmi
943 1553 1037 1581 verba:
1059 1563 1068 1581 ι
1090 1554 1187 1582 Par-ate
1202 1556 1272 1581 viam
1284 1555 1318 1587 ei,
1334 1554 1388 1589 qui,
1408 1563 1417 1580 ι
1435 1558 1497 1585 etc.,
1513 1553 1539 1580 5.

286 1608 403 1640 Eusebii,
421 1608 570 1635 Athanasii.
583 1608 614 1636 Et
629 1610 669 1637 sol
680 1617 788 1645 quoque
803 1610 967 1645 illejustitiaa
978 1610 1035 1637 ior-

1120 1613 1277 1644 Εὐσεϐἰου,
1299 1611 1489 1639 Ἀθανασίου.
1515 1609 1570 1636 Καὶ
1594 1611 1608 1636 ό
1626 1609 1676 1644 τῆς
1703 1608 1877 1643 δικαιοσύνης

251 1661 323 1680 mam
338 1654 409 1681 servi
429 1653 594 1688 suscipiens,
610 1662 642 1681 ac
657 1655 747 1682 radios
761 1655 867 1682 deitatis
884 1663 940 1682 suae
954 1656 1033 1690 quasi

251 1698 418 1732 subducens,
440 1698 529 1733 deque
552 1699 623 1726 coelo
645 1699 825 1732 descendens,
852 1699 879 1725 in
908 1706 1032 1733 corpore,

251 1744 307 1771 imo
322 1752 389 1771 vero
410 1744 491 1771 etiam
518 1744 544 1771 in
570 1745 627 1779 ipsa
646 1748 745 1776 morte,
772 1744 883 1771 sustulit
907 1744 1033 1771 tenebras

251 1789 393 1816 hominum
407 1789 506 1816 animis
523 1789 636 1817 oﬂ‘usas.
654 1791 686 1817 Et
701 1789 763 1817 licet
777 1790 804 1817 in
819 1794 939 1817 nostram
953 1797 1034 1816 vene-

250 1838 286 1866 rit
298 1841 496 1874 paupertatem,
514 1839 707 1873 propriamque
722 1839 838 1873 gloriam
861 1846 908 1873 per
923 1845 1034 1865 (Econo-

250 1885 333 1912 miam
351 1885 446 1913 umbra
459 1884 661 1920 quodammodo
674 1884 837 1917 obscurarit,
854 1892 915 1912 cum
933 1883 967 1911 ad
982 1883 1033 1911 ho-

249 1931 338 1958 mines
349 1931 536 1960 desceuderet,
553 1938 584 1958 ac
598 1938 709 1958 carnem
724 1930 880 1958 inhabitare
894 1930 1032 1965 coepisset,

249 1977 429 2004 nihilominus
445 1981 535 2004 tamen
558 1976 690 2004 Dominus
710 1981 752 2004 est
767 1984 863 2004 nomen
889 1977 950 2011 ipsi.
965 1975 1033 2003 Nam

248 2023 330 2050 etiam
346 2023 427 2050 homo
440 2022 529 2050 iactus
544 2029 598 2049 non
612 2022 695 2050 desiit
718 2029 778 2050 esse
800 2021 881 2049 Deus.
898 2020 1033 2048 Jubentur

249 2069 332 2105 igitur
352 2069 438 2098 sancti
454 2069 569 2104 apostoli
589 2069 632 2096 his
654 2068 755 2100 verbis,
779 2072 809 2096 ut
824 2069 992 2096 exsultantes
1008 2072 1035 2095 et

248 2115 392 2144 laudantes
407 2115 487 2150 pleno
502 2123 584 2143 cursu
597 2115 630 2142 ad
647 2115 762 2150 gentiles
775 2114 906 2147 ferantur.
916 2122 948 2142 ac
959 2115 1035 2142 viam.

247 2162 402 2189 animarum
427 2162 549 2196 ipsorum
567 2169 615 2195 per
631 2161 852 2195 praedicationem
879 2165 1034 2196 praeparent

248 2209 439 2236 universorum
454 2207 530 2243 Regi.
546 2207 667 2235 Occasus
685 2214 748 2234 vero
769 2207 850 2234 etiam
866 2215 898 2235 ac
925 2211 1031 2237 noctes.

247 2255 374 2284 fortassis
385 2259 449 2283 sunt
460 2255 567 2288 animas,
580 2263 640 2290 qua:
650 2263 682 2282 ex
697 2255 754 2282 sole
766 2255 879 2290 justitia:
889 2255 1030 2283 excident:

1085 1659 1169 1695 ἥλιος,
1185 1659 1291 1694 μορφὴν
1309 1659 1402 1685 δούλου
1433 1657 1532 1688 λαϐὼν,
1558 1657 1606 1683 καὶ
1636 1657 1685 1688 τὰς
1699 1657 1813 1688 ἀκτῖνας
1827 1657 1877 1691 τῆς

1084 1705 1165 1732 αὐτοῦ
1183 1704 1276 1740 ὥσπερ
1289 1704 1428 1735 συστείλας
1443 1703 1577 1738 θεότητος,
1595 1702 1642 1729 καὶ
1655 1702 1774 1734 καταδὺς
1796 1703 1824 1728 ὲν
1838 1701 1876 1735 τῷ

1085 1751 1201 1787 σώματι,
1217 1752 1233 1787 ἢ
1247 1752 1293 1778 καὶ
1303 1753 1332 1778 ὲν
1350 1751 1423 1786 αὑτῷ
1438 1751 1476 1786 τῷ
1494 1751 1610 1784 θανάτῳ,
1631 1749 1661 1775 τὸ
1685 1749 1874 1784 κατακεχυμέ-

1084 1807 1128 1825 νον
1146 1798 1199 1825 τῶν
1213 1798 1388 1833 ἀνθρωπείων
1408 1797 1500 1832 ψυχῶν
1524 1797 1617 1827 σκότος
1647 1795 1786 1830 ἀπήλασε.
1802 1795 1874 1829 Πλὴν

1083 1845 1107 1871 εί
1121 1844 1167 1871 καὶ
1182 1845 1231 1879 τῆς
1247 1844 1381 1879 ἡμετέρας
1398 1843 1482 1877 ἐπέϐη
1500 1841 1702 1877 πτωχείας.καὶ
1712 1841 1762 1876 τὴν
1773 1840 1873 1867 οἰκείαν

1083 1890 1259 1925 οἰκονομικῶς
1274 1889 1434 1916 συνεσκίασε
1448 1888 1537 1920 δόξαν,
1566 1888 1615 1923 τὴν
1640 1888 1680 1918 εἰς
1713 1887 1873 1923 ἀνθρώπους

1084 1935 1267 1971 ποιησάμενος
1289 1934 1404 1970 πάροδον
1424 1934 1472 1960 καὶ
1493 1933 1543 1968 τὴν
1569 1933 1701 1968 ἐνσαρκον
1729 1932 1872 1968 ὲνδημίαν,

1083 1981 1138 2007 ἀλλ’
1155 1979 1201 2008 οὖν
1218 1981 1319 2016 Κύριος
1331 1981 1416 2016 δνομα
1426 1980 1508 2016 αὐτῷ.
1526 1980 1579 2007 Καὶ
1601 1979 1654 2015 γὰρ
1670 1979 1815 2015 ἄνθρωπος
1830 1987 1874 2012 γε·

1083 2028 1169 2062 γονὼς
1185 2028 1235 2054 οὐκ
1260 2027 1380 2054 ἀπέϐαλε
1406 2027 1436 2053 τὸ
1455 2025 1523 2053 εἶναι
1552 2026 1627 2057 Θεός.
1652 2026 1846 2061 Παρακελεὺετ
1866 2035 1873 2051 ι

1083 2073 1170 2100 τοίνυν
1182 2075 1196 2100 ό
1222 2073 1300 2108 λόγος
1313 2075 1369 2105 τοῖς
1396 2074 1477 2108 ἱεροῖς
1499 2072 1657 2102 ἀποστόλοις
1674 2073 1745 2107 μετὰ
1765 2073 1873 2107 χορείας

1083 2120 1129 2147 καὶ
1144 2120 1279 2155 ὺμνῳδίας
1296 2120 1337 2151 εἰς
1352 2119 1387 2146 τὰ
1396 2119 1459 2154 ἔθνη
1478 2119 1601 2154 δραμεῖν,
1612 2118 1660 2145 καὶ
1674 2118 1722 2153 τὴν
1738 2118 1798 2144 ὁδὸν
1822 2118 1873 2144 τῶν

1082 2165 1176 2201 ψυχῶν
1189 2165 1279 2191 αὐτῶν
1303 2165 1461 2201 εὐτρεπίσαι
1474 2165 1513 2199 τῷ
1535 2164 1589 2190 τῶν
1612 2164 1680 2190 ὅλων
1703 2163 1874 2198 παμὸασιλεί

1082 2211 1126 2238 διὰ
1137 2211 1184 2238 τοῦ
1201 2212 1386 2247 κηρύγματος.
1402 2209 1463 2238 Εἶεν
1478 2211 1500 2238 δ’
1510 2211 1543 2237 ἂν
1559 2211 1660 2246 δυσμαὶ
1673 2210 1764 2236 εἴτουν
1778 2210 1874 2240 νύκτες

1083 2257 1130 2283 καὶ
1143 2257 1170 2284 αἱ
1185 2257 1232 2283 τοῦ
1247 2257 1295 2292 τῆς
1310 2257 1482 2291 δικαιοσύνης
1503 2257 1579 2292 ἡλίου
1594 2256 1761 2283 ἐκπεσοῦσαι
1779 2255 1873 2291 ψυχαί”

247 2309 263 2329 a
278 2301 377 2337 quibus
391 2301 517 2332 Christus
529 2302 631 2329 erroris
645 2301 770 2329 tenebras
785 2301 936 2337 depulerat,
952 2302 1030 2328 inha-

1090 2299 1119 2329 ὒν
1132 2303 1249 2338 Χριστὸς
1262 2303 1308 2330 τὸν
1323 2303 1373 2338 τῆς
1387 2302 1492 2338 πλάνης
1506 2302 1587 2337 ζόφον
1604 2302 1747 2337 ἐξήλασεν,
1767 2302 1874 2336 ἐνοική-

246 2350 336 2378 bitans
349 2349 416 2384 ipsis
431 2357 479 2384 per
494 2349 584 2376 tidem.

1083 2357 1131 2380 σας
1146 2349 1238 2381 αὐταῖς
1249 2348 1291 2375 διὰ
1304 2349 1430 2380 πίστεως.

546 2406 613 2433 Item
630 2407 656 2434 in
675 2407 769 2442 psalm.
783 2414 858 2434 Lutt
875 2406 972 2434 verba:
988 2407 1043 2433 Καὶ

1090 2407 1204 2434 ιέλαϐων
1218 2407 1265 2433 τοῦ
1281 2407 1392 2438 γνῶναι,
1409 2412 1472 2438 εις..
1488 2415 1511 2434 v.
1526 2405 1569 2433 16.

278 2485 312 2512 At
324 2485 473 2513 secundum
489 2484 520 2512 Ι).
534 2485 712 2512 Athanasium
726 2485 764 2512 ait
780 2484 876 2515 David,
892 2492 954 2511 cum
968 2485 1028 2511 exi-

244 2533 383 2560 stimarem
405 2539 486 2567 posse
512 2539 554 2559 me
578 2539 745 2566 cognoscere
762 2536 815 2558 tam
833 2529 966 2565 profunda
982 2536 1027 2557 tua

242 2580 478 2618 judicia,.conjeci
494 2587 536 2607 tne
551 2580 576 2606 in
592 2579 731 2606 molestias
747 2587 753 2605 :
771 2585 833 2605 cum
851 2577 895 2604 illa
912 2577 967 2604 sint
984 2578 1021 2603 in-

243 2626 412 2656 scrutabilia.
435 2625 469 2652 Et
487 2630 576 2652 tamen
596 2624 723 2650 idoneum
746 2630 840 2650 eorum
858 2630 1024 2657 cognoscen-

243 2673 340 2701 dorum
356 2677 462 2707 tempus
484 2671 550 2698 mihi
567 2669 711 2704 acquisivi.
728 2668 754 2696 id
777 2676 839 2696 vero
862 2673 904 2696 est
917 2673 1023 2703 tempus

241 2715 349 2754 iudicii,
365 2718 474 2753 quando
499 2715 596 2743 reddes
612 2714 758 2749 unicuique
772 2714 922 2742 secundum
943 2721 1024 2750 opera

278 2805 317 2841 (ϐ)
327 2805 388 2833 Hac
401 2805 537 2840 superius,
556 2803 601 2829 sed
617 2803 753 2830 brevium.

1118 2484 1153 2519 (6)
1170 2485 1246 2511 Κατὰ
1260 2485 1286 2511 δὲ
1300 2485 1344 2511 τὸν
1355 2485 1425 2511 θεῖον
1439 2485 1605 2514 Ἀθανάσιον,
1619 2485 1785 2519 ὑπονοήσας,
1796 2484 1872 2519 φησι,

1082 2530 1115 2556 τὰ
1130 2531 1200 2556 οὕτω
1217 2530 1301 2565 βαθέα
1321 2530 1422 2564 γνῶναι
1438 2530 1571 2564 κρίματα,
1593 2530 1621 2555 ἐν
1652 2529 1730 2563 κόπῳ
1745 2528 1873 2554 ἐνὲὃαλον

1081 2575 1208 2610 ἐμαυτὸν,
1225 2573 1273 2602 Ξιτὲ
1285 2576 1501 2611 ἀνεξερευνήτων
1516 2575 1610 2601 ὄντων.
1633 2573 1707 2610 Πλὴν
1720 2574 1766 2600 τὸν
1780 2574 1873 2600 δέοντα

1080 2623 1119 2652 εἰς
1135 2621 1183 2657 τὴν
1199 2621 1300 2648 τούτων
1321 2621 1421 2656 γνῶσιν
1452 2620 1562 2656 ἐμαυτῷ
1578 2621 1748 2656 πεπόρισμαι
1766 2621 1871 2655 xatpo’v.

1079 2664 1161 2697 Οὗτος
1179 2666 1206 2692 δὲ
1223 2664 1257 2701 ἦν
1268 2667 1281 2693 ό
1294 2666 1339 2692 τοῦ
1355 2666 1527 2702 δικαστηρίου
1543 2667 1647 2702 καιρὸς,
1659 2666 1703 2692 ὅτε
1722 2664 1873 2696 ἀποδώσεις

1079 2713 1186 2748 ἑκάστῳ
1203 2712 1274 2740 κατὰ
1288 2713 1320 2739 τὰ
1338 2713 1405 2748 ἔργα
1419 2713 1512 2740 αὑτοῦ.
1535 2713 1601 2739 Τότε
1631 2713 1686 2749 γὰρ
1710 2711 1834 2748 ἀκριϐῶς
1848 2711 1872 2738 οἱ
