1919 3051
54 172 101 201 593
393 170 438 198 DE
459 169 596 198 TITULIS
615 169 837 204 PSALMOBUM.
856 185 889 189 —
909 169 1104 197 ANTONELLI
1124 169 1318 198 PREFATIO.
1614 171 1666 199 ΒΜ

55 233 182 263 sisterent,
196 235 355 265 congregata
370 234 411 257 est
427 231 536 257 demum
553 229 676 257 Romana
691 231 812 265 synodus
832 230 859 257 in
883 238 935 256 una
956 237 987 257 ex
1010 230 1108 257 vestris
1128 229 1284 257 titularibus
1306 229 1439 263 ecclesiis,
1459 230 1505 257 ubi
1523 229 1665 258 Romanus

55 277 187 313 presbyter
207 276 268 304 Vito
285 280 436 304 conventus
458 277 565 311 agebat.
587 275 610 304 Is
627 276 698 303 enim
720 284 774 303 una
797 284 858 304 cum
884 275 1027 303 Vincentio
1044 275 1160 303 Nictenaz
1182 276 1288 311 synodo
1307 275 1441 309 interfuit,
1461 281 1488 304 et
1504 277 1567 312 quia
1584 277 1666 304 ambo

57 328 149 350 rectam
173 322 313 349 Athanasii
337 321 416 348 fidem
443 329 606 356 morumque
632 321 813 356 integritatem
839 321 922 356 probe
946 321 1084 355 cognitam
1109 325 1332 355 perspectamque
1355 321 1499 354 habebant,
1515 323 1665 350 verisimile

55 368 187 395 admodum
200 373 253 400 est,
265 367 335 394 sicut
353 373 403 401 pro
422 363 548 392 Marcello
564 365 709 400 Ancyrano
723 366 861 400 episcopo,
878 366 963 392 multo
984 365 1071 400 magis
1087 373 1136 400 pro
1153 365 1328 393 sanctissimo
1343 365 1528 394 Alexandrino
1542 368 1664 395 antistite

55 412 228 440 testimonium
242 419 289 439 eos
303 412 405 438 dixisse
421 410 447 436 in
463 417 543 436 sacro
558 409 604 436 illo
622 415 769 441 conventu,
788 411 833 445 qui
857 410 977 437 unanimi
1001 418 1183 445 supremoque
1199 411 1304 445 judicio
1318 411 1458 439 Athanasii
1479 414 1662 440 innocentiam

55 459 173 486 adversus
191 458 353 485 Arianorum
374 457 451 484 dolos
466 465 498 484 ac
515 456 626 484 fraudes
643 457 801 492 vindicavit,
822 465 939 492 eamque
956 458 1090 485 sententia
1112 466 1161 486 sua
1185 459 1306 486 veritatis
1325 467 1357 486 ac
1375 460 1488 494 justitiaa
1513 461 1662 495 ponderata

55 506 196 538 libramine,
210 505 380 533 manifestam
395 505 522 532 omnibus
538 513 570 532 ac
591 509 716 532 testatam
729 513 790 533 esse
808 506 903 533 voluit.
918 505 1102 538 Quamobrem
1124 506 1244 540 pontifex
1255 505 1352 537 Julius,
1368 505 1438 532 datis
1455 505 1552 532 deinde
1567 506 1663 533 litteris

55 554 83 580 ad
99 554 195 580 clerum
219 557 246 579 et
268 551 398 587 populum
416 551 644 584 Alexandrinum,
672 553 774 587 quibus
795 552 829 579 de
853 552 996 579 Athanasii
1019 552 1052 579 ad
1073 560 1120 579 eos
1135 552 1224 579 reditu
1244 553 1395 587 gratulatus
1418 556 1469 583 est,
1495 557 1556 586 post
1571 551 1663 586 plures

55 600 149 632 laudes,
163 599 261 634 quibus
278 603 403 626 sanctum
421 599 577 633 episcopum
593 599 691 626 merito
706 599 782 626 effert
799 609 804 626 :
824 598 894 632 Quid
910 604 1012 631 autem,
1029 599 1127 634 inquit,
1142 604 1217 627 tanto
1228 600 1286 628 viro
1303 600 1413 634 dignum
1428 599 1544 635 proferri
1563 605 1662 634 potest’

55 646 94 680 qui
120 651 165 677 tet,
191 650 217 671 et
237 645 318 672 tantis
346 644 531 679 periculorum
554 645 700 672 exantlatis
724 645 866 673 laboribus
894 645 1016 672 redditur
1036 645 1144 672 tandem
1169 646 1248 674 vobis
1269 645 1426 679 incolumis,
1454 653 1510 672 non
1530 645 1662 673 beneficio

55 692 131 719 nostri
154 691 352 722 tantummodo,
377 697 470 717 verum
493 689 576 716 etiam
598 690 680 717 totius
703 690 811 717 concilii
834 690 938 725 judicio
955 690 1017 718 talis
1039 690 1221 718 declaratus?
1240 691 1304 719 Post
1327 691 1384 719 haec
1404 696 1506 725 autem,
1526 691 1661 719 malorum

55 738 182 764 hominum
199 737 262 763 odio
279 744 311 763 ac
332 734 432 762 invidia
451 735 537 769 magis
558 735 697 770 magisque
715 735 855 770 gliscente,
878 743 1018 771 novasque
1043 743 1150 770 semper
1166 736 1280 764 insidias
1295 741 1391 764 contra
1407 737 1548 765 Athanasii
1563 744 1661 764 nomen

55 784 344 816 molientibusArianis,
363 782 533 810 Sardicensis
546 783 715 810 recumenica
730 783 850 818 synodus
866 788 1014 811 convocata
1033 789 1086 817 est,
1104 785 1147 812 cui
1162 785 1217 812 duo
1231 784 1344 813 Romani
1357 785 1507 821 presbyteri
1519 785 1653 813 Archida—

55 842 106 861 mus
122 838 147 860 et
164 833 329 860 Philoxenns
359 839 420 859 cum
437 831 521 859 llosio
537 832 706 860 Cordubensi
726 832 865 867 episcopo,
882 832 993 859 nomine
1007 840 1039 860 ac
1054 833 1112 861 vice
1124 833 1189 860 Julii
1213 832 1348 868 pontificis
1360 831 1547 867 praefuerunt;
1566 832 1594 859 in
1610 831 1662 858 hac

55 889 109 908 vero
132 880 273 907 Athanasii
299 879 359 906 fidei
384 880 526 915 integritas
549 880 664 915 vitatque
687 881 820 908 sanctitas
848 888 944 908 rursus
971 881 1006 907 ab
1034 882 1161 909 universa
1181 881 1286 916 synodo
1309 881 1399 916 agnita
1420 883 1471 912 est,
1492 883 1518 906 et
1536 879 1660 908 omnium

55 927 176 961 suffragiis
190 932 285 954 contra
308 926 426 960 perﬁdos
439 930 466 953 et
481 926 620 954 catholica:
639 927 767 960 veritatis
782 931 809 954 et
830 927 972 954 Athanasii
988 928 1150 955 innocentia:
1162 928 1288 955 inimicos
1300 927 1485 961 comprobata.
1509 926 1562 953 Sed
1575 933 1661 961 quor-

55 981 106 1000 sum
128 974 182 1000 haae
206 977 261 999 tam
282 973 360 1007 longe
385 973 510 1007 repetita.
529 977 556 1000 et
578 972 612 999 ab
638 972 701 999 altis
725 977 851 999 revocata
878 973 1044 1007 principiis?
1062 972 1206 1003 Nimirum,
1229 978 1258 1000 ut
1277 980 1371 1000 onmes
1395 972 1556 1006 intelligant,
1579 979 1660 1006 quam

55 1025 251 1048 consentaneum
268 1025 296 1048 et
310 1019 473 1048 conveniens
500 1018 591 1049 fuerit,
610 1023 639 1045 ut
658 1026 727 1053 opus
745 1018 772 1044 S.
789 1018 944 1050 Athanasii,
963 1018 1043 1052 cujus
1065 1018 1095 1046 Β.
1118 1017 1298 1054 Hieronymus
1320 1017 1453 1048 meminit,
1475 1016 1550 1052 quod
1571 1016 1608 1051 pii
1629 1024 1662 1043 ac

55 1066 140 1093 eruditi
157 1068 283 1094 homines
305 1065 568 1096 diu'desiderarunt,
601 1068 627 1091 et
648 1064 748 1091 frustra
771 1065 926 1099 quaesitum,
946 1065 1028 1092 veluti
1054 1065 1186 1092 amissum
1207 1073 1239 1092 ac
1257 1065 1425 1100 deperditum
1444 1065 1660 1100 complorarent,

55 1119 106 1139 cum
126 1121 195 1140 nunc
212 1114 332 1148 primum
351 1113 378 1139 in
393 1113 480 1140 lucem
505 1112 628 1147 prodeat,
647 1112 712 1139 illud
727 1117 820 1140 vestro
842 1112 940 1140 illustri
963 1113 1074 1140 nomine
1097 1113 1269 1147 inscriptum,
1290 1118 1318 1140 et
1338 1114 1427 1145 vobis,
1450 1113 1659 1140 eminentissimi

56 1157 144 1190 Patres,
161 1159 281 1186 dicatum
297 1159 324 1186 in
337 1159 475 1194 publicum
491 1159 598 1186 edatur.
617 1158 671 1186 Vos
685 1159 758 1186 enim
774 1159 845 1187 sacri
863 1159 938 1186 illius
959 1163 1080 1192 senatus,
1093 1159 1138 1194 qui
1152 1167 1280 1194 magnum
1295 1158 1474 1186 Athanasium
1489 1159 1523 1186 ad
1539 1158 1569 1185 Β.
1587 1157 1660 1185 Petri

55 1204 252 1237 cathedram,ad
270 1210 394 1232 centrum
409 1205 532 1237 unitatis,
544 1206 577 1232 ad
597 1205 698 1233 fontem
716 1207 858 1233 catholica:
880 1207 1084 1234 communionis
1107 1207 1309 1242 confugientem
1328 1208 1487 1242 complexus
1508 1212 1560 1239 est,
1582 1206 1660 1238 fovit,

55 1257 145 1280 tutatus
160 1260 217 1286 est,
236 1254 311 1281 vices
334 1254 430 1282 tenetis
447 1259 473 1282 et
490 1254 666 1290 dignitatem;
694 1255 750 1282 imo
768 1263 832 1282 vero
849 1263 911 1282 cum
925 1255 952 1282 in
969 1261 1091 1282 vestrum
1108 1255 1292 1282 clarissimum
1307 1260 1406 1283 coetum
1432 1260 1528 1290 praeter
1543 1259 1659 1289 septem,

56 1308 116 1328 nunc
127 1309 188 1329 vero
202 1310 249 1329 sex
267 1301 421 1329 cardinales
436 1302 580 1337 episcopos
599 1302 718 1330 urbanos
734 1310 781 1329 seu
802 1303 1015 1336 suburbiearios,
1032 1303 1202 1330 sclectissimi
1221 1310 1255 1330 ex
1272 1306 1329 1330 toto
1346 1302 1412 1329 orbe
1427 1302 1503 1336 juxta
1519 1307 1659 1328 sacrorum

55 1353 174 1375 canonum
187 1349 344 1383 prtescripta
356 1348 394 1383 (5)
415 1354 430 1374 a
443 1346 575 1374 Romanis
591 1347 765 1381 pontificibus
780 1348 926 1382 cooptandi
941 1348 1005 1380 sint,
1019 1348 1172 1375 admirabili
1187 1348 1286 1376 divinze
1297 1347 1477 1375 Providentiae
1495 1346 1523 1373 in
1537 1345 1660 1373 Ecclesia

56 1402 96 1421 sua
111 1396 243 1430 dirigenda
256 1404 290 1423 ac
310 1395 485 1431 gubernanda
499 1395 624 1427 consilio,
640 1402 672 1422 eo
685 1395 815 1429 perducta
834 1403 878 1422 res
889 1399 941 1427 est,
955 1400 984 1422 ut
997 1395 1186 1430 amplissimus
1199 1400 1290 1423 vester
1307 1395 1375 1423 ordo
1388 1403 1403 1422 e
1418 1394 1505 1422 tribus
1525 1393 1661 1428 supremis

56 1440 77 1468 in
91 1441 201 1470 Ecclesia
222 1443 376 1475 ordinibus,
394 1450 490 1478 nempe
506 1443 653 1477 episcopis,
670 1442 836 1478 presbyteris
857 1447 886 1470 et
904 1443 1066 1470 diaconibus
1085 1442 1115 1470 S.
1136 1443 1168 1470 Β.
1185 1442 1217 1470 Ε.
1235 1442 1421 1471 cardinalibus
1438 1441 1608 1476 compositus
1626 1447 1660 1466 ex

56 1490 167 1517 universo
178 1496 312 1518 terrarum
334 1491 410 1523 orbe,
430 1495 460 1518 ut
475 1495 578 1518 sanctae
601 1489 729 1517 Ecclesia:
750 1497 871 1518 canones
891 1490 1004 1525 provide
1017 1490 1208 1526 sapienterque
1231 1493 1441 1524 consuluerunt,
1456 1491 1565 1519 selectis
1579 1495 1660 1525 atque

56 1539 185 1571 arcessitis,
202 1547 255 1566 non
271 1539 353 1566 modo
366 1539 509 1573 antiquum
533 1537 687 1565 Romanum
702 1538 901 1573 presbyterium
918 1542 1102 1573 repraesentet,
1118 1539 1165 1566 sed
1185 1529 1315 1566 Romana:
1328 1539 1436 1575 synodi,
1450 1546 1511 1574 qute
1530 1545 1546 1566 tt
1563 1537 1660 1573 primis

55 1586 177 1613 catholicae
193 1586 253 1614 fidei
277 1587 446 1621 temporibus
466 1586 589 1614 Romano
611 1585 733 1620 pontifici
748 1586 920 1620 gravissimis
936 1587 970 1613 de
994 1586 1075 1614 rebus
1092 1587 1252 1614 deliberanti
1274 1595 1382 1622 semper
1401 1587 1505 1619 aderat,
1526 1590 1553 1614 et
1576 1593 1659 1621 quam

55 1631 127 1661 Graeci
141 1634 323 1670 ἐπιδημοῦσαν
340 1642 388 1661 seu
402 1633 571 1668 ὲνδημοῠσαν
593 1639 702 1666 vocant,
731 1637 757 1661 et
776 1642 813 1669 eg.

901 1634 982 1661 abulo
997 1634 1115 1662 fortasse
1137 1635 1209 1662 haud
1231 1635 1322 1670 inepto
1344 1638 1498 1668 praesentem
1522 1631 1657 1664 dixerim,

56 1679 130 1706 locum
151 1681 262 1715 adeptus
284 1681 320 1707 sit
339 1684 367 1707 et
388 1679 576 1707 auctoritatem
593 1687 600 1706 :
615 1679 681 1713 quin
703 1679 796 1712 etiam,
825 1679 898 1714 quod
924 1679 1003 1714 longe
1025 1680 1112 1715 magis
1139 1684 1191 1712 est,
1221 1679 1385 1707 universalis
1409 1676 1614 1713 quodamnodo,
1632 1680 1660 1703 et

56 1727 196 1760 romesdci,
216 1733 245 1754 ut
265 1728 318 1754 hoc
341 1727 449 1754 nomine
472 1731 544 1759 utar,
565 1726 673 1754 concilii
696 1726 819 1753 Romano
842 1727 964 1762 pontifici
986 1728 1114 1755 continue
1135 1727 1282 1755 assidentis
1302 1726 1557 1762 prtestantissimam
1579 1724 1659 1752 nobis

57 1772 156 1804 speciem
173 1772 440 1812 pulcherrimamqne
456 1771 601 1806 imaginem
616 1770 751 1803 exhibeat,
768 1775 795 1798 et
820 1775 982 1806 potestatem
996 1771 1077 1798 etiam
1096 1779 1150 1798 non
1166 1771 1277 1798 minima
1299 1779 1332 1798 ex
1352 1774 1429 1805 parte
1447 1770 1660 1804 dignitatemque

56 1817 171 1845 obtineat.
188 1819 228 1846 Ad
242 1819 301 1845 haac
321 1818 436 1850 accedit,
453 1816 526 1851 quod
540 1816 631 1843 tenuis
647 1816 704 1843 hate
724 1816 825 1850 ingenii
843 1816 896 1843 mei
910 1815 1037 1847 facultas,
1055 1820 1083 1843 et
1100 1815 1126 1842 in
1147 1815 1341 1843 ecclesiasticis
1352 1815 1468 1849 aliisque
1486 1814 1568 1841 rebus
1581 1813 1659 1839 labor

56 1867 77 1889 et
89 1864 222 1897 industria,
242 1872 412 1899 quzecunque
433 1871 464 1891 ea
487 1864 533 1897 sit,
548 1871 630 1898 quam
655 1863 754 1895 sentio,
772 1871 855 1898 quam
881 1864 917 1891 sit
939 1864 1050 1899 exigua,
1072 1867 1128 1890 tota
1151 1867 1240 1891 vestra
1265 1867 1316 1896 est,
1342 1867 1402 1890 tum
1427 1862 1534 1889 ratione
1563 1867 1660 1888 mune-

58 1908 96 1939 ris,
118 1918 168 1944 quo
187 1910 295 1945 fungor,
323 1914 379 1936 tum
406 1908 539 1936 electione
564 1908 711 1935 voluntatis
730 1917 736 1935 :
754 1909 860 1936 ratione
886 1908 995 1943 quidem
1012 1910 1145 1940 muneris,
1162 1909 1226 1945 quia
1251 1909 1350 1936 abhinc
1373 1908 1513 1935 biennium
1535 1907 1659 1934 omnium

57 1962 162 1985 Vestrum
180 1958 316 1993 suffragiis
340 1965 354 1984 a
377 1956 490 1984 secretis
510 1955 712 1990 praeclarissimi
729 1956 835 1990 collegii
855 1956 937 1983 vestri
960 1956 1132 1984 renuntiatus
1153 1964 1225 1988 sum,
1243 1960 1269 1983 ct
1287 1955 1485 1983 humanissima
1504 1953 1659 1981 animorum

38 2021 40 2023 μ
58 2006 192 2029 vestrorum
214 2001 413 2038 significatione
434 2005 588 2034 exceptus;
606 2000 739 2027 electione
766 2005 857 2027 autem
887 2001 1046 2033 voluntatis,
1059 2002 1122 2035 quia
1144 2009 1194 2037 ego
1217 2009 1324 2036 semper
1338 1999 1594 2035 praestantissimum
1613 2006 1660 2026 ve-

58 2053 129 2076 strum
145 2054 243 2078 cretum
261 2057 370 2077 summo
383 2048 467 2076 animi
481 2048 623 2082 obsequio,
635 2052 662 2074 et
676 2055 707 2074 ea
724 2047 910 2080 veneratione,
928 2055 982 2082 qua
997 2055 1046 2082 par
1059 2053 1130 2081 erat,
1148 2053 1310 2083 prosecutus
1327 2053 1398 2074 sutn.
1411 2044 1518 2072 Etenim
1538 2052 1554 2071 a
1570 2043 1660 2079 prima

56 2095 189 2129 juveulute,
207 2098 332 2133 quamvis
352 2105 385 2124 eo
403 2103 524 2131 tempore
544 2096 684 2123 assiduam
708 2095 780 2130 apud
800 2095 946 2123 duodecim
968 2096 1061 2129 viros,
1084 2103 1153 2131 quos
1176 2096 1253 2124 Βοιαὶ
1276 2095 1415 2122 auditores
1430 2097 1548 2125 vocant,
1567 2092 1660 2119 causis

59 2143 234 2175 t'ognoscentlis
248 2150 358 2177 operam
381 2142 485 2174 darem,
506 2141 540 2168 de
556 2140 697 2168 titulorum
710 2141 826 2176 origine,
841 2141 888 2176 qui
903 2149 918 2167 a
933 2145 1028 2168 sancto
1048 2140 1174 2169 Evaristo
1190 2141 1320 2169 Romanis
1335 2139 1500 2176 presbyteris
1518 2136 1658 2166 distributi

59 2192 120 2220 sunt,
141 2189 225 2224 deque
260 2197 338 2217 sacra
355 2189 477 2224 liturgia,
491 2193 518 2216 et
540 2189 573 2216 de
595 2189 718 2216 collectis
738 2197 785 2216 seu
801 2189 995 2224 eleemosynis,
1012 2189 1128 2224 aliisque
1140 2190 1231 2223 rebus,
1248 2197 1308 2225 qua:
1323 2189 1356 2216 ad
1368 2189 1471 2221 titulos,
1490 2192 1517 2215 et
1529 2187 1660 2215 ecclesias

60 2238 149 2262 vestras
163 2236 344 2270 pertinebant,
360 2235 480 2262 libellum
496 2238 522 2262 in
540 2235 676 2270 publicam
689 2236 777 2262 lucem
795 2236 886 2263 emisi.
900 2235 956 2263 Nec
971 2237 1057 2263 multo
1071 2241 1143 2271 post,
1155 2244 1211 2263 uno
1226 2245 1260 2264 ex
1275 2239 1364 2264 vestro
1378 2235 1493 2270 collegio
1510 2238 1537 2262 et
1551 2233 1660 2269 generis

61 2279 191 2314 nobilitate,
216 2287 242 2309 et
262 2289 369 2308 morum
386 2281 539 2315 integritate
562 2281 674 2313 eximio,
697 2280 923 2315 quijampridem
948 2289 979 2308 ex
1006 2282 1057 2308 hac
1081 2281 1189 2308 mortali
1212 2281 1267 2308 vita
1285 2281 1318 2307 ad
1333 2280 1470 2308 caelestem
1487 2279 1615 2314 patriam,
1629 2282 1661 2305 ut

60 2335 154 2361 sperare
167 2331 205 2359 fas
222 2336 274 2363 est,
291 2331 427 2365 migravit,
442 2331 569 2357 hortante
582 2338 613 2357 ac
628 2330 770 2362 suadente,
783 2335 906 2357 vestrum
922 2330 1127 2358 sanctissimum
1142 2338 1254 2363 nomen,
1272 2334 1446 2364 vestramque
1457 2328 1658 2360 auctoritatem,

61 2380 294 2413 Quaequorumtlam
319 2379 504 2414 improborum
528 2377 702 2405 sermonibus
726 2377 919 2412 impetcbatur,
936 2377 1007 2404 ttteri
1023 2377 1116 2404 curavi
1138 2377 1245 2411 prolixo
1266 2383 1348 2412 opere
1365 2375 1478 2410 scripto,
1497 2373 1570 2409 quod
1587 2380 1659 2400 nun-

61 2428 128 2454 quam
144 2426 254 2459 prodivit
272 2427 298 2452 in
323 2426 472 2460 publicum,
490 2426 554 2460 quia
577 2433 666 2460 neque
688 2425 758 2452 ratio
777 2429 942 2459 temporum,
958 2432 1018 2459 qua
1030 2430 1125 2459 postea
1140 2425 1288 2452 subsecuta
1311 2427 1386 2456 sunt,
1399 2429 1490 2458 neque
1503 2420 1660 2455 reipublicze

62 2465 160 2500 utilitas,
173 2477 258 2504 neque
275 2470 329 2497 ulla
343 2470 466 2504 ejusdem
484 2469 574 2504 operis
589 2469 748 2504 praestantia
762 2469 895 2502 exigebat.
910 2468 1012 2496 Deinde
1029 2477 1093 2496 vero
1107 2470 1239 2504 singulari
1250 2468 1424 2496 benillcentia
1438 2471 1542 2496 sancta:
1555 2473 1660 2493 memo-

61 2510 100 2537 ria:
112 2512 248 2543 Clementis
266 2515 313 2542 XII
337 2517 439 2544 credita
462 2517 529 2543 mihi
546 2521 588 2544 est
611 2517 735 2544 custodia
758 2516 905 2543 sanctioris
924 2517 1029 2544 archivi
1049 2518 1133 2544 castri
1159 2517 1189 2544 S.
1212 2517 1319 2553 Angeli,
1335 2521 1363 2544 et
1377 2517 1458 2552 paulo
1476 2519 1537 2551 post
1558 2521 1660 2542 munus

62 2560 238 2593 abhreviatoris
253 2567 286 2594 de
303 2567 389 2599 curia,
405 2567 504 2602 quibus
520 2567 546 2593 in
566 2567 737 2599 muneribus,
755 2565 845 2601 quoad
865 2566 953 2600 potui,
975 2574 1007 2593 ea
1030 2574 1097 2594 cura
1119 2574 1151 2593 ac
1170 2565 1311 2600 diligentia
1331 2567 1456 2592 versatus
1479 2569 1551 2593 sum,
1566 2565 1596 2588 ut
1610 2567 1659 2586 vos

63 2605 106 2640 iPSi
116 2610 206 2644 SEpius
219 2611 252 2639 de
267 2621 310 2640 me
325 2612 630 2640 honorificentissimam
652 2612 841 2640 testimonium
856 2612 1001 2647 perbibere
1016 2620 1070 2640 non
1085 2612 1286 2640 dubitaveritis.
1304 2612 1410 2638 Interea
1427 2616 1492 2637 vero
1507 2609 1540 2636 iis
1554 2611 1658 2641 tempo-

64 2661 114 2682 rum
129 2656 279 2693 intervallis,
293 2669 353 2695 quae
365 2661 430 2688 mihi
444 2669 459 2688 a
470 2661 584 2696 reliquis
598 2661 826 2696 occupationibus
840 2660 1074 2693 concedebantur,
1088 2660 1204 2688 multum
1219 2667 1309 2695 operae
1323 2657 1481 2691 laborisque
1499 2652 1657 2688 consumpsi

65 2698 87 2725 in
100 2701 254 2732 adornandis
269 2706 517 2739 observationibus,
531 2705 766 2741 longioribusque,
786 2705 809 2733 si
825 2705 936 2740 quando
956 2713 1026 2740 opus
1046 2705 1109 2737 fuit,
1130 2704 1371 2733 dissertationibus
1386 2702 1455 2738 typis
1469 2701 1551 2728 etiam
1568 2701 1594 2726 in
1608 2706 1658 2733 pu-

65 2743 149 2774 h“tum
169 2750 255 2783 editis,
270 2760 318 2786 pro
339 2753 508 2787 corrigendis
523 2753 718 2780 ecclesiasticis
730 2751 912 2780 Orientalium
931 2753 1073 2780 nationum
1094 2753 1183 2786 libris,
1204 2757 1234 2780 ut
1244 2761 1277 2780 ex
1291 2751 1424 2780 sententia
1439 2745 1658 2784 congregationis

65 2795 236 2824 nonnullorum
252 2804 351 2826 sancta:
363 2799 493 2827 Romanae
505 2798 634 2827 Ecclesia:
652 2798 844 2830 cardinalium,
862 2799 940 2834 cujus
956 2806 1006 2834 ego
1026 2807 1040 2826 a
1059 2799 1171 2827 secretis
1189 2799 1223 2827 ab
1239 2800 1334 2828 eodem
1353 2799 1490 2827 Clemente
1504 2790 1564 2827 Xli,
1588 2801 1658 2828 pono

95 2862 127 2895 (1’!)
144 2864 240 2895 Concil.
253 2867 371 2898 Trident.
387 2869 423 2898 De
437 2869 555 2905 reform.,
571 2876 726 2902 sci-3.11m,
738 2876 798 2904 cap.
817 2869 840 2897 l.
