1919 3051
227 173 280 201 595
651 169 680 198 S.
699 169 885 198 ATHANASII
904 170 980 199 ΟΡΡ.
1002 170 1090 199 PARS
1108 170 1152 198 ill.
1168 186 1203 191 —
1219 166 1424 197 EXEGETICA.
1797 162 1850 191 596

229 231 350 260 tilcatus
375 229 418 258 sui
443 228 533 262 initio,
552 228 587 256 el.
607 235 690 255 mem.
713 228 846 255 cardinali
871 228 1019 256 Francisco
1042 227 1192 255 Barherino
1216 225 1373 262 postulante
1394 221 1571 254 c0nstitutus,
1591 223 1619 247 et
1641 226 1656 246 a
1677 218 1850 246 sanctissimo

229 279 343 307 domino
356 282 452 306 nostro
469 276 618 304 Benedicto
637 275 694 302 XIV
706 275 884 303 conﬁrmatus
902 275 952 308 iui,
970 275 1107 302 emendati
1128 274 1156 301 in
1171 271 1351 309 typographia
1368 276 1454 297 sacrae
1472 267 1691 303 congregationis
1703 267 1737 294 de
1747 265 1849 300 Propa-

230 328 320 363 ganda
335 326 400 354 Fide
414 325 448 353 ad
466 331 639 353 communem
650 328 806 351 exterarum
825 323 968 350 nationum
982 323 1127 350 utilitatem
1143 321 1377 356 imprimerentur.
1392 317 1506 344 Demum
1528 323 1576 351 per
1598 315 1692 343 eadem
1708 314 1767 341 haec
1784 318 1851 340 tem—

231 359 310 407 pora,
331 371 439 405 quoties
456 369 523 396 mihi
538 367 732 395 demandatum
746 372 799 400 est,
816 372 987 403 etquantum
1006 367 1105 402 ingenii
1121 367 1172 393 mei
1194 365 1366 393 imbecillitas
1379 363 1492 397 aliaeque
1508 362 1702 396 occupationes
1716 359 1852 389 sinebant.

232 425 288 445 non
303 417 377 445 defui
391 418 417 444 in
433 417 588 443 asserendis
600 414 732 443 Romanae
753 415 881 443 Ecclesiae
896 415 1013 450 juribus,
1024 414 1247 448 defendendaque
1261 412 1321 447 ejus
1332 411 1464 446 dignitate
1480 415 1507 437 et
1520 408 1695 438 auctoritate,
1705 411 1733 434 et
1744 405 1853 441 potissi-

234 472 309 491 mum
319 464 346 491 in
358 463 460 491 tuendo
469 461 529 496 ejus
537 462 661 490 dominio
671 467 752 497 atque
764 462 877 497 imperio
886 462 912 489 in
923 462 1096 490 nobilissima
1108 461 1168 496 ejus
1177 459 1333 496 patrimonii
1342 463 1427 494 parte,
1436 465 1497 492 qua:
1505 457 1620 484 aliorum
1628 455 1712 482 armis
1723 458 1854 488 occupata

234 513 382 541 etiamnum
392 511 529 540 immerito
540 511 682 542 retinetur.
691 511 778 538 donec
789 511 891 539 sedatis
902 515 1040 538 tantorum
1050 509 1182 537 bellorum
1191 509 1321 539 motibus,
1329 511 1354 534 et
1365 506 1467 542 pacatis
1474 503 1630 532 bellantium
1641 500 1794 536 principum
1802 506 1856 525 ani-

235 558 296 591 mis,
306 565 354 593 per
361 566 434 592 eum,
446 558 492 594 qui
504 557 572 585 mari
582 562 610 586 et
622 559 711 586 ventis
721 559 848 594 imperat,
856 566 888 586 ac
900 558 1122 593 tranquillitatem
1138 557 1212 589 facit,
1224 564 1286 591 spes
1298 555 1396 582 melior
1407 553 1521 588 Europae
1534 557 1560 579 et
1579 550 1710 577 Romana
1726 547 1857 575 Ecclesia:

235 604 317 632 rebus
339 604 478 640 aﬂ‘ulgeat.
493 605 584 638 Quare
607 605 770 643 intelligitis,
794 607 1005 634 eminentissimi
1029 605 1135 639 Patres,
1159 613 1220 633 mea
1237 604 1340 636 omnia,
1363 602 1565 638 qualiacunque
1584 598 1649 630 sint,
1669 601 1762 624 vestra
1785 602 1856 628 esse,

235 659 298 679 cum
315 660 330 680 a
344 654 441 689 primis
453 655 604 689 juventutis
621 656 700 684 annis
719 663 801 683 omne
812 663 903 684 meum
927 655 1061 689 studium,
1079 655 1230 690 ingenium,
1246 659 1371 687 operam,
1388 651 1507 677 laborem
1527 653 1608 682 atque
1634 644 1798 672 industriam
1814 650 1859 670 ve-

237 704 295 728 stro
311 701 426 735 nomini,
442 707 469 729 et
481 703 638 737 apostolica:
653 704 709 731 sedi
731 703 839 738 penitus
853 703 1005 730 addixerim
1024 710 1056 730 ac
1072 702 1230 730 dicaverim.
1246 700 1286 727 Ex
1306 699 1349 727 his
1363 703 1453 726 autem
1467 701 1633 731 cognoscere
1647 691 1774 727 potestis,
1792 694 1860 725 quot

238 746 396 774 nominibus
410 747 489 775 vobis
500 748 642 776 deberetur
655 749 816 783 praeclarum
829 748 882 775 hoc
895 747 985 782 magni
1002 747 1145 774 Athanasii
1162 754 1243 782 opus,
1261 746 1289 772 in
1312 752 1368 779 quo
1384 751 1399 771 e
1419 743 1513 770 Graeco
1530 740 1558 767 in
1574 738 1702 765 Latinum
1714 735 1858 766 vertendo,

239 791 374 825 corruptis
387 791 415 818 in
429 791 508 825 locis,
522 793 611 827 quoad
625 793 710 824 valui,
726 792 907 825 emendando,
921 781 953 819 et
963 791 1104 818 nonnullis
1118 791 1211 826 parvis
1223 789 1294 816 notis
1310 787 1472 816 illustrando
1484 785 1642 819 auctorique
1651 790 1702 810 suo
1713 781 1861 809 asserendo

239 845 293 865 non
309 845 404 872 parum
422 839 580 866 allaboravi.
602 838 636 866 Ut
648 847 711 866 vero
726 839 921 866 munusculum
936 839 998 871 hoc,
1010 828 1084 874 quod
1099 838 1177 866 vobis
1195 836 1347 864 humillime
1365 834 1466 866 oil'ero,
1479 832 1582 860 lubenti
1598 831 1690 858 animo
1706 829 1861 864 excipiatis,

241 883 307 911 satis
321 891 382 911 esse
396 889 461 919 puto
474 884 615 912 Athanasii
631 893 730 912 nomen
745 894 752 912 :
773 885 825 912 hac
841 892 895 912 una
913 885 986 912 enim
1006 883 1255 915 commendatione,
1287 885 1379 908 certus
1397 887 1458 907 sum
1482 877 1560 904 vobis
1583 875 1643 902 fore
1658 874 1863 909 gratissimum.

241 928 309 957 Nam
320 930 554 958 eminentissimus
567 930 712 962 Baronius,
735 938 864 966 magnum
877 930 981 957 ordinis
992 929 1077 956 vestri
1086 932 1278 956 ornamentum
1288 932 1315 954 et
1323 925 1419 958 decus,
1431 924 1459 951 in
1471 924 1529 951 suis
1540 921 1737 949 Ecclesiasticis
1751 918 1864 945 Annali-

243 974 290 1002 ⁸⁸³
298 975 351 1011 (υτ
364 985 374 1001 ε
385 976 470 1009 Adeo.
489 977 588 1012 inquit,
599 983 662 1014 post
680 983 718 1006 tot
729 982 858 1013 tantaque
872 978 932 1012 ejus
945 985 995 1012 pro
1004 982 1076 1004 recta
1088 977 1140 1004 {ide
1148 975 1308 1006 certamina,
1317 971 1564 1000 Athanasiinomen
1574 969 1690 1005 posteris
1697 967 1830 995 doctrina!
1839 969 1866 1013 et

243 1008 398 1050 sanctitatis
410 1008 562 1056 fulgoribus
575 1008 680 1051 clarum
699 1008 855 1056 eil'ulsit,-ut
872 1008 988 1058 quaeque
1001 1023 1088 1057 ipsius
1103 1022 1206 1056 scripta
1225 1028 1279 1048 non
1296 1019 1379 1047 modo
1392 1019 1470 1045 avide
1486 1017 1651 1052 legerentur,
1667 1014 1715 1042 sed
1732 1008 1866 1047 singulari

244 1068 361 1102 quadam
377 1069 531 1097 reverentia
545 1069 710 1097 colerentur.
731 1077 740 1094 I
756 1067 849 1103 Itaque
861 1056 928 1094 nihil
943 1056 1020 1094 aliud
1036 1066 1103 1094 mihi
1120 1067 1255 1100 reliquum
1270 1069 1325 1096 est.
1341 1064 1393 1091 nisi
1407 1068 1435 1091 ut
1450 1063 1534 1090 Deum
1549 1060 1732 1089 immortalem
1747 1056 1866 1085 submis-

245 1113 283 1141 Sis
296 1114 424 1148 precibus
438 1122 524 1148 orem,
540 1119 570 1142 ut
581 1121 629 1142 vos
640 1114 687 1140 diu
705 1121 788 1141 sanos
801 1118 883 1148 atque
899 1113 1050 1140 incolumes
1066 1116 1173 1147 prtestet
1191 1119 1254 1138 cum
1276 1118 1405 1145 supremo
1430 1113 1534 1140 nostro,
1553 1112 1634 1141 atque
1656 1104 1783 1131 omnium
1797 1101 1865 1128 iide-

246 1158 312 1186 lium
327 1164 438 1195 pastore
450 1160 596 1189 Benedicto
606 1161 677 1196 XIV,
690 1162 833 1190 catholicae
846 1161 983 1194 Ecclesiae,
995 1160 1187 1196 plaudentibus
1202 1159 1340 1190 omnibus,
1357 1157 1488 1184 divinitus
1507 1155 1582 1187 dato,
1597 1153 1642 1188 qui
1654 1155 1788 1187 quantum
1801 1149 1868 1196 inter

246 1207 366 1243 reliquos
378 1208 509 1236 mortales
520 1208 650 1245 dignitate
660 1217 692 1237 ac
707 1213 842 1244 potestate
856 1193 1023 1244 praeminet,
1041 1211 1146 1235 tantum
1162 1206 1270 1241 ingenio
1285 1211 1433 1239 rerumque
1453 1200 1630 1237 intelligentia
1652 1196 1783 1233 praacellit
1798 1204 1805 1222 :
1822 1193 1868 1228 qui

247 1259 309 1281 cum
326 1255 468 1289 apostolici
483 1256 583 1289 gradus
604 1254 769 1283 sublimitate
791 1240 875 1289 supra
892 1260 987 1281 omnes
1007 1253 1052 1286 sit,
1073 1240 1245 1280 humanitate
1262 1258 1294 1278 ac
1311 1250 1478 1284 benignitate
1493 1247 1563 1275 inira
1588 1252 1684 1273 omnes
1708 1249 1771 1270 esse
1793 1240 1868 1267 vide-

247 1305 292 1328 tur
316 1310 323 1328 :
352 1302 399 1335 qui
428 1309 471 1329 me
496 1301 586 1329 adhuc
601 1301 799 1329 adolescentem
821 1288 953 1336 singulari
978 1299 1164 1327 benevolentia
1180 1298 1340 1333 complexus
1360 1301 1402 1324 est
1417 1305 1423 1323 :
1441 1295 1489 1330 qui
1512 1302 1556 1321 me
1572 1288 1626 1320 no'n
1652 1291 1740 1319 solum
1758 1288 1868 1320 verbis,

249 1349 297 1376 sed
323 1349 403 1376 etiam
429 1349 560 1384 prmlaro
583 1349 707 1383 exemplo
731 1356 793 1381 suo,
811 1353 839 1376 et
864 1335 897 1376 ad
922 1348 993 1383 juris
1017 1352 1072 1374 tam
1099 1346 1197 1381 privati
1228 1352 1310 1380 quam
1337 1343 1438 1379 publici
1464 1340 1588 1369 notitiam
1606 1335 1821 1372 assequendum,
1844 1338 1870 1361 et

250 1393 283 1420 ad
319 1393 376 1420 haec
406 1393 461 1420 alia
488 1393 625 1421 sanctiora
655 1380 760 1424 studia.
789 1400 851 1428 quze
879 1380 1042 1420 in'sortem
1075 1380 1123 1418 Dei
1150 1395 1262 1418 vocatos
1296 1389 1415 1417 maxime
1447 1388 1562 1418 decent,
1598 1384 1688 1412 verbis
1719 1383 1778 1410 suis
1813 1380 1870 1414 jam

250 1441 315 1468 olim
333 1441 441 1476 impulit
461 1448 493 1468 ac
514 1440 688 1468 stimulavit:
707 1440 754 1475 qui
786 1427 911 1467 summus
939 1439 1068 1466 Ecclesia
1089 1437 1211 1473 pontifex
1233 1435 1418 1466 renuntiatus,
1446 1439 1554 1469 postero
1583 1429 1727 1459 electionis
1761 1427 1816 1459 die,
1842 1432 1872 1453 ιιι

251 1487 395 1516 liberiores
405 1488 472 1515 mihi
486 1487 519 1515 ad
534 1494 597 1515 eum
611 1486 701 1514 aditus
721 1489 824 1519 essent,
847 1485 916 1512 inter
937 1471 1098 1516 familiares,
1116 1482 1163 1518 qui
1184 1482 1219 1509 ab
1239 1481 1336 1508 intimo
1349 1479 1477 1507 cubiculo
1500 1481 1575 1510 sunt,
1601 1475 1721 1510 primum
1748 1471 1871 1499 omnium

251 1534 362 1566 ascivit,
374 1538 402 1561 et
419 1534 611 1568 triennio-post
626 1540 641 1559 a
666 1532 776 1560 secretis
791 1538 876 1558 sacrae
893 1529 1111 1565 congregationis
1125 1516 1212 1563 super
1227 1527 1309 1554 rebus
1324 1523 1562 1554 consistorialibus
1580 1519 1729 1548 declaravit
1743 1527 1751 1545 :
1764 1517 1812 1552 qui
1825 1516 1872 1544 de-

253 1587 340 1611 mum,
357 1587 419 1607 cum
442 1587 534 1607 rerum
555 1577 802 1606 ecclesiasticarum
825 1575 977 1608 scientiam,
992 1579 1019 1602 et
1033 1581 1172 1602 sacrarum
1200 1573 1351 1600 litterarum
1369 1569 1460 1598 studia
1476 1576 1531 1596 non
1558 1567 1639 1594 modo
1658 1566 1685 1592 in
1701 1572 1731 1592 se
1746 1567 1820 1590 amet
1843 1568 1874 1588 ac

253 1625 358 1661 diligat,
374 1624 421 1652 sed
432 1624 513 1652 etiam
529 1624 556 1651 in
570 1624 630 1651 aliis
644 1630 704 1650 esse
719 1630 800 1657 quam
815 1622 934 1648 maxime
945 1606 1048 1654 cupiat,
1070 1626 1182 1654 parvam
1206 1624 1294 1644 meam
1310 1615 1502 1650 bibliothecam
1517 1610 1655 1647 prmelaris
1672 1606 1873 1661 suisnoperibus

255 1669 293 1696 De
319 1669 511 1704 beatiﬁcatione
535 1672 560 1695 et
591 1668 792 1695 canonisatione
819 1673 951 1693 seruorum
978 1665 1046 1697 Dei,
1070 1664 1107 1690 De
1135 1663 1199 1690 Jesu
1223 1662 1322 1690 Christi
1351 1660 1498 1694 Multisque
1523 1659 1580 1693 ejus
1613 1656 1701 1690 festis,
1727 1652 1767 1681 De
1790 1651 1875 1678 missa!

255 1716 387 1751 sacriﬁcio
411 1716 559 1743 liberaliter
583 1715 692 1743 donatis
708 1714 861 1747 instruxit,
886 1721 941 1748 quo
953 1720 1067 1741 munere
1079 1711 1146 1738 nihil
1160 1710 1226 1737 mihi
1243 1708 1412 1745 splendidius
1427 1703 1698 1741 magniﬁcentiusque
1713 1706 1776 1727 esse
1795 1698 1873 1726 duco.

257 1761 361 1791 Valete.

379 1842 462 1867 Romae
493 1842 609 1866 Kalendis
620 1840 686 1865 Junii
706 1841 764 1865 l'liﬁ

1343 1861 1457 1886 Nicolaus
1468 1860 1624 1884 Amenanus

1049 1911 1163 1942 Ejusdem
1175 1915 1224 1934 sac.
1239 1908 1343 1939 Collegii
1355 1910 1382 1931 et
1391 1913 1439 1931 sae.
1451 1904 1593 1930 Consistorii
1605 1909 1618 1927 a
1631 1900 1739 1926 secreti!

295 1982 334 2018 ιιι
351 1981 392 2010 Ad
404 1989 450 2010 an.
465 1981 525 2014 540,
539 1989 566 2008 u.
584 1980 628 2007 χι.
