1919 3051
60 172 104 200 6111
386 174 429 203 DE
451 176 588 206 TITULIS
609 179 836 208 PSALMORUM.
855 195 890 201 —
908 177 1316 209 ANTONELLIiPREFATlO.
1620 173 1674 202 602

59 238 161 264 sequor,
176 239 190 259 θ
205 231 348 264 sententia,
361 237 388 259 et
405 239 496 261 meme
512 236 681 264 sanctissimi
704 237 827 265 doctoris
850 237 1028 265 discederem.
1052 235 1180 263 Alhertus
1201 234 1344 262 Fabricius
1359 232 1452 260 scribit
1477 230 1624 266 Hamhurgi
1645 231 1673 258 in

59 276 215 305 bibliotheca
228 276 350 305 Joannea
365 283 472 307 exstare
488 281 702 316 manuscriptam
719 283 872 310 versionem
896 281 1020 309 Latinam
1047 281 1076 308 S.
1099 280 1238 308 Athanasii
1262 281 1289 306 in
1308 281 1428 307 Psalmos
1455 279 1674 307 elaboratam'ab

59 322 114 350 Elia
131 323 274 359 Ehingero,
295 324 342 358 qui
367 325 461 352 codice
477 325 572 354 Graeco
597 327 769 354 bibliotheca:
790 328 956 362 Augustanze
973 334 1040 354 usus
1056 329 1108 353 est.
1132 326 1173 352 An
1196 325 1240 352 illa
1259 324 1401 351 translatio
1415 324 1451 352 sit
1467 323 1580 358 hujusce
1599 331 1673 349 com-

60 370 190 403 mentarii,
209 377 256 397 seu
271 370 463 406 metaphrasis,
476 380 558 407 quam
576 382 649 401 nunc
676 374 702 400 in
723 375 808 401 lucem
823 375 933 405 damus,
948 381 981 400 an
995 381 1060 400 vero
1075 372 1187 399 alterius
1201 371 1312 398 omnino
1327 372 1450 402 diversae,
1465 376 1540 397 certo
1556 374 1676 397 statuere

60 425 110 444 non
127 418 225 451 ausim,
241 426 303 445 cum
317 419 349 445 ad
365 426 464 445 manus
487 427 561 446 ineas
578 427 632 446 non
656 421 817 454 pert‘t-net'it.
845 419 896 446 Sed
915 419 937 447 si
953 419 1110 454 conjectura
1128 425 1207 453 agere
1222 417 1293 449 licet,
1314 417 1548 444 verosimillimum
1564 415 1673 450 quidem

60 469 107 497 est,
124 465 275 499 hujusmodi
291 466 517 493 commentarium
541 465 568 494 S.
591 467 742 494 Athanasio
760 467 907 502 ascriptum
925 467 986 493 aliis
997 467 1051 501 jam
1067 467 1091 493 in
1106 467 1192 493 lucem
1206 466 1285 493 editis
1300 465 1411 491 minimc
1422 471 1482 491 esse
1496 464 1673 496 dissimilem;

60 519 117 538 nam
132 513 153 538 si
170 520 249 540 secus
264 512 344 545 l'oret,
363 513 390 540 id
407 514 494 547 ipsum
507 512 736 545 animadvertere,
751 521 782 539 ac
797 513 946 539 lectoribus
963 512 1021 539 suis
1037 512 1168 544 indicare,
1185 516 1215 538 ut
1228 513 1254 537 in
1271 518 1319 538 sua
1338 509 1500 536 Bibliotheca
1517 510 1618 544 passim
1635 509 1675 536 fa-

58 564 113 584 cere
126 556 193 585 solet
203 558 407 586 eruditissimus
421 565 498 592 eque
512 565 544 584 ac
557 558 782 592 diligentissimus
798 559 850 590 vir,
865 566 918 585 non
935 559 1152 592 pr-aatermisisset

90 604 131 632 IV.
152 604 203 632 Sed
217 606 349 640 quoniam
366 605 436 632 idem
454 605 584 632 Albertus
601 604 741 631 Fabricius
759 605 849 632 varias
864 604 1035 631 Psalmorum
1054 605 1248 639 expositiones,
1265 611 1326 638 qua:
1348 602 1375 629 S.
1390 602 1539 629 Athanasio
1551 602 1675 636 tribuun-

59 658 107 685 tur,
125 659 246 680 rccenset
259 653 310 688 (5),
324 661 413 687 opera:
431 652 548 687 pretium
563 658 605 679 est
623 652 683 686 ejus
699 653 780 679 verba
794 653 845 679 hoc
857 653 917 680 loco
935 652 1035 679 referre
1050 661 1055 678 :
1071 662 1079 678 I
1093 652 1282 687 Expositioncs
1301 654 1325 679 in
1344 653 1474 685 Psalmos,
1491 662 1500 678 ι
1512 653 1548 680 ait
1562 653 1675 688 loquens

57 697 87 724 de
105 697 232 732 operibus
247 698 335 724 sancti
349 697 502 730 Athanasii,
522 707 530 722 ι
543 706 660 732 quarum
677 698 775 733 exigua
790 698 991 732 apospasmatia
1013 699 1136 732 quaedam
1152 702 1269 725 verterat
1287 697 1447 732 Politianus,
1470 703 1550 734 atque
1570 699 1676 734 priores

57 744 180 772 editiones
195 744 298 772 ϐτιεειε
311 750 337 771 et
354 744 457 772 Latina:
471 745 664 776 exhihuerant,
681 745 774 772 Daniel
789 745 852 772 item
868 744 1006 772 Barbarus
1024 745 1154 772 nonnulla
1170 751 1196 772 et
1209 745 1356 772 Corderius
1371 746 1543 780 vulgaverant
1561 745 1587 772 in
1603 750 1676 773 cate-

58 791 95 818 nis
107 790 214 818 Patrum
231 792 266 817 ad
281 790 424 817 Psalmos:
440 791 487 817 sed
503 790 672 817 Benedictini
691 791 769 826 longe
787 791 956 825 copiosiores
975 791 1002 817 in
1019 795 1106 817 totum
1125 790 1304 822 Psalterium,
1321 791 1383 818 licet
1396 799 1446 818 nec
1460 791 1496 818 ita
1511 792 1614 826 plenas,
1629 796 1677 819 aut

58 838 178 873 integras,
192 846 207 865 e
223 838 363 865 codicibus
378 838 470 873 Regiis
482 842 509 864 et
525 837 690 864 Colbertinis
706 842 876 869 catenarutn,
891 842 918 864 et
931 837 1133 872 expositionum
1156 838 1184 863 in
1200 837 1322 864 Pan/mos
1338 838 1454 864 oﬂ‘crunt
1470 846 1495 873 p.
1511 837 1674 866 1009-1239.

57 883 191 911 Mediolani
216 884 244 911 in
271 883 434 911 bibliotheca
452 883 633 910 Ambrosiana
650 887 799 910 occurrunt
826 883 1022 910 commentaria
1039 882 1178 910 Athanasii
1203 883 1230 909 in
1247 882 1368 910 l’salmos
1382 883 1474 911 Griece
1488 884 1623 919 descripta
1642 893 1676 912 ex

57 929 141 956 codice
155 929 222 956 bibl.
239 928 417 962 Scorialensi,
436 934 462 956 et
476 928 571 956 Latine
585 929 689 956 reddita
706 929 763 955 sive
777 929 811 956 ab
825 928 943 956 Antonio
955 929 1066 964 Giggeo,
1086 929 1143 956 sive
1157 929 1210 955 alio
1222 930 1351 963 quodam.
1365 930 1403 956 Ex
1419 930 1472 957 illis
1485 936 1675 966 argumentum

57 975 204 1002 inPsalmas
215 976 330 1011 dignum
345 975 415 1003 lectu
429 981 455 1002 et
469 976 657 1009 supplementa
669 975 793 1008 quaedam
809 975 1070 1002 commentariorum
1084 975 1157 1001 dedit
1169 974 1389 1002 Montl'auconius
1404 976 1431 1003 in
1439 976 1596 1003 Collectione
1609 986 1676 1005 nom

58 1019 171 1054 Patrum,
191 1027 259 1049 tom.
278 1021 310 1054 ll,
329 1028 390 1056 pag.
407 1021 519 1048 70-101.
532 1020 810 1047 Animadvertendum
823 1024 875 1050 est,
894 1019 982 1054 inquit
998 1019 1068 1046 idem
1085 1020 1127 1045 vir
1141 1019 1310 1047 clarissimus
1323 1021 1349 1047 in
1369 1021 1458 1048 Diurio
1471 1021 1576 1054 Italico,
1591 1031 1616 1057 p.
1632 1023 1674 1055 1‘2,

58 1067 130 1094 alium
145 1068 227 1095 etiam
246 1067 477 1095 commentarium
494 1066 520 1092 in
536 1066 587 1093 ista
603 1065 779 1096 bibliotheca,
796 1073 844 1092 nec
860 1073 914 1092 non
930 1065 956 1091 in
973 1064 1066 1091 Museo
1083 1064 1254 1092 Ju5linianco
1272 1065 1389 1094 Venetiis
1402 1067 1480 1102 (adde
1495 1077 1555 1104 pag.
1569 1069 1614 1104 69)
1628 1077 1676 1096 οε.-

58 1121 166 1145 currere,
179 1114 226 1148 qui
238 1113 384 1141 Athanasii
396 1119 494 1139 nomen
508 1110 663 1146 prmia-Lat
678 1111 819 1138 Athanasii
836 1110 926 1145 magni
939 1118 1002 1138 esse
1018 1110 1120 1145 nequit.
1137 1110 1216 1138 Istius
1230 1111 1336 1138 initium
1347 1117 1387 1139 est
1399 1121 1404 1138 :
1417 1113 1558 1149 Μακάριος
1570 1115 1674 1150 ἀνὴρ...

58 1158 117 1185 αὑτὴ
132 1159 147 1191 ἠ
161 1159 318 1194 προφητεία
335 1158 485 1194 πληροῦται
499 1159 539 1190 εἰς
553 1158 598 1184 τὸν
625 1157 724 1193 Ἰωσὴφ
740 1157 784 1184 τὸν
803 1158 816 1183 ἰ

916 1157 976 1188 πίας.
1000 1157 1164 1184 Athanasius
1191 1159 1219 1184 in
1236 1158 1357 1186 Psalmos
1381 1167 1415 1186 ex
1437 1161 1560 1188 versione
1579 1161 1674 1188 Latina

59 1200 114 1229 Elia:
125 1199 266 1237 Eliingeri,
279 1203 326 1238 qui
341 1202 434 1230 codice
446 1202 540 1230 Graeco
552 1202 723 1229 bibliotheca:
744 1202 909 1236 Augustauae
922 1210 988 1229 usus
1003 1201 1064 1234 fuit,
1074 1207 1161 1229 exstat
1175 1211 1226 1230 ms.
1244 1203 1271 1230 in
1287 1203 1446 1232 bibliotheca
1458 1204 1578 1232 Joannca
1596 1206 1677 1239 hujus

57 1249 123 1276 urbis
138 1249 365 1284 llamburgensis.
385 1249 483 1276 Habuit
502 1249 584 1276 etiam
612 1250 755 1276 Athanasii
773 1251 799 1275 in
817 1248 938 1275 Psalmos
958 1250 1186 1276 commentarium
1201 1249 1294 1277 Grmce
1308 1251 1472 1286 descriptum
1487 1252 1676 1291 Wagcnselius

57 1295 244 1332 ὁμακαρίτης,
263 1296 335 1322 unde
349 1300 472 1322 asservat
487 1295 611 1322 eumdem
634 1295 734 1330 Lipsim
749 1295 775 1321 in
791 1295 877 1329 patria
896 1303 956 1321 mea
973 1295 1119 1322 thesaurus
1136 1295 1262 1322 librarius
1278 1297 1439 1331 amplissimi
1454 1304 1575 1326 senatus.
1587 1299 1677 1334 Expo-

58 1341 171 1368 sitionem
187 1340 333 1368 Athanasii
351 1341 376 1366 in
388 1340 509 1367 Ριαιηιοε
525 1341 656 1368 Serviana
674 1342 766 1376 lingua
782 1344 834 1374 (est
850 1341 906 1368 hinc
919 1341 1024 1368 Slavica
1041 1341 1184 1375 dialectus)
1203 1349 1253 1369 ms.
1269 1342 1295 1368 in
1307 1343 1470 1371 bibliotheca
1485 1344 1513 1372 S.
1528 1345 1676 1374 Salvatoris

58 1385 187 1419 Bononiae.
201 1393 287 1422 atque
301 1387 416 1414 Arabice
429 1396 481 1414 una
494 1395 555 1414 cum
569 1387 691 1421 Epistotn
708 1388 742 1414 ad
757 1387 944 1414 Marcellinum
959 1389 986 1415 in
1000 1389 1163 1416 bibliotheca
1177 1389 1357 1416 Ambrosiana
1369 1390 1462 1417 codice
1475 1391 1527 1418 500
1542 1400 1676 1420 annorum

58 1438 179 1460 memorat
200 1433 273 1460 idem
293 1432 513 1460 Montlauconius
531 1433 564 1460 ad
586 1433 767 1460 Athanasium
785 1436 851 1459 tom.
874 1432 901 1465 Ι,
929 1441 990 1468 pag.
1009 1433 1078 1460 1005
1099 1438 1124 1459 ct
1143 1433 1222 1461 1006.
1241 1433 1400 1469 Fragmenta
1419 1437 1677 1464 cotnmentariortm

57 1480 188 1508 Athanasii
204 1481 231 1506 in
248 1479 372 1506 Psalmos
389 1489 403 1506 a
426 1480 506 1508 Petro
520 1479 704 1507 Fclckmanno
728 1481 841 1508 collecta
858 1488 872 1507 e
891 1479 991 1508 Nicctze
1008 1481 1186 1516 metropolita:
1201 1480 1335 1509 Heracleae
1349 1481 1497 1517 Συναγωγῇ
1520 1482 1678 1519 ἐξηγήσεων

58 1527 80 1554 in
96 1529 198 1563 priores
215 1527 341 1564 psalmos
355 1528 390 1554 72
406 1533 590 1564 manuscripta
604 1529 630 1555 in
646 1529 810 1556 bibliotheca
827 1528 962 1562 Palatina,
981 1537 1041 1564 pag.
1061 1529 1224 1563 l24l—l262,
1246 1530 1293 1556 lib.
1309 1537 1344 1562 ιι,
1357 1537 1418 1565 pag.
1437 1530 1498 1557 511.
1511 1540 1520 1557 ι
1542 1530 1678 1559 Hactenus

57 1574 197 1604 Fabricius.

88 1624 116 1651 V.
130 1625 327 1658 Quamobrem,
349 1632 411 1652 cum
427 1623 519 1658 plures
531 1623 586 1650 sint
601 1622 774 1651 Psalmorum
787 1623 983 1658 expositiones,
998 1632 1058 1658 qum.
1072 1623 1101 1650 S.
1117 1623 1259 1650 Athanasii
1273 1631 1371 1650 nomen
1391 1624 1551 1659 inscriptum
1574 1632 1628 1659 prre
1649 1633 1679 1652 se

57 1668 149 1702 ferunt,
161 1678 275 1698 necesse
285 1675 327 1698 est
336 1670 448 1705 paulum
462 1669 565 1705 aliquid
578 1669 611 1697 de
628 1669 682 1696 illis
696 1670 841 1699 disserere,
855 1677 910 1704 quo
925 1670 1012 1704 magis
1025 1674 1194 1701 compertum
1208 1670 1263 1702 ﬁat,
1278 1678 1311 1696 an
1328 1678 1370 1702 ea,
1386 1678 1466 1705 quam
1483 1671 1508 1697 in
1525 1671 1612 1697 lucem
1629 1671 1677 1697 da-

58 1721 121 1744 mus,
134 1719 264 1750 tanquam
278 1716 426 1750 genuinum
450 1715 511 1750 ejus
526 1722 595 1750 opus
618 1714 794 1742 sanctissimo
811 1713 923 1741 Doctori
939 1715 974 1741 sit
991 1713 1162 1743 ascrihenda.
1181 1713 1218 1740 Ac
1235 1715 1351 1748 primum
1367 1715 1446 1741 verba
1465 1714 1563 1742 faciam
1584 1715 1617 1742 de
1634 1714 1680 1742 illa

57 1769 110 1795 que
123 1761 266 1789 Mediolani
287 1762 312 1788 in
328 1752 493 1790 bibliotheca
510 1763 701 1795 Ambrosiana,
717 1769 744 1789 et
759 1761 880 1789 Venetiis
906 1762 933 1788 in
957 1761 1120 1789 bibliotheca
1138 1761 1307 1789 Justinianea
1325 1763 1469 1796 reperitur.
1492 1761 1566 1788 llanc
1586 1767 1678 1790 autem

58 1814 144 1837 sancto
156 1810 309 1838 Athanasio
323 1810 464 1845 abjudicat
479 1808 559 1836 Pater
572 1809 806 1841 Nontl‘auconius,
817 1808 1010 1841 existimatque
1024 1807 1064 1834 vel
1083 1807 1151 1834 falso
1166 1807 1306 1834 Athanasii
1319 1815 1416 1833 nomen
1431 1807 1591 1840 inscriptum
1605 1814 1678 1840 esse,

58 1857 94 1883 vel
107 1858 215 1886 alterius
237 1858 382 1885 Athanasii
400 1858 484 1884 fuisse
506 1865 604 1891 magno
619 1857 770 1883 Athanasio
790 1855 960 1883 recentioris.
993 1854 1060 1881 Nam
1078 1854 1104 1880 in
1122 1854 1308 1881 admonitione
1323 1862 1383 1889 qum
1397 1854 1534 1889 proposita
1551 1859 1593 1881 est
1612 1862 1678 1889 sup-

58 1903 184 1936 plemento
199 1904 460 1932 commentariorum
475 1905 502 1930 in
516 1903 639 1930 Psalmox
653 1904 680 1930 in
696 1903 773 1929 Nova
788 1902 943 1929 collectione
957 1900 1071 1927 Patrum
1088 1905 1112 1927 et
1129 1901 1287 1935 scripturum
1301 1900 1464 1932 ercorum,
1480 1900 1544 1926 talia
1562 1899 1658 1927 scribit
1669 1908 1677 1915 ·

61 1948 208 1977 ILectorem
220 1950 429 1985 monerejuvat,
440 1950 667 1977 commentarium
682 1949 764 1976 alium
777 1947 919 1975 Athanasii
932 1948 1043 1973 nomine
1060 1945 1123 1973 ferri
1142 1946 1168 1972 in
1183 1945 1347 1972 bibliotheca
1362 1944 1533 1972 Justinianea
1548 1943 1678 1978 Venetiis,

59 1995 132 2030 inque
147 1996 328 2024 Ambrosiana
345 1996 501 2026 Mediolani,
520 2003 632 2030 prorsus
645 1995 784 2022 diversum
800 2002 814 2020 a

920 2007 932 2026 ι,
949 1993 1028 2028 cujus
1043 1993 1150 2019 initium
1165 2001 1171 2019 :
1193 1992 1224 2017 'H
1238 1992 1285 2026 μὲν
1299 1991 1450 2027 προφητεία
1475 1991 1624 2027 πληροῦται
1638 1991 1678 2023 εἰς

58 2042 98 2068 τὸν
117 2043 214 2080 Ἰωσὴφ
229 2044 277 2070 τὸν
296 2043 472 2079 Ἀριμαοαῖον
485 2052 492 2058 ·
510 2044 558 2071 sed
573 2051 634 2070 cum
652 2052 666 2070 a
685 2043 816 2070 [remittes

919 2050 973 2068 ‘um
989 2046 1168 2072 memoretur,
1184 2041 1226 2067 vel
1240 2040 1350 2066 alterius
1372 2044 1467 2067 nostro
1483 2040 1590 2075 gentilis
1609 2048 1677 2073 opus

60 2090 141 2122 fuerit,
155 2092 196 2118 vel
213 2091 393 2118 Athanasium
410 2091 485 2118 illum
501 2099 628 2126 magnum
645 2090 800 2117 ementitur.
813 2099 822 2115 ι
833 2089 866 2116 Ει
879 2090 906 2116 in
924 2088 1017 2115 Diariu
1034 2087 1130 2115 Italico
1138 2087 1174 2122 (6)
1190 2095 1334 2114 recsnsens
1346 2087 1454 2114 codices
1465 2095 1480 2113 a
1497 2094 1525 2114 se
1539 2087 1565 2113 in
1581 2086 1679 2113 biblio-

61 2137 132 2165 theca
145 2138 332 2166 Ambrosiana
346 2139 484 2174 inspectos
502 2147 507 2164 :
523 2137 813 2165 (Animadvertendum
828 2142 880 2170 est,
894 2137 991 2171 inquit,
1001 2136 1082 2163 alium
1095 2135 1321 2163 commentarium
1338 2135 1364 2161 in
1379 2134 1429 2162 ista
1446 2134 1617 2165 bibliotheca,
1629 2142 1679 2162 nec

61 2190 108 2211 non
123 2185 148 2212 in
162 2185 256 2214 Museo
269 2185 439 2213 Justinianeo
453 2185 574 2212 Venetiis
589 2193 744 2217 occurrere,
758 2185 804 2219 qui
820 2184 962 2211 Athanasii
978 2191 1077 2210 nomen
1092 2185 1156 2210 item
1174 2181 1301 2217 praefert:
1317 2186 1344 2208 at
1354 2181 1497 2208 Athanasii
1517 2181 1605 2217 magni
1618 2188 1680 2208 esse

61 2231 154 2265 nequit.
171 2231 340 2259 Germanum
361 2232 433 2259 enim
451 2233 567 2267 singulis
581 2231 667 2259 ferme
683 2231 790 2266 paginis
805 2230 899 2258 multis
920 2234 981 2264 post
995 2229 1177 2256 Athanasium
1195 2227 1303 2255 sat-culis
1320 2227 1503 2262 patriarcbam
1522 2225 1681 2253 Constanti-

62 2279 239 2313 nopolitanum
251 2284 431 2307 memoratum
447 2281 583 2307 novimus.
595 2279 675 2307 istius
689 2279 797 2305 initium
810 2282 851 2305 est
863 2286 869 2303 ε
882 2277 1024 2312 Μακάριος
1041 2277 1136 2312 ἁνήρ,›
1152 2279 1204 2302 etc.
1217 2274 1250 2302 Et
1267 2274 1293 2301 in
1308 2274 1401 2301 eodem
1412 2273 1503 2299 Diaria
1519 2272 1633 2307 loquens
1646 2273 1680 2300 de

61 2323 201 2354 bibiotheca
213 2326 384 2354 Justinianea
399 2327 437 2354 ait
450 2335 456 2353 :
475 2327 573 2354 «Adest
583 2333 692 2361 quoque
704 2325 920 2353 commentarius
934 2323 1075 2351 Athanasii
1092 2324 1119 2349 in
1134 2321 1266 2355 Psalnws,
1278 2322 1357 2356 cujus
1369 2321 1495 2356 scriptor,
1506 2321 1546 2347 vel
1558 2321 1680 2347 Athana-

62 2373 124 2399 siuni
138 2375 301 2408 ementitur,
319 2375 362 2402 vel
377 2374 447 2402 alius
462 2374 606 2410 ὁμώνυμος
624 2379 665 2401 cst
680 2374 776 2400 titulus
791 2381 797 2398 :
815 2373 820 2398 1

924 2371 971 2398 τοῦ
990 2372 1216 2407 προφητάνακτος
1234 2369 1324 2400 Δαῆὶδ,
1340 2369 1387 2394 καὶ
1405 2367 1475 2394 Θείου
1492 2367 1677 2402 ὑμνογράφου,

63 2417 132 2445 Liber
155 2421 285 2454 prop/retu:
305 2422 382 2456 regis,
407 2429 438 2447 ac
457 2420 539 2446 divini
556 2421 712 2454 hymnorum
725 2420 821 2454 scripto

921 2419 994 2445 vittis.
1014 2417 1078 2445 Post
1094 2419 1150 2445 hate
1165 2426 1171 2443 :
1193 2416 1338 2452 Ἐξὴγησις
1357 2414 1404 2441 τοῦ
1426 2415 1454 2440 ὲν
1468 2414 1555 2448 ἁγίοις
1573 2413 1679 2448 Πατρδς

61 2463 132 2497 ἡμῶν
159 2466 333 2492 Ἀθαντισιοψ
360 2467 499 2501 Expositio
519 2466 548 2493 S.
561 2465 653 2493 Patris
676 2466 759 2492 nostri
778 2465 929 2491 Athanasii.
951 2463 1023 2491 Idem
1048 2463 1260 2491 emnmentarius
1281 2466 1338 2494 est,
1355 2465 1435 2496 atque
1457 2461 1502 2488 ille
1524 2460 1557 2487 de
1571 2467 1625 2495 quo
1651 2460 1679 2486 ιιι

63 2507 231 2539 Ambrosiana
246 2519 337 2547 supra.
346 2521 355 2537 ι
369 2511 402 2539 Et
411 2512 543 2548 quoniam
554 2512 606 2538 erit
619 2511 734 2538 fortasse
747 2511 846 2545 aliquis
859 2518 950 2536 rerum
963 2508 1207 2536 ecclesiasticarum
1220 2507 1370 2536 studiosus,
1379 2506 1425 2540 qui
1440 2505 1677 2536 commentarium,

64 2553 134 2588 cuius
148 2556 215 2584 locis
231 2565 311 2592 supra
330 2558 447 2585 laudatis
469 2556 598 2585 meminit
616 2555 853 2587 Montfauconius,
875 2555 898 2582 si
921 2563 974 2582 non
1001 2559 1105 2586 totum,
1123 2557 1196 2580 certe
1209 2561 1240 2580 ex
1258 2559 1334 2586 parte
1350 2553 1482 2588 inspicere
1494 2552 1677 2583 desiderabit;

64 2598 128 2628 haud
142 2602 274 2638 ingratam
289 2612 333 2632 me
354 2605 451 2632 lectori
467 2603 678 2632 rem.facturum
693 2604 807 2637 credidi,
824 2608 853 2630 ut
869 2610 947 2630 suam
963 2602 996 2629 de
1011 2610 1044 2629 co
1060 2601 1224 2629 sententiam
1239 2606 1324 2629 tutius
1341 2600 1413 2628 ferre
1427 2600 1523 2636 possit,
1539 2599 1561 2627 si
1579 2607 1610 2626 ex
1629 2606 1677 2625 eo-

64 2645 118 2674 dem
134 2651 329 2679 commentario
345 2653 544 2687 expositionem
559 2653 586 2679 in
601 2651 721 2687 primum
738 2652 766 2678 S.
785 2651 858 2686 regis
873 2650 985 2678 Davidis
1003 2650 1137 2684 psalmum
1157 2650 1207 2676 hoc
1223 2649 1283 2676 loco
1294 2648 1555 2683 ascripserim;eam
1567 2645 1676 2680 quidem

63 2695 182 2730 scriptam
199 2698 288 2726 inveni
304 2700 329 2726 in
346 2700 448 2735 pagella
465 2700 568 2728 inserta
584 2700 611 2726 in
626 2703 753 2727 nostrum
768 2699 902 2729 codicem,
914 2703 941 2726 et
956 2698 1068 2725 minime
1078 2705 1140 2725 eum
1152 2697 1212 2724 aliis
1226 2695 1329 2725 ebdicis
1344 2695 1449 2731 paginis
1463 2697 1556 2721 assuta
1572 2696 1600 2720 et
1611 2699 1678 2719 con-

65 2740 195 2774 lt'lltinata.
213 2746 288 2778 Quod
304 2755 336 2775 eo
352 2748 480 2776 libentius
497 2749 579 2780 t‘acio,
598 2748 662 2782 quia
679 2748 706 2774 in
722 2748 902 2783 expositione,
925 2755 1007 2782 quam
1027 2747 1053 2774 in
1068 2747 1207 2782 publicum
1222 2746 1302 2774 edere
1317 2744 1410 2777 statui,
1426 2749 1521 2770 manca
1536 2746 1578 2768 est
1594 2741 1680 2768 inter-

65 2790 170 2821 l’retatio
187 2793 266 2826 primi
283 2795 390 2830 psalmi.
406 2795 500 2831 itaque
515 2796 587 2823 illius
605 2796 666 2823 loco
679 2796 860 2831 supplementi
873 2795 930 2824 rice
946 2796 1003 2823 haec
1018 2795 1079 2827 erit,
1094 2803 1154 2830 qua:
1167 2794 1228 2822 talis
1245 2798 1296 2822 est.

145 2868 213 2911 μὴ.
225 2879 242 2911 χ
257 2871 324 2899 Bibl.
339 2873 437 2908 Gram,
455 2883 514 2911 pag.
529 2876 582 2904 503
599 2875 662 2911 (vet.
678 2875 764 2910 edit.).

95 2903 131 2937 (ὕ)
144 2904 208 2939 Cap.
224 2906 251 2937 2,
267 2915 324 2943 pag.
347 2911 388 2936 l2.
