1919 3051
45 168 93 197 605
372 169 417 197 DE
437 170 576 199 TlTULlS
595 171 823 201 PSALMORUM.
844 189 881 194 —
899 171 1096 202 ANTONELLI
1113 171 1310 201 PREFATIO.
1619 169 1670 194 6””

43 228 242 262 exscripsimus.
258 228 358 264 Estque
370 231 456 258 codex
472 232 516 259 ille
531 240 626 260 recens
639 233 674 260 ab
687 234 838 269 antiquiori
855 233 1021 262 Scorialensi
1034 226 1207 268 desumptus.
1224 232 1293 260 Nam
1308 237 1338 260 ut
1351 232 1378 260 in
1393 232 1536 260 Athanasii
1553 231 1636 262 edito,
1652 238 1668 256 a

44 273 117 301 nobis
130 273 199 301 haud
223 274 261 301 ita
287 275 392 310 pridem
414 276 558 310 adornato,
581 277 751 312 monuimus,
773 278 957 314 expositiones
972 279 1024 306 illae
1045 279 1187 306 Athanasii
1202 286 1255 306 non
1271 279 1398 306 omnibus
1414 278 1472 306 suis
1491 277 1626 312 partibus,
1641 280 1668 302 et

44 318 159 345 numeris
171 318 305 347 absolutae
316 324 392 354 sunt,
412 321 460 348 sed
474 322 683 350 amanuensium
698 323 813 351 ausibus
827 326 929 359 passim
944 329 1085 356 truncatas;
1100 330 1126 352 et
1140 325 1167 352 in
1185 325 1375 360 compendium
1390 325 1506 352 redactae
1520 332 1527 350 :
1541 322 1666 358 quadarn

43 364 120 391 etiam
134 372 166 392 ex
182 366 286 393 catenis
301 371 398 395 erutae.
415 365 487 394 Nihil
507 375 600 395 moror
623 369 783 404 scriptorem
798 377 932 404 nuperum
947 391 954 404 ,
980 371 1027 406 qui
1041 371 1227 405 expositiones
1251 371 1312 399 illas
1336 371 1364 397 in
1389 370 1509 396 Psalmos
1531 376 1586 396 non
1606 374 1667 395 esse

43 410 176 438 Athanasii
189 419 362 448 praepropere
374 416 581 449 pronuntiavit;
595 417 642 444 sed
661 417 735 444 nulla
748 418 838 445 oblata
854 419 969 453 negandi
985 419 1099 447 ratione.
1113 418 1186 446 Nihil
1207 418 1251 446 ille
1268 418 1384 450 curavit,
1403 417 1459 444 imo
1476 416 1568 452 potius
1584 415 1666 443 dissi-

44 457 160 488 mulavit,
177 457 230 485 hoc
246 459 348 493 operis,
365 460 495 488 omnibus
510 465 572 496 post
586 462 767 491 Athanasium
780 464 898 498 saeculis,
914 465 1057 492 Athanasii
1073 465 1195 497 nomine,
1211 465 1299 492 allatis
1312 465 1473 499 plerumque
1494 462 1572 494 locis,
1590 466 1619 488 ut
1637 462 1664 489 in

45 503 166 531 hodierno
179 507 377 534 commentario
391 512 510 540 exstant,
529 516 544 536 a
560 509 698 545 plerisque
715 511 895 546 scriptoribus
917 513 1068 546 memorari
1085 521 1091 539 :
1106 511 1174 541 nihil
1190 512 1275 538 movit
1294 511 1408 538 afﬁnitas
1433 510 1504 546 styli,
1527 510 1664 544 verbaque

44 548 186 584 frequentia
201 551 384 579 Athanasiani
398 562 475 586 usus,
491 555 557 582 nihil
575 556 711 590 codicum,
727 558 798 584 unde
810 557 980 592 prodierunt,
997 562 1137 591 vetustas;
1153 565 1213 590 qua:
1228 565 1293 584 sane
1311 561 1438 584 accurato
1451 555 1570 587 censori,
1587 559 1664 581 ante-

43 601 115 628 quam
129 595 290 623 sententiam
312 596 404 632 ferret,
428 599 501 626 serio
515 605 593 628 erant
616 602 787 630 excutienda.
811 602 909 630 Verum
931 604 977 630 ille
991 605 1080 631 nasuti
1097 611 1126 631 se
1147 603 1233 630 (ει-ιιίοἰ
1251 608 1340 638 partes
1353 603 1440 637 egisse
1455 601 1575 636 putavit.
1589 608 1662 631 cum.
1696 626 1704 630 .

43 641 118 668 missa
136 643 291 677 importuna
315 645 361 672 illa
382 645 562 682 investigandi
578 652 606 675 et
620 648 790 684 disquircndi
814 658 907 685 opera,
931 651 1120 679 incunctanter
1134 651 1337 687 pronuntiavit:
1353 649 1414 677 Non
1429 654 1488 677 sunt
1505 649 1663 680 Athanasii;

44 690 82 716 cui
95 698 141 718 nos
157 692 215 725 pari
230 692 362 720 facilitate
379 695 537 729 reponimus
552 705 559 722 :
573 696 640 724 Sunt
658 698 819 731 Athanasii;
841 707 855 726 a
870 707 923 734 qua
937 707 965 726 re
977 700 1067 727 denuo
1083 699 1285 734 comprobanda
1299 705 1349 726 nos
1363 697 1498 730 exemisti,
1514 697 1577 723 dum
1595 696 1663 722 nihil

46 735 131 768 alters,
146 744 199 771 quo
215 741 256 765 tot
271 738 434 773 scriptorum
451 740 617 775 testimonia,
634 746 726 778 totque
739 744 791 771 alia
811 745 988 780 γνησιότητος
1009 750 1168 780 argumenta
1183 745 1329 772 convellas.
1344 743 1428 771 Nemo
1442 751 1508 770 sane
1523 742 1602 769 nobis
1622 741 1664 768 di-

44 787 94 826 cam
108 781 255 817 impingat,
273 784 347 818 quod
363 792 397 812 ex
411 785 506 813 aﬂ‘ecta
531 787 572 814 vel
589 788 766 823 praajudicata
779 790 912 825 opinione
927 791 1020 826 spuria
1037 792 1079 818 vel
1095 791 1177 818 dubia
1194 799 1277 826 opera
1291 798 1340 825 pro
1357 789 1495 825 germanis
1510 794 1536 815 et
1551 787 1664 815 assertis

43 824 200 860 dederimus;
215 836 279 855 nam
300 837 349 864 pro
363 831 446 863 virili,
463 837 490 858 et
507 837 537 859 ut
551 833 622 868 aequi
640 834 709 862 ratio
724 839 801 870 pastu

904 824 1026 869 νοθείας,
1044 836 1085 863 vcl
1099 824 1276 871 yvqctdrqco;
1292 824 1370 862 notas
1383 834 1536 869 quibusque
1553 832 1661 867 praemi-

43 873 128 901 simus.
139 876 178 903 Ac
192 876 257 904 licet
276 879 375 914 cuique
390 879 507 908 liberum
522 884 663 911 sententia:
676 884 820 912 adversum
838 893 889 913 nos
904 885 1022 912 ferenda:
1039 885 1183 912 arbitrium
1200 885 1356 914 mittamus,
1376 883 1398 909 si
1414 883 1475 917 quis
1487 887 1577 908 tamen
1593 880 1664 906 hanc

43 921 198 952 provinciam
215 922 306 956 adeat,
325 926 431 953 nonnisi
446 928 570 956 excussis
585 931 765 964 argumentis,
783 936 810 959 et
833 932 915 964 notis.
930 939 999 967 quas
1012 939 1061 967 pro
1075 931 1203 959 facultate
1220 930 1380 958 tractatibus
1397 928 1512 964 singulis
1526 926 1662 963 praemisi-

44 975 104 1001 mus,
113 970 213 1003 judicis
226 976 254 1000 et
271 974 395 1002 censoris
412 980 504 1009 partes
522 982 647 1013 occupet.
666 988 676 1004 ›
1312 1002 1317 1006 -

73 1015 121 1044 ΠΙ.
141 1017 239 1046 Postea
256 1028 322 1048 vero
340 1024 504 1051 severiorem
522 1033 668 1053 censuram
690 1027 717 1054 in
742 1029 967 1056 commentarium
989 1037 1068 1063 super
1086 1028 1220 1060 Psalmos,
1242 1031 1269 1054 et
1293 1027 1320 1054 in
1345 1024 1397 1051 alia
1414 1030 1495 1058 opera
1509 1022 1537 1048 in
1555 1028 1661 1048 sacram

45 1059 198 1098 Scripturam
215 1065 360 1094 Athanasii
386 1070 497 1097 nomine
516 1078 531 1097 a
551 1069 604 1098 PP.
618 1071 802 1101 Benedictinis
818 1081 866 1101 seu
882 1074 912 1101 P.
929 1059 1122 1102 Montfaucono
1143 1074 1215 1102 edita
1239 1073 1301 1100 tulit
1323 1069 1475 1097 Casimirus
1490 1067 1615 1095 Oudinus
1633 1066 1661 1094 in

46 1107 108 1136 hunc
121 1110 229 1138 modum
249 1113 290 1147 (9)
305 1122 311 1140 :
329 1123 338 1139 ι
353 1113 421 1147 Quis
443 1116 536 1143 credat
555 1125 674 1152 unquam
693 1127 823 1155 magnum
837 1120 1028 1154 Athanasium,
1044 1121 1070 1148 in
1089 1121 1162 1148 omni
1175 1120 1230 1147 vita
1248 1123 1288 1145 tot
1306 1116 1420 1146 exsiliis,
1438 1114 1510 1149 fugis
1526 1117 1552 1140 et
1567 1120 1661 1147 perse-

46 1156 186 1186 cutionibus
201 1160 337 1194 agitatum
351 1181 358 1193 ,
377 1166 483 1189 tantum
500 1163 629 1191 habuisse
646 1165 695 1192 otii
708 1184 716 1197 ,
735 1171 764 1193 ut
779 1167 991 1194 commentarios
1009 1168 1035 1194 in
1058 1167 1193 1199 Psalmos,
1208 1165 1316 1194 Johum,
1347 1161 1469 1192 Cantica,
1486 1158 1661 1193 Evangelium

45 1201 158 1237 llatthaci,
174 1210 202 1233 et
216 1206 307 1239 Lttcae,
325 1207 474 1243 Epistolam
492 1212 525 1238 ad
549 1210 696 1245 Hebraeos,
712 1217 739 1241 et
752 1215 948 1249 expositionem
970 1216 997 1242 in
1020 1215 1178 1251 Symbolum
1203 1212 1351 1240 scriberet?
1370 1210 1439 1238 Sunt
1453 1209 1511 1236 haec
1528 1216 1617 1243 ungat,
1635 1211 1663 1234 et

35 1255 182 1296 (catnmenta
194 1253 359 1281 recentioris
368 1254 478 1282 Graeciae
494 1256 617 1291 antiquis
630 1258 770 1293 incognita
786 1261 976 1295 scriptoribus,
990 1269 1106 1296 quorum
1121 1259 1214 1287 nullus
1225 1263 1347 1286 veterum
1361 1255 1526 1284 mentionem
1540 1259 1661 1288 unquam

46 1291 109 1321 fecit.
124 1295 205 1324 Miror
219 1297 413 1328 Benedictinos
429 1302 579 1329 monachos
592 1303 628 1330 ita
643 1291 743 1336 pueros
762 1291 858 1338 fuisse,
872 1311 903 1334 ut
916 1291 1052 1342 excerptis
1072 1306 1131 1334 istis
1148 1311 1174 1333 ct
1186 1304 1391 1333 commentariis
1407 1302 1551 1330 adhibeant
1569 1299 1662 1330 fidem,

44 1339 114 1388 (inhio
125 1345 228 1378 procul,
244 1350 277 1373 ut
300 1347 328 1374 in
347 1347 400 1375 hac
417 1354 486 1374 nova
505 1355 553 1375 sua
577 1348 707 1382 editione,
722 1358 823 1379 novum
846 1353 947 1388 aliquid
958 1374 965 1386 ,
983 1339 1046 1381 licet
1062 1353 1159 1381 falsum
1183 1353 1273 1388 magni
1290 1349 1430 1377 Athanasii
1447 1347 1608 1383 produxisse
1621 1345 1663 1372 vi-

44 1385 155 1417 deantur.
170 1391 393 1421 Commentarius
406 1394 433 1420 in
445 1393 569 1421 Psalmos
584 1395 698 1424 eductus
710 1404 742 1424 ex
755 1385 899 1426 recentiori
915 1385 1085 1427 bibliothecae
1100 1399 1289 1427 Ambrosiana:
1300 1399 1403 1430 codice,
1417 1397 1463 1432 qui
1478 1400 1662 1423 trecentorum

44 1441 163 1465 annorum
178 1446 232 1466 non
248 1444 303 1473 est,
320 1441 422 1476 quique
444 1443 546 1470 rectius
560 1444 646 1472 multo
661 1445 697 1472 ob
711 1445 814 1474 codicis
836 1447 983 1475 novitatem
1003 1448 1157 1475 Athanasio
1183 1447 1344 1482 patriarchae
1360 1443 1663 1477 Constantinopolitano

46 1483 208 1518 tribueretur,
225 1487 273 1522 qui
293 1489 344 1515 sub
360 1488 517 1517 Andronico
532 1491 640 1519 saniore
654 1492 727 1520 circa
750 1501 852 1521 annum
869 1494 935 1522 1500
963 1495 1071 1529 floruit,
1086 1495 1165 1530 cujus
1183 1499 1290 1522 aetatem
1310 1493 1401 1521 refert.
1428 1493 1484 1520 lmo
1505 1491 1572 1518 alter
1588 1498 1664 1517 com-

45 1531 181 1560 mentarius
195 1533 225 1560 in
235 1533 361 1561 Psalmos
383 1535 409 1562 in
425 1537 518 1564 eadem
545 1537 710 1566 bibliotheca
725 1539 805 1576 longe
818 1541 950 1576 prolixior
966 1541 1017 1568 sub
1037 1541 1179 1569 Athanasii
1194 1541 1316 1576 ejusdem
1332 1540 1452 1572 nomine,
1468 1546 1549 1574 quem
1572 1542 1662 1564 tamen

47 1574 121 1622 ipsius
134 1585 186 1605 non
201 1586 264 1607 esse
287 1580 418 1608 evincunt
430 1582 577 1611 citationes
593 1583 706 1612 Patrum
721 1574 873 1614 Athanasio
891 1588 1087 1621 recentiorum,
1107 1588 1146 1615 uti
1163 1587 1262 1615 fatetur
1277 1587 1335 1622 ipse
1350 1585 1506 1613 Bernardus
1522 1584 1556 1611 de
1572 1582 1663 1610 Mont-

45 1619 156 1668 i‘auconio
174 1626 200 1652 in
226 1626 324 1654 Diario
338 1626 446 1662 Italico,
462 1637 523 1664 cap.
539 1629 567 1662 2,
584 1638 644 1666 pag.
666 1631 709 1665 l2,
725 1632 771 1659 ubi
784 1631 950 1660 Germanum
968 1633 1061 1661 multis
1076 1619 1137 1668 post
1158 1619 1338 1661 Athanasium
1358 1631 1465 1659 saeculis
1478 1628 1663 1665 patriarcham

45 1665 362 1706 Constantinopolitanum
381 1680 563 1703 memoratum
587 1665 679 1704 refert.
698 1686 707 1703 ι
724 1677 786 1706 Haec
800 1678 922 1706 convicia
938 1679 1028 1714 potius
1049 1687 1131 1715 quam
1156 1687 1301 1707 censuram
1323 1677 1421 1705 acriori
1442 1675 1583 1704 stomacho
1597 1682 1663 1701 evo-

46 1714 102 1760 muit
116 1716 153 1742 vir
166 1724 181 1743 a
195 1718 338 1746 catholicae
362 1720 502 1756 religionis
520 1723 619 1750 castris
637 1723 778 1759 transfuga
794 1729 821 1752 et
836 1725 954 1758 rebellis,
977 1714 1062 1760 cujus
1080 1725 1234 1753 refellenda!
1248 1725 1369 1754 audacia:
1385 1723 1551 1758 provinciam
1576 1721 1664 1748 Bene-

48 1758 141 1807 dictinis
155 1761 282 1791 Patribus
297 1764 433 1800 relinquo.
450 1765 547 1794 Verum
562 1768 628 1796 illud
641 1758 902 1804 praetermittendum
915 1779 970 1799 non
986 1758 1037 1804 est,
1052 1773 1124 1806 quod
1135 1772 1259 1807 superius
1275 1771 1403 1799 admonui
1428 1780 1435 1798 :
1452 1768 1664 1797 commentarios

85 1805 197 1854 l’wlmos
214 1811 359 1839 Athanasii
376 1813 488 1841 nomine
505 1815 539 1842 ab
555 1815 623 1850 ipsis
636 1817 724 1845 editos
737 1818 771 1845 ad
794 1826 920 1854 magnum
940 1820 1120 1848 Athanasium
1137 1828 1190 1847 non
1209 1820 1356 1854 pertinere,
1374 1826 1426 1845 non
1443 1817 1502 1852 ejus
1521 1815 1602 1843 unius
1617 1814 1664 1849 ju-

48 1849 134 1880 dicium
147 1859 202 1887 est,
219 1856 267 1883 sed
284 1857 398 1886 aliorum
414 1860 497 1887 etiam
519 1861 661 1889 doctorum
678 1863 811 1896 virorum,
836 1865 883 1899 qui
901 1865 927 1892 in
944 1865 1066 1900 legendis
1089 1866 1256 1893 sanctissimi
1279 1863 1476 1898 archiepiscopi
1492 1862 1664 1896 aliorumque

48 1901 154 1926 Veterum
172 1899 285 1928 Patrum
308 1904 438 1937 operibus
455 1907 554 1933 versati
571 1912 644 1934 sunt.
663 1907 871 1943 Tillemontius,
886 1915 916 1938 ut
939 1899 1007 1939 alios
1022 1912 1145 1939 omittam
1156 1932 1163 1944 ,
1179 1912 1219 1938 vir
1234 1910 1380 1947 Singularis
1395 1907 1568 1937 eruditionis.
1592 1906 1664 1932 allii--

47 1944 169 1992 “13100).
186 1954 215 1974 se
229 1947 258 1975 in
275 1951 492 1983 commentariis,
517 1952 552 1980 de
568 1953 669 1988 quibus
686 1955 786 1990 agitur,
804 1956 895 1992 aliqua
911 1957 1029 1984 aliorum
1047 1958 1210 1992 scriptorum
1229 1959 1285 1986 loca
1299 1978 1307 1990 ,
1328 1963 1410 1990 quam
1436 1951 1579 1980 Albanas“
1591 1971 1598 1983 9
1620 1957 1665 1984 Cui

47 1987 200 2040 tribuuntur,
218 1993 392 2021 observasse.
411 1994 464 2022 Sed
478 1987 610 2026 hactenus
623 1999 657 2026 de
667 1987 873 2027 commentariis
889 2009 966 2035 super
977 1987 1129 2029 Psalmas'a
1144 2001 1195 2029 PP.
1215 1987 1395 2030 Benedictinis
1412 2002 1440 2028 in
1458 2000 1594 2040 publicam
1611 1999 1664 2026 uti-

50 2032 139 2083 litatem
157 2038 308 2074 evulgatis;
325 2047 399 2068 nunc
411 2041 444 2069 de
457 2041 563 2071 Slavica
575 2052 624 2071 seu
638 2044 744 2081 Illyrica
756 2032 927 2074 Psalmoruui
943 2047 1177 2083 interpretatione,
1192 2049 1219 2075 in
1231 2056 1285 2084 qua
1300 2048 1393 2076 itidem
1410 2036 1665 2075 Atltanasii'nomen

51 2082 197 2117 inscriptum
215 2085 349 2119 occurrit,
368 2086 472 2122 aliquid
488 2088 557 2116 mihi
571 2089 716 2118 dicendum
735 2096 870 2127 superest.

81 2127 138 2157 Vlll.
160 2130 275 2160 Exhibet
291 2133 319 2160 in
335 2141 386 2162 suo
401 2134 495 2162 Diario
511 2135 611 2164 Italico
629 2138 686 2173 (ll)
700 2139 768 2167 clar.
782 2139 823 2166 vir
835 2139 915 2168 Pater
930 2139 1086 2169 Bernartius
1100 2140 1275 2169 Montfaucon
1291 2145 1386 2168 notam
1403 2139 1528 2168 codicum
1545 2135 1665 2165 cmnohii

51 2171 235 2205 Canonicorum
251 2178 431 2213 Regularium
447 2179 477 2208 S.
496 2171 657 2212 Salvatoris.
675 2183 749 2212 Inter
764 2189 878 2214 caeteros
895 2190 986 2214 autem
1002 2189 1229 2215 commentarium
1243 2188 1270 2215 in
1285 2187 1410 2216 Psotmos
1423 2184 1510 2213 sancti
1523 2183 1667 2210 Athanasii

52 2217 143 2249 Slavica
160 2223 252 2260 lingua
270 2226 403 2260 scriptum
421 2227 465 2255 his
481 2228 571 2257 verbis
587 2230 732 2258 enuntiat:
751 2241 759 2257 ι
775 2231 867 2259 Codex
891 2239 946 2260 non
970 2234 1130 2268 spernenda
1147 2236 1308 2268 vetustatis,
1326 2236 1354 2263 in
1378 2242 1433 2270 quo
1450 2234 1546 2269 psalmi
1569 2233 1667 2261 chara-

51 2273 111 2298 ctere
125 2271 237 2302 Slavico.
255 2284 265 2301 ι
284 2274 312 2302 1η
327 2276 514 2304 admonitione
529 2282 633 2311 autem,
645 2286 706 2314 quae
718 2280 892 2314 praemittitur
905 2279 1075 2308 Emost‘tt'oni
1087 2281 1255 2309 Psalmarum
1269 2283 1355 2310 sancti
1372 2281 1525 2313 Athanasii,
1539 2287 1622 2315 quam
1637 2279 1668 2306 in

52 2323 116 2350 Parte
128 2323 241 2350 secunda
259 2323 327 2351 tomi
344 2324 425 2359 primi
440 2332 554 2360 operum
567 2326 692 2361 ejusdem
709 2328 876 2356 sanctissimi
893 2327 1018 2356 Doctoris
1035 2329 1092 2364 ipse
1113 2330 1207 2362 edidit,
1224 2330 1287 2358 talia
1301 2331 1454 2358 habentur:
1477 2339 1485 2354 I
1501 2327 1594 2356 Narrat
1613 2327 1668 2355 Ga—

54 2364 110 2394 hriel
124 2368 282 2405 Grodecius,
298 2371 494 2408 Dantzicanus,
519 2375 660 2410 professor
674 2375 814 2403 Hebraicm
838 2376 937 2412 linguae
953 2376 980 2403 in
998 2377 1138 2404 academia
1153 2376 1280 2412 Lipsiaua
1292 2400 1299 2411 ,
1317 2379 1358 2404 vir
1372 2377 1481 2408 doctus,
1499 2384 1531 2403 ac
1546 2375 1665 2402 necessi—

53 2412 133 2442 tudine
147 2417 215 2444 mihi
235 2418 413 2453 conjunctus,
427 2424 537 2447 exstare
552 2420 579 2447 in
595 2420 760 2448 bibliotheca
782 2421 811 2448 S.
830 2421 980 2450 Salvatoris
994 2422 1173 2450 Bononiensis
1190 2423 1217 2450 in
1234 2424 1328 2451 codice
1341 2423 1501 2458 perantiquo
1518 2421 1666 2456 expositio-

55 2465 106 2486 nem
119 2460 254 2490 Athanasii
266 2465 295 2490 in
309 2463 431 2491 Psatmos
445 2463 575 2492 Serviana
592 2465 695 2501 lingua,
708 2474 769 2501 qua:
784 2471 826 2494 est
844 2467 950 2495 Slavica
964 2468 1110 2500 dialectus,
1127 2473 1191 2495 sunt
1207 2473 1296 2495 autem
1310 2468 1395 2496 Servii
1409 2468 1501 2504 Mysia.-
1511 2468 1665 2503 superioris

55 2505 143 2539 Poputi,
161 2516 209 2536 nec
223 2509 332 2544 ambigo
349 2517 381 2553 ex
404 2510 446 2538 his
461 2511 563 2539 nostris
579 2512 795 2546 expositionibus
813 2512 919 2540 Slavice
931 2521 1041 2540 versam
1056 2513 1151 2541 tuisse.
1170 2523 1179 2539 ι
1195 2513 1249 2541 Sed
1272 2513 1375 2542 fallitur
1397 2516 1438 2542 vir
1451 2515 1575 2542 eruditus
1592 2523 1598 2540 :
1615 2514 1667 2540 iste

56 2551 118 2597 tillim
131 2557 342 2585 commentarius
357 2551 463 2586 Slavica
477 2567 524 2586 seu
543 2558 660 2595 Illyrica,
674 2569 728 2588 non
744 2565 833 2588 autent
851 2561 982 2589 Serviaua
995 2562 1087 2597 lingua
1105 2563 1223 2597 scriptus
1237 2568 1297 2596 est;
1317 2570 1405 2597 neque
1423 2566 1465 2588 est
1485 2561 1512 2588 in
1529 2559 1664 2586 Slavieam

56 2596 185 2629 dialectum
202 2604 351 2631 translatus
366 2611 399 2631 ex
422 2604 524 2632 Gralcis
539 2605 764 2640 expositionibus,
782 2613 852 2641 quas
873 2606 932 2641 ipse
956 2606 1028 2634 inter
1040 2596 1125 2642 opera
1147 2596 1175 2634 S.
1189 2607 1332 2635 Athanasii
1354 2596 1454 2640 edidit,
1471 2606 1517 2633 sed
1541 2605 1611 2632 idem
1625 2608 1667 2630 est

58 2652 84 2674 Ic
96 2647 136 2676 ille
148 2651 192 2685 qui
209 2652 311 2680 Graecis
324 2652 422 2681 litteris
436 2660 469 2680 ac
484 2651 576 2679 verbis
598 2652 716 2687 scriptus
734 2656 761 2679 et.
779 2652 950 2687 compositus
965 2651 1086 2680 Venetiis
1101 2653 1128 2680 in
1146 2653 1314 2681 Justinianca
1327 2674 1333 2686 ,
1351 2658 1379 2680 et
1394 2651 1537 2679 Mediolani
1560 2651 1587 2676 in
1601 2649 1665 2675 Am-

57 2691 171 2723 brosiana
184 2697 346 2726 bibliotheca
363 2699 506 2733 reperitur,
523 2702 549 2725 et
563 2705 644 2732 quem
655 2719 662 2730 ,
677 2702 707 2725 ut
722 2698 804 2732 paulo
820 2703 883 2726 ante
896 2698 964 2730 dixi,
981 2706 1035 2726 non
1048 2706 1109 2727 esse
1121 2699 1276 2731 Athanasii,
1295 2699 1326 2727 Ρ.
1342 2697 1518 2725 Montl'aucon
1536 2694 1664 2721 afﬁrmat.

58 2736 174 2774 Equidem
185 2743 265 2779 hujus
280 2744 467 2773 commentarii
485 2744 604 2776 initium,
624 2751 721 2778 nempe
743 2744 896 2771 orationem
921 2751 983 2779 qua!
1009 2745 1207 2773 commentario
1223 2745 1401 2780 prmponitur,
1421 2748 1448 2771 ct
1463 2740 1663 2776 expositionem

88 2799 235 2839 (?)__Cg_mm.
254 2804 285 2831 de
298 2804 390 2839 script.
403 2802 489 2839 Eccl”
501 2807 566 2830 tom.
584 2802 681 2839 μεως.
698 2809 734 2836 tv,
751 2811 776 2831 c.
791 2802 818 2835 8,
837 2801 909 2832 Disa.
927 2803 959 2831 de
971 2812 1012 2839 ορ.
1028 2803 1057 2832 S.
1076 2804 1187 2838 Alliam,
1204 2812 1266 2839 pag.
1283 2803 1343 2831 585.

89 2834 139 2905 illi;
157 2836 232 2866 Hem.
248 2839 323 2871 εισι..
341 2834 406 2867 tom.
421 2834 487 2871 νιιΙέ
503 2846 562 2873 [’33-
582 2838 644 2865 257.-

89 2869 126 2902 (Η
154 2872 218 2905 Cap.
232 2874 275 2905 27,
293 2882 353 2905 pag.
371 2874 436 2903 ΜΠ.

89 2869 139 2905 iii)
154 2872 218 2908 Cap.
232 2874 275 2908 27,
293 2869 353 2910 pag.
371 2874 436 2903 £07.
