1919 3051
219 143 269 172 οοτ
641 145 668 173 S.
691 146 875 174 ATHANASI‘i
895 147 971 174 OPP.
993 147 1083 175 PARS
1103 147 1146 177 iii.
1166 164 1201 168 —
1214 147 1419 175 EXEGETICA.
1797 147 1866 175 608

219 210 248 230 ιη
265 204 382 236 primum
407 203 543 237 psalmum
561 204 642 237 dabo,
661 214 742 239 quam
762 211 858 233 nactus
877 215 936 233 sutn
965 212 990 234 et
1012 216 1093 242 opera
1111 213 1137 235 et
1160 216 1224 235 cura
1249 207 1467 235 reverendissimi
1483 207 1512 233 P.
1530 206 1636 234 abbatis
1663 206 1863 242 Migiiavacca.

221 250 351 277 Cauonici
368 250 510 285 Reguiaris
526 252 631 280 ordinis
647 253 676 280 S.
693 253 858 287 Saivatoris,
874 255 920 289 qui
938 256 1020 282 etiam
1041 264 1070 283 se
1090 256 1124 282 ab
1138 256 1199 282 aliis
1213 255 1351 283 audivisse
1375 254 1442 281 mihi
1470 255 1591 281 narravit
1607 263 1614 282 :
1631 253 1662 282 Ρ.
1680 253 1865 282 Montfauco-

222 303 300 327 nam,
321 303 382 322 cum
399 304 447 330 per
464 297 614 324 Bononiam
632 298 682 325 iter
696 298 809 331 iaceret,
828 301 987 328 monasterii
1005 301 1033 328 S.
1052 301 1201 336 Salvatoris
1218 302 1409 329 bibliothecam
1425 301 1554 332 adivisse,
1570 305 1652 335 atque
1669 300 1696 327 in
1711 308 1746 327 ea
1759 301 1865 335 inspe-

221 341 274 369 ctis
288 341 408 376 antiquis
425 342 566 369 codicibus
581 345 790 379 manuscriptis,
815 346 916 380 quibus
941 346 1104 373 bibliotheca
1124 347 1169 373 illa
1196 351 1317 381 praestat,
1342 354 1404 373 cum
1428 347 1501 375 hunc
1517 347 1551 375 de
1575 357 1629 384 quo
1644 348 1735 383 agitur
1750 354 1867 375 attente

223 388 435 420 considerasset,
452 389 573 416 suasisse
591 389 810 421 bibiiotherario,
825 396 854 417 ut
868 398 966 417 nomen
982 391 1125 418 Athanasii
1141 391 1253 424 deleret,
1270 396 1351 426 atque
1367 392 1393 418 iu
1409 392 1498 420 {route
1512 393 1614 421 codicis
1631 394 1783 421 ascriberet
1803 402 1867 421 no-

223 441 285 461 men
304 434 332 461 S.
349 435 443 470 Cyt-iili
462 436 655 471 Alexandrini;
672 442 699 464 et
714 438 823 472 quidem
846 442 874 465 ut
890 438 924 464 ab
938 438 1027 465 amico
1043 439 1095 465 sibi
1112 439 1260 466 novissime
1274 439 1456 474 signiﬁcatum
1482 448 1544 467 esse
1563 440 1713 472 asserebat,
1732 447 1808 467 nunc
1835 441 1867 466 in

223 488 305 516 parva
323 482 433 514 scheda,
452 490 513 515 quae
528 483 554 509 in
568 483 662 510 eodem
687 482 782 509 codice
799 482 925 514 exsistit,
950 482 1095 509 recentiori
1119 484 1277 510 charactere
1293 484 1422 518 scriptum
1440 485 1492 518 legi
1517 493 1614 512 nomen
1631 484 1660 511 S.
1677 485 1772 520 Cyriili
1801 485 1871 519 epi-

224 530 298 564 scopi
312 530 505 563 Alexandrini;
532 531 560 558 in
578 530 696 566 tegmine
721 536 812 557 autent
841 529 945 557 codicis
968 529 1058 557 adhuc
1081 537 1223 558 remanere
1248 538 1346 558 nomen
1363 531 1516 558 Athanasii.
1539 530 1596 564 Qua
1612 531 1645 558 de
1662 538 1747 558 causa
1763 536 1869 558 atttem

224 578 348 605 eruditus
361 578 403 604 vir
418 578 443 605 id
460 578 613 606 faciendum
631 578 780 609 censuerit,
794 585 837 604 me
853 577 927 604 latet.
942 577 1035 612 itaque
1051 579 1240 613 cujuscunque
1250 580 1372 606 auctoris
1388 580 1602 607 commentarius
1619 580 1662 606 ille
1678 579 1724 612 sit,
1738 587 1785 606 me
1801 587 1870 605 rem

225 629 329 660 gratam
344 626 454 652 curioso
469 626 562 653 lectori
589 625 722 652 facturum
738 624 877 655 existimo,
892 623 915 651 si
933 623 993 658 ejus
1013 624 1120 651 ittitiutn
1146 625 1267 660 iliytica,
1285 631 1312 652 et
1326 625 1422 654 Latina
1443 627 1535 660 lingua
1562 627 1612 653 hoc
1628 626 1699 658 loco,
1723 630 1754 653 ut
1769 627 1867 661 paulo

225 676 287 698 ante
302 672 440 706 pollicitus
453 680 525 704 sum,
541 672 684 699 exhibeam
701 671 765 705 (12).

262 717 315 746 Ter
333 724 428 746 saneta
444 719 564 746 Trinitas
580 720 663 746 totius
677 719 770 746 mundi
792 718 902 753 adjuva.
930 722 957 746 et
972 718 1014 745 di-

226 755 283 789 rige
302 763 349 781 cor
363 763 452 782 tucutn
467 756 499 781 ad
527 755 712 789 incipiendum
741 762 804 781 cutn
821 754 1011 788 intelligentia,

227 795 255 817 et
271 790 419 817 tinieudunt
436 799 505 825 opus
522 791 624 817 bonum
644 797 658 816 a
689 790 742 816 Deo
772 789 897 825 inspirati
933 789 1014 822 hujus

227 825 392 860 iibri,quem
414 831 526 852 sanctus
543 825 661 860 Spiritus
674 833 721 859 per
742 832 774 851 os
807 824 890 851 David
909 829 1016 851 eructa-

229 859 422 895 vit,et"qucm
447 859 591 894 aggredior
620 861 745 888 recitare.
774 859 933 894 Aguosecus
950 867 1016 886 vero

229 903 318 922 meam
349 896 543 930 ignorantiam,
574 896 659 922 adoro
688 900 714 922 te
741 902 872 927 exorans,
889 898 917 921 et
937 899 1015 921 tuum

229 929 485 962 auxilium’invoco,
499 931 612 958 Dotnine
626 930 690 958 .it-su
716 929 835 958 Christe.
859 930 925 956 doce
941 930 1019 956 intel-

230 966 328 993 lectum
343 974 434 993 meum
460 975 513 993 nou
531 967 557 992 in
576 966 751 993 sermonibus
783 965 917 992 iabiorum
939 965 1015 992 obie-

1066 720 1144 751 ctari,
1165 721 1210 748 sed
1238 721 1264 747 in
1285 721 1440 756 cognitione
1467 721 1638 756 eloquiorum
1671 722 1805 756 gaudere,
1841 727 1873 749 et

1066 763 1220 791 pra-parare
1243 764 1286 782 tne
1319 757 1351 782 ad
1384 756 1507 783 facienda
1534 764 1628 790 opera,
1653 765 1714 791 quae
1735 758 1819 784 disco
1842 763 1874 784 et

1066 790 1173 824 loquor,
1212 796 1241 818 ut
1271 792 1349 819 bonis
1375 793 1504 826 operibus
1537 790 1719 824 iiiuminatus,
1755 793 1783 819 in
1813 798 1873 818 tuo

1066 826 1170 860 judicio
1191 827 1309 853 dexterae
1323 827 1409 861 partis
1435 827 1571 862 particeps
1587 827 1660 854 ﬁam.
1673 827 1707 854 Et
1720 836 1795 855 nunc
1810 827 1871 853 Do-

1068 862 1148 893 tniuc,
1165 862 1290 894 benedic,
1304 868 1332 888 ut
1349 870 1382 888 ex
1395 863 1476 889 corde
1487 864 1620 897 producto
1644 864 1778 898 suspirio,
1807 864 1868 890 litt-

1069 904 1121 930 gua
1133 904 1246 923 canam:

1070 953 1168 980 Beatus
1188 955 1228 981 vir
1243 955 1287 989 qui
1300 963 1350 981 ηοη
1377 954 1442 981 abiit
1455 955 1628 982 inconsiliunt
1641 955 1871 990 impiorum,etc.

230 1041 398 1062 ηλιτειιιυι
419 1043 498 1063 Μνω
526 1043 603 1063 REGIS
626 1042 734 1062 SANCT£
754 1041 890 1061 εινιτΑτις
901 1041 965 1060 FiLil
986 1041 1036 1060 JES!

1096 1041 1118 1060 ;τ
1141 1041 1213 1060 ιυυιε
1230 1040 1369 1061 SECUNDUI
1396 1040 1546 1060 PROGENIEI
1561 1041 1610 1060 PRO
1623 1040 1704 1060 PRIMO
1726 1039 1869 1060 ALLELUIA

623 1090 727 1110 lNlTlUﬂ
741 1090 815 1109 ratur
830 1089 912 1113 LIBRI,
930 1090 974 1113 QUI
987 1089 1035 1109 EST
1054 1089 1122 1108 APUD
1140 1089 1245 1109 JUDEOS
1262 1089 1355 1108 PSALDI.
1373 1089 1391 1108 Ι-

267 1142 293 1168 i.
314 1141 413 1170 Beatus
427 1142 477 1174 vir,
496 1143 541 1177 qui
558 1151 611 1170 non
625 1143 691 1170 abiit
706 1144 732 1170 in
750 1142 893 1169 consilium
917 1142 1014 1175 impio-

232 1185 305 1210 rum,
320 1179 383 1204 etin
400 1178 442 1204 via
457 1185 629 1212 peccatorum
658 1187 712 1205 non
729 1178 812 1209 stetit,
838 1182 864 1204 et
878 1177 904 1203 in
919 1178 1011 1203 cathe-

232 1212 282 1239 dra
297 1213 455 1246 pestilentiae
471 1222 523 1239 non
540 1214 618 1240 sedit.

268 1247 295 1274 2.
315 1247 366 1273 Sed
385 1248 409 1274 iu
429 1249 485 1282 iege
497 1248 603 1274 Domini
620 1249 747 1275 voluntas
764 1248 833 1281 ejus,
849 1252 876 1274 et
905 1247 932 1273 iu
959 1248 1016 1282 iege

234 1282 295 1316 ejus
309 1283 482 1309 meditabitur
492 1284 535 1310 die
552 1292 583 1310 ac
600 1290 688 1310 nocte.

272 1316 404 1354 3.7Etcrit
423 1322 551 1352 tauqttatn
570 1319 671 1353 lignum
682 1317 753 1354 quod
768 1317 919 1351 platttatum
932 1322 973 1345 est
985 1325 1027 1345 se-

236 1359 286 1379 cus
295 1353 427 1380 decursus
442 1361 589 1387 aquarum:

271 1387 297 1414 4.
311 1387 388 1424 Quod
403 1389 520 1415 l'ructutn
540 1397 621 1416 suutn
645 1389 721 1414 dabit
736 1388 762 1414 in
775 1394 897 1422 tempore
912 1395 972 1415 suo.

1152 1141 1184 1168 Et
1201 1141 1295 1168 folium
1314 1141 1374 1175 ejus
1390 1150 1443 1168 non
1459 1141 1562 1167 dciiuet
1574 1162 1581 1172 ,

1111 1177 1137 1203 6.
1154 1177 1284 1204 i‘Itomnia
1294 1184 1462 1211 quaecunque
1470 1176 1572 1206 fecerit.
1585 1175 1820 1211 prosperabuntur
1832 1175 1870 1200 ei.

1114 1211 1138 1238 7.
1158 1211 1216 1238 Non
1243 1213 1282 1239 sic
1295 1213 1381 1247 impii,
1400 1210 1453 1238 non
1468 1213 1517 1244 sic,
1536 1211 1583 1238 sed
1607 1217 1737 1246 tanquam
1764 1210 1871 1244 pulvis,

1078 1247 1283 1282 quetniprojicit
1296 1252 1394 1274 ventus
1420 1255 1435 1273 a
1461 1247 1530 1274 facie
1554 1251 1642 1273 terrae.

1116 1284 1143 1309 8.
1161 1281 1229 1309 ideo
1241 1290 1296 1308 tton
1319 1286 1462 1318 resurgent
1489 1282 1566 1316 impii
1593 1282 1620 1309 in
1642 1281 1759 1317 judicio,
1777 1288 1872 1315 neque

1083 1322 1239 1351 peccatores
1252 1318 1277 1343 in
1290 1319 1405 1345 consilio
1418 1317 1565 1352 justomm.

1126 1353 1152 1379 9.
1178 1352 1311 1385 Quoniam
1329 1355 1403 1379 novit
1431 1352 1562 1380 Dominus
1590 1353 1660 1379 viam
1673 1352 1829 1388 juslorum,
1845 1355 1871 1377 et

1083 1387 1134 1414 iter
1150 1388 1294 1422 itupiorum
1308 1388 1415 1422 peribit.

645 1453 853 1496 ATllAtVASII
876 1453 1176 1481 COMMENTARIUS
1206 1453 1250 1480 IN
1281 1453 1457 1482 PSALMOS.

494 1511 618 1539 Psalmus
634 1512 717 1539 David
744 1521 764 1540 ι.

275 1580 300 1607 i.
321 1578 465 1614 Prophetia
480 1579 538 1607 ita-c
554 1579 716 1614 adimpletur
729 1579 754 1606 iu
771 1579 889 1614 Joseplto
914 1581 948 1607 ab
963 1581 1025 1608 Ari-

240 1615 513 1649 mathata,quoniam
541 1623 594 1641 non
615 1615 744 1650 venitiad
779 1615 899 1648 Judzeos,
924 1617 969 1650 qui
999 1618 1026 1644 in

241 1650 382 1678 Christum
399 1650 512 1677 insidtas
529 1650 674 1677 faciebant.
694 1649 851 1685 Proprietas
868 1649 1028 1678 auteinser—

241 1687 330 1712 monis
354 1685 435 1719 hujus
460 1686 568 1712 beatum
583 1686 648 1712 dicit
673 1693 781 1712 omnem
811 1687 962 1719 hontinem,
980 1687 1027 1720 qui

240 1727 296 1748 non
309 1721 504 1753 communicat,
524 1729 574 1747 nec
587 1728 615 1748 se
646 1720 781 1747 immiscet
809 1721 901 1755 iniqua
914 1722 1028 1749 consilia

241 1757 402 1791 agentibus,
435 1761 482 1782 aut
511 1756 628 1790 aliquem
662 1755 763 1789 injuste
785 1758 1024 1791 petscquentibus.

240 1790 318 1824 Quod
340 1799 403 1818 vero
416 1792 540 1818 additur:
560 1792 631 1818 Elin
656 1792 708 1821 via,
723 1790 793 1818 viam
823 1790 883 1818 esse
911 1800 1030 1826 prtescu-

243 1830 295 1852 tom
312 1827 394 1854 vilam
411 1828 523 1859 asserit;
541 1835 590 1854 nos
614 1826 685 1852 enim
702 1826 822 1854 viventes
837 1827 869 1854 ad
888 1827 1029 1854 interitum

243 1861 305 1888 \ita:
319 1863 420 1890 sensim
438 1863 603 1889 accedimus.

281 1899 308 1925 2.
325 1898 409 1924 Aliter
426 1898 499 1924 enim
519 1905 572 1924 non
587 1898 841 1929 instrueturhomo,
871 1902 901 1930 u_t
919 1898 1030 1925 recedat

244 1944 259 1962 a
274 1933 358 1964 malo,
380 1933 430 1959 nisi
444 1941 473 1960 se
488 1934 640 1960 exercuerit
655 1933 771 1961 lcetione
783 1934 926 1964 librorum,
939 1940 970 1960 ac
985 1933 1032 1960 do-

243 1971 313 1998 ll'ina
329 1968 491 2002 sapientum.

279 2006 305 2032 3.
325 2003 392 2030 Nam
419 2008 498 2037 prout
528 2003 599 2038 ligna
621 2004 740 2035 piantata
764 2003 797 2030 ad
819 2011 905 2038 aquas
925 2011 1032 2038 semper

243 2045 309 2067 sunt
330 2046 447 2069 alumna,
481 2040 517 2065 ita
534 2039 688 2066 itttellectus
712 2046 795 2065 sacra
821 2039 953 2067 librorum
980 2041 1030 2065 do-

244 2076 332 2103 ctrina
343 2074 472 2108 irrigatus
488 2075 597 2108 puichrc
616 2074 703 2105 lloret,
720 2079 746 2100 ct
761 2074 897 2100 salutares
923 2081 1032 2106 semper

244 2110 425 2145 cogitationes
464 2110 554 2136 habet.
586 2109 701 2143 Liguutn
737 2110 816 2136 etiam
855 2109 908 2135 hoc
934 2109 1034 2136 dicitur

245 2144 313 2174 crux
350 2145 470 2172 futilibus
503 2145 710 2179 baptismaiibus
759 2144 948 2177 circumdata,
987 2152 1035 2179 per

246 2189 328 2216 quam
355 2188 406 2207 nos
433 2181 604 2207 iaetilicamur
620 2187 652 2207 ac
669 2180 867 2206 iiiuminatnur.

1113 1511 1173 1538 4—6.
1202 1511 1230 1538 Itt
1253 1516 1374 1546 tempore
1392 1519 1442 1538 suo
1461 1511 1634 1538 fructiﬁcavit
1649 1519 1719 1538 crux
1745 1516 1873 1538 nostmm

1081 1548 1194 1574 salutem
1215 1558 1220 1574 :
1240 1547 1344 1574 fructus
1376 1552 1468 1581 utpote
1493 1547 1611 1578 vivaces,
1641 1551 1668 1574 et
1691 1546 1757 1573 folia
1780 1547 1873 1574 crucis

1079 1588 1144 1609 sunt
1159 1582 1261 1612 ﬁdeles.
1280 1583 1326 1616 qui
1349 1590 1395 1616 per
1423 1582 1496 1608 illam
1525 1582 1635 1614 tnuttiti,
1648 1587 1675 1608 et
1695 1582 1723 1608 in
1746 1582 1791 1608 illa
1810 1590 1875 1616 per-

1078 1622 1233 1649 manentes,
1256 1625 1308 1644 non
1332 1616 1461 1644 decidunt
1488 1625 1535 1643 seu
1563 1625 1614 1643 non
1631 1616 1758 1644 deﬂuunt
1774 1617 1809 1644 ab
1824 1625 1875 1644 ea-

1078 1653 1165 1685 dem;
1203 1653 1295 1679 omnia
1332 1652 1426 1683 enim,
1455 1660 1517 1687 qua:
1543 1657 1650 1686 propter
1683 1660 1793 1679 crucem
1823 1660 1874 1680 seu

1079 1687 1182 1715 Christi
1201 1688 1358 1722 passionem
1387 1688 1469 1719 tiunt,
1486 1695 1615 1722 prospere
1638 1689 1801 1715 succedunt.

1117 1734 1141 1760 7.
1159 1733 1233 1760 Crux
1248 1733 1320 1760 cnim
1339 1733 1395 1766 illa,
1413 1741 1474 1769 quae
1488 1735 1522 1760 ab
1546 1734 1691 1765 Inereticis,
1716 1734 1831 1765 Judteis,
1848 1739 1875 1761 et

1081 1769 1198 1796 ethnicis
1226 1777 1280 1795 ttott
1311 1769 1431 1800 colitur,
1457 1769 1528 1803 apud
1548 1777 1595 1796 eos
1618 1778 1671 1795 IiOII
1702 1769 1873 1800 fructiﬁcat,

1081 1804 1128 1831 sed
1143 1809 1272 1838 tanquam
1292 1805 1429 1837 pulverem
1445 1812 1492 1831 eos
1507 1804 1631 1838 dissipat.
1646 1804 1692 1831 Sic
1704 1804 1791 1832 Judaei
1807 1813 1872 1831 cum

1082 1840 1117 1866 ob
1142 1839 1359 1866 incredulitatem
1391 1847 1422 1866 ac
1452 1840 1637 1874 insipientiam
1664 1840 1835 1867 defecissent
1858 1848 1872 1866 a

1081 1874 1210 1907 Christo,
1229 1875 1344 1909 dispersi
1370 1880 1434 1901 suttt
1452 1882 1499 1908 per
1515 1875 1671 1902 universam
1703 1881 1818 1902 terram.

1128 1920 1153 1947 8.
1173 1919 1240 1947 Nam
1256 1921 1303 1954 qui
1318 1920 1403 1947 Deum
1429 1928 1483 1947 non
1508 1925 1689 1955 agnoverunt,
1715 1923 1758 1948 vel
1786 1922 1873 1948 solatn

1084 1957 1154 1982 itane
1180 1956 1345 1990 impietatem
1358 1964 1450 1983 secum
1463 1956 1591 1988 ferentes,
1616 1962 1677 1991 post
1693 1958 1874 1984 resurrectio-

1085 1998 1146 2017 nem
1162 1991 1195 2017 de
1209 1992 1270 2018 aliis
1283 1992 1374 2018 causis
1391 1999 1444 2018 non
1456 1991 1714 2026 interrogabuutur;
1725 1993 1782 2025 jam
1797 1993 1871 2019 enim

1086 2027 1225 2053 habebunt
1240 2026 1442 2053 damnationem
1470 2027 1554 2053 iihere
1573 2035 1620 2060 per
1646 2028 1810 2062 semetipsos
1827 2035 1873 2053 vo-

1085 2062 1173 2094 litant,
1188 2069 1238 2088 ttec
1258 2062 1413 2088 invenietur
1425 2062 1452 2088 itt
1476 2062 1543 2096 ipsis
1562 2062 1647 2089 ullum
1665 2063 1872 2097 opusjustitiae.

1129 2107 1156 2135 9.
1169 2107 1264 2135 Nescit
1275 2108 1346 2134 enim
1360 2115 1469 2134 omnem
1483 2108 1553 2134 viam
1563 2113 1618 2134 tam
1635 2108 1775 2142 justorum
1792 2115 1873 2142 quatit

1088 2143 1265 2177 iujustorum,
1282 2148 1309 2170 et
1326 2143 1430 2177 pritttos
1454 2145 1563 2178 quidem
1581 2144 1679 2175 salvat,
1697 2144 1799 2171 alteros
1812 2150 1873 2171 vero

1088 2179 1212 2212 danutat,
1225 2186 1257 2205 ac
1272 2186 1287 2205 a
1299 2186 1328 2205 se
1343 2178 1441 2213 rejicit,
1455 2183 1551 2214 utpote
1564 2179 1684 2207 ittutiies.

287 2258 332 2285 1X.
349 2258 404 2293 Age
415 2266 488 2289 vero,
499 2257 629 2292 quoniam
651 2257 727 2284 locus
738 2257 783 2284 hic
793 2257 849 2292 jam
865 2257 999 2291 postulat,
1014 2256 1048 2284 de
1064 2261 1177 2284 auctore
1191 2257 1373 2292 expositionis
1403 2265 1485 2292 quant
1505 2258 1658 2286 Athanasio
1671 2258 1698 2285 in
1719 2257 1872 2286 Barberino

245 2306 340 2334 codice
358 2306 505 2338 ascriptum
521 2311 594 2331 nunc
610 2303 729 2338 primum
758 2304 785 2330 itt
803 2304 892 2331 lucem
914 2306 1008 2337 trado,
1027 2304 1109 2332 verba
1131 2304 1274 2332 iaciamus.
1303 2304 1430 2332 Proiecto
1457 2310 1487 2332 ut
1508 2313 1568 2333 eam
1598 2313 1697 2341 magno
1721 2305 1874 2333 Athanasio

247 2353 419 2381 tribucndatu
447 2353 614 2384 existimem,
646 2351 764 2386 primum
780 2359 892 2378 moveor
919 2351 1023 2386 judicio
1052 2352 1171 2379 duorum
1196 2352 1419 2379 doctissimorum
1441 2353 1563 2380 virorum
1577 2352 1692 2379 Andreae
1714 2352 1835 2384 Scitotti,
1852 2355 1874 2378 et

246 2399 327 2428 Luca:
343 2399 487 2431 Hoistcnii,
501 2406 617 2433 quorum
632 2399 699 2425 alter
712 2406 744 2424 ex
758 2398 872 2432 antiquo
884 2398 979 2434 codice
996 2399 1162 2434 Augustam:
1177 2398 1348 2425 bibliothecae
1361 2397 1569 2426 describendam
1585 2399 1710 2431 curavit;
1730 2398 1800 2424 alter
1813 2403 1875 2424 vero

246 2457 300 2477 nm
331 2449 418 2476 solutn
438 2447 635 2483 pricialioncm,
661 2447 770 2474 brevetn
791 2446 920 2481 quidem,
949 2447 996 2474 sed
1027 2447 1175 2474 admodum
1202 2447 1364 2481 elegantem,
1388 2451 1415 2473 et
1434 2451 1510 2473 tanto
1533 2445 1592 2471 viro
1603 2445 1713 2479 dignam
1729 2443 1873 2478 ascripsit.

241 2482 294 2525 ‘sed
313 2496 427 2523 ulterius
446 2495 497 2522 hoc
516 2493 658 2521 Athanasii
674 2501 744 2528 opus
758 2493 829 2519 inter
842 2497 943 2520 caatera
961 2493 1130 2521 sanctissimi
1150 2493 1272 2520 doctoris
1297 2493 1435 2528 pratc'tpue
1450 2491 1597 2519 excellens.
1610 2494 1637 2516 et
1654 2489 1788 2516 eximium
1815 2494 1874 2516 esse

246 2546 364 2577 censuit,
390 2549 417 2572 ct
436 2550 464 2571 ut
482 2543 575 2571 verbis
592 2541 763 2569 Tilietnoutii
783 2547 844 2568 utar
866 2542 933 2577 (I3),
954 2551 1053 2569 comma
1077 2542 1101 2569 te
1119 2542 1309 2576 cltef-d'wuure
1333 2541 1365 2568 de
1382 2540 1411 2568 S.
1434 2540 1580 2566 Athanase.
1600 2536 1707 2564 Etenim
1724 2543 1769 2563 an.
1802 2533 1868 2562 {6‘27

246 2600 310 2620 cum
327 2591 479 2626 accepisset
496 2598 595 2617 novam
614 2598 728 2625 operuttt
748 2589 777 2617 S.
796 2590 941 2617 Athanasii
953 2591 1100 2618 editionem
1115 2590 1230 2617 Parisiis
1255 2589 1396 2620 adornari,
1426 2593 1530 2624 septem
1546 2586 1674 2614 homilias
1689 2585 1718 2612 S.
1733 2582 1871 2612 Athanasii

247 2639 358 2667 nomine
375 2639 533 2672 inscriptas,
553 2645 614 2671 qua:
635 2636 725 2664 adhuc
739 2637 830 2664 lucem
845 2644 901 2664 non
917 2636 1053 2667 viderant,
1076 2635 1109 2663 ad
1146 2635 1348 2671 typographum
1370 2633 1557 2661 Parisiensem
1578 2633 1664 2660 misit.
1687 2631 1735 2667 qui
1752 2638 1784 2657 ea
1801 2631 1833 2657 de
1848 2635 1872 2655 re

247 2686 377 2714 lectorem
393 2685 502 2713 monuit
531 2685 574 2712 his
589 2684 680 2711 verbis
694 2693 701 2711 :
718 2693 727 2710 ι
742 2683 887 2711 Postremo
902 2683 944 2710 vir
959 2683 1084 2711 eruditus
1101 2681 1191 2710 Lucas
1214 2681 1383 2714 iioistenius,
1407 2680 1636 2715 liamburgensis,
1662 2683 1809 2713 postquam
1829 2681 1872 2703 nos

284 2763 340 2798 (l2)
361 2762 477 2790 Exhibet
499 2761 542 2789 ilic
574 2762 697 2798 quidem
718 2761 770 2789 hoc
791 2762 858 2798 iocor
881 2761 999 2798 initium
1014 2761 1216 2798 commentarii
1232 2760 1339 2798 rlilyrica
1366 2765 1393 2798 et
1414 2759 1510 2798 Latina
1526 2759 1619 2794 lingua
1633 2765 1709 2798 :mnos
1727 2754 1871 2798 verolnttl:

248 2792 310 2826 nain
329 2792 433 2825 tantum
465 2792 616 2824 versionem
633 2803 660 2824 et
693 2797 943 2832 interpretationem
959 2796 1130 2823 exhibemus.
1150 2795 1180 2822 Si
1192 2797 1254 2830 quis
1267 2792 1312 2825 est
1323 2797 1449 2824 curiosus
1468 2792 1579 2828 lector;
1594 2798 1621 2822 et
1636 2793 1750 2821 Slavicze
1781 2792 1870 2826 lingu:

249 2839 365 2868 peritus,
384 2833 449 2860 illud
465 2833 555 2859 videat
569 2833 596 2860 itt
611 2832 734 2868 Romana
750 2833 828 2863 cdit.,
848 2840 873 2867 p.
889 2839 944 2868 ius.

285 2869 341 2903 (15)
359 2868 436 2895 Mem.
457 2869 519 2895 ccci.
548 2873 611 2895 tom.
630 2867 696 2900 Vill,
719 2877 745 2902 p.
766 2868 824 2900 150,
849 2865 906 2894 itot.
924 2866 974 2895 “0
997 2875 1044 2894 tur
1065 2865 1094 2893 S.
1109 2865 1252 2892 Alltanase.
