1919 3051
59 120 116 148 609
410 121 454 148 DE
474 122 614 152 TlTULlS
629 123 853 153 PSALMORUM.
871 141 906 149 —
922 124 1118 154 ANTONELLI
1137 125 1335 158 PREFATIO.
1638 135 1693 163 619

60 178 266 211 admonuisset,
293 179 394 208 habere
411 187 440 207 se
456 187 472 207 e
489 179 571 215 Regia
601 186 626 209 et
655 181 802 210 onniensi
829 184 1005 217 bibliotheca,
1018 188 1045 212 et
1061 193 1075 212 e
1093 187 1282 221 manuscripto
1295 187 1378 214 etiam
1406 189 1501 217 codice
1518 189 1550 218 it.
1579 191 1609 219 P.
1628 192 1690 220 Sir-

59 225 160 253 mondi
178 233 193 252 e
214 224 352 252 Societate
379 224 443 253 Jesu
469 225 598 254 bomilias
623 235 739 255 numero
755 234 857 264 septem
871 231 990 257 nondum
1014 231 1112 263 editas,
1140 239 1209 267 quas
1224 231 1319 259 Latine
1343 235 1531 268 convertisset,
1550 241 1662 272 rogatus
1678 244 1694 265 a

60 273 148 300 nobis
166 273 269 300 lubenti
289 273 383 301 animo
397 274 544 306 concessit,
567 279 597 301 ut
617 283 674 309 eas,
703 277 767 311 quia
784 279 872 306 serius
889 279 941 305 hoc
955 279 1140 312 rescivimus,
1158 280 1240 307 veluti
1259 288 1308 315 per
1341 283 1519 316 appendicem
1547 285 1694 319 posteriori

56 325 142 349 torno
157 321 365 356 subjiceremns.
387 331 396 347 ι
415 320 463 350 llis
483 327 572 351 autem
608 329 710 359 septem
743 326 874 359 homiliis,
895 335 964 361 quas
994 327 1035 354 vir
1061 327 1214 355 eruditione
1245 337 1321 363 asque
1337 337 1368 356 ac
1397 330 1499 364 pietate
1526 331 1646 358 eximius
1665 331 1692 358 in

61 366 195 394 Latinum
212 372 340 401 verterat,
352 368 496 403 epistolam
522 368 555 395 ad
579 369 710 397 lectorem
736 370 876 405 praemisit,
905 379 965 397 eam
991 379 1106 399 exorsus
1121 372 1147 398 in
1172 372 1245 400 hunc
1277 373 1388 401 modum
1411 374 1466 409 (M)
1485 384 1491 402 :
1513 384 1523 399 ‹
1541 374 1608 402 Cum
1636 375 1694 404 divi

60 414 211 442 Athanasii
224 414 312 450 Opera
326 415 419 443 recudi
429 422 443 441 a
458 416 633 450 typographis
644 417 780 450 audirem,
797 426 853 445 rem
869 425 912 445 me
925 417 1060 445 facturum
1069 419 1235 451 existimavi,
1253 423 1280 446 et
1298 420 1405 454 publice
1418 420 1522 454 utilem,
1536 429 1586 448 ncc
1602 421 1693 452 bonis.

61 459 209 494 doctisque
223 461 368 496 ingratam,
382 462 404 489 si
416 468 514 490 uetera
532 465 700 492 sanctissimi
723 465 812 494 Patris
838 467 969 494 ἀνέκδοτα
982 468 1190 502 [conquirerem,
1208 472 1234 495 et
1248 468 1275 495 in
1295 468 1381 496 lucem
1399 469 1451 496 hac
1475 470 1619 497 occasione
1634 478 1696 505 pro-

62 508 208 535 ducerem.
225 510 328 545 Collegi
355 518 421 546 ergo
449 519 530 546 opera
557 513 735 540 tumultuaria
763 522 794 541 ex
822 513 1050 541 Christianissimi
1082 515 1153 549 regis
1168 515 1342 548 bibliotheca,
1369 520 1450 550 atque
1465 523 1497 543 ex
1515 517 1583 543 elar.
1611 524 1695 543 mem.

62 553 99 580 Β.
127 553 160 581 P.
179 554 329 588 Sirmondi,
347 557 469 592 meisque
487 560 596 586 schedis
613 561 740 588 bomilias
766 567 868 596 septem
881 562 1024 589 Athanasii
1039 563 1149 590 nomine
1162 568 1347 598 praenotatas:
1364 572 1452 599 neque
1466 565 1538 592 enim
1551 565 1694 592 Athanasii

62 611 164 630 omnes
188 611 249 630 esse
277 605 379 639 credat,
396 606 439 632 cui
465 607 505 634 vel
530 609 672 636 tninintum
701 611 727 637 in
748 610 821 638 hisce
845 612 942 638 studiis
965 612 1072 646 judicii,
1098 612 1204 647 quique
1232 613 1274 639 vel
1291 612 1378 639 obiter
1396 615 1501 638 tantutn
1520 616 1617 638 caetera
1635 610 1696 645 ejus

63 649 169 684 scripta
185 649 349 684 inspexeril:
364 661 373 676 ι
395 651 422 679 in
441 654 494 682 line
517 660 607 683 autem
623 657 746 692 ejusdem
760 659 884 693 cpistola:
899 659 933 686 de
957 659 1045 686 sancti
1070 659 1214 687 Athanasii
1231 660 1433 686 commentario
1452 665 1547 687 nostro
1562 660 1589 685 in
1612 658 1694 685 Psal-

63 703 133 728 nws,
158 703 251 729 quem,
277 702 306 724 ut
321 703 397 731 puto,
430 699 544 731 viderat.
563 700 610 727 sed
629 708 682 727 non
700 701 789 728 adhuc
804 702 837 729 ab
867 702 971 730 Andrea
1000 700 1117 730 Schotto
1141 708 1238 730 nactus
1263 703 1361 736 fuerat,
1387 705 1423 731 ita
1451 704 1589 738 loquitur:
1612 703 1695 730 «Ca:-

64 746 135 775 tcra,
157 751 218 778 qute
231 745 319 772 adhuc
334 748 416 773 latent
448 748 474 774 in
502 747 585 775 ltalire
606 753 633 775 et
648 748 786 783 Hispaniae
817 749 992 778 bibliothecis
1009 751 1055 778 alii
1073 751 1187 782 dabunt,
1213 752 1364 786 praesertim
1389 749 1617 777 commentarium
1629 757 1693 784 per-

63 794 181 824 petuum
195 791 220 817 in
242 791 377 827 Paulinus,
393 794 467 829 quod
479 802 530 829 ego
560 794 724 829 palmarium
740 794 885 822 Athanasii
911 803 981 830 opus
994 796 1135 824 existimo.
1151 806 1160 822 ι
1190 797 1252 824 Haec
1276 796 1445 824 Ilolstenius.

102 837 138 864 Χ.
168 838 245 871 Quod
263 845 352 868 autem
371 850 486 876 magnus
502 842 669 870 Athanasius
682 843 822 878 scripserit
846 844 927 870 etiam
944 852 1023 879 super
1038 844 1173 878 Psalmos,
1199 853 1279 872 nemo
1304 850 1344 873 ρει
1379 844 1425 879 qui
1454 843 1579 870 dubitare
1596 842 1694 878 possit.

66 885 156 920 Hujus
169 887 240 914 enim
270 889 308 916 rei
341 889 461 924 locuples
476 891 552 918 testis
577 896 619 918 est
646 891 742 919 beatus
768 891 952 928 Hieronymus
980 893 1007 919 in
1020 893 1089 920 libro
1106 893 1144 920 De
1161 893 1333 928 scriptoribus
1356 892 1539 920 ecclesiasticis
1551 890 1623 926 (cap.
1637 889 1696 924 87),

65 932 126 965 ubi,
148 935 316 962 enumeratis
334 936 500 963 sanctissimi
515 937 636 972 episcopi
662 937 805 964 Athanasii
836 937 977 972 operibus,
994 938 1066 965 inter
1086 939 1138 965 alia
1164 943 1287 966 recenset
1315 939 1415 965 librum
1440 938 1478 963 De
1509 936 1594 963 titulis
1617 935 1696 962 Psal-

64 983 264 1017 morum.Quae
281 985 429 1012 beatissimi
451 985 570 1012 doctoris
596 985 678 1012 verba
706 984 731 1011 in
755 984 878 1012 Graecam
900 985 1021 1021 linguam
1049 986 1087 1013 ita
1107 986 1189 1013 vertit
1218 985 1390 1020 Sophronius
1411 995 1417 1011 :
1449 984 1516 1020 Περὶ
1541 983 1696 1019 ἐπιγραφῆς

64 1029 212 1065 Ψαλμῶν,
255 1031 293 1058 De
330 1032 499 1066 inscriptione
535 1031 706 1058 Psalmorum
743 1031 905 1066 llujttsmodi
932 1038 1021 1059 autent
1056 1033 1288 1066 nuncupationem
1322 1040 1376 1059 non
1409 1033 1476 1059 bene
1502 1032 1590 1066 aptari
1621 1038 1696 1058 com-

66 1077 203 1104 mentario
218 1078 246 1104 in
260 1077 393 1111 l’sulmus,
404 1086 484 1113 quem
496 1077 638 1105 ediderunt
651 1077 742 1105 Patres
763 1077 942 1110 Bcnedictini,
972 1078 1017 1105 ubi
1042 1079 1076 1106 de
1099 1079 1185 1105 titulis
1202 1078 1371 1105 Psalmorum
1400 1086 1433 1105 ne
1450 1078 1562 1105 verbum
1575 1076 1697 1112 quidem,

66 1125 121 1160 ipsi
153 1127 270 1160 ingenue
286 1125 351 1153 fassi
368 1130 441 1153 sunt.
459 1125 494 1152 At
509 1133 574 1153 vero
599 1125 625 1152 in
654 1126 864 1160 expositionem,
889 1134 971 1161 quain
1000 1134 1050 1154 nos
1079 1126 1171 1161 magni
1190 1126 1332 1153 Athanasii
1360 1127 1471 1154 nomine
1489 1126 1649 1160 inscriptam
1668 1126 1695 1153 in

66 1171 156 1199 lucem
174 1173 283 1206 damus,
299 1174 400 1208 optime
417 1174 576 1205 convenire,
593 1174 729 1202 neminem
747 1182 809 1202 esse
820 1178 886 1209 puto
898 1175 945 1209 qui
963 1175 1070 1202 inficias
1085 1174 1175 1201 iverit.
1190 1173 1330 1208 Siquidem
1351 1174 1429 1201 initio
1442 1174 1577 1208 cujusque
1596 1174 1696 1209 psalmi

65 1219 130 1254 ejus
142 1219 240 1247 titulus
254 1227 301 1246 seu
317 1220 459 1255 inseriptio
472 1226 600 1249 accurate
612 1228 644 1248 ac
659 1221 804 1256 diligenter
822 1221 975 1256 explicatur
995 1230 1001 1248 :
1028 1221 1126 1248 deinde
1154 1220 1358 1253 convenienter,
1383 1225 1637 1255 consequenlcrque
1661 1219 1696 1247 ad

65 1264 141 1293 tituli
158 1265 364 1300 inscriptionem
380 1267 495 1301 ejusque
507 1267 761 1301 interpretationem
776 1267 899 1301 psalmus
914 1271 988 1294 totus
1004 1267 1164 1301 exponitur.

102 1310 151 1337 XI.
169 1311 364 1337 Commentarii
386 1310 415 1338 S.
444 1311 587 1339 Athanasii
606 1312 634 1338 in
651 1312 771 1338 Psalmos
787 1312 913 1339 meminit
927 1312 1009 1339 etiam
1023 1311 1131 1339 Nicmua
1147 1313 1279 1347 synodus,
1301 1317 1327 1339 et
1344 1321 1424 1347 quem
1452 1312 1632 1348 Hieronymus
1660 1312 1696 1339 De

67 1357 155 1384 titulis
196 1356 364 1383 Psalmorum
398 1361 425 1383 et
460 1355 633 1390 Sophronius
663 1354 706 1382 De
731 1355 901 1390 inscriptione
941 1355 1111 1382 Psalmarum
1151 1356 1273 1391 synodus
1304 1363 1383 1384 vocat
1422 1356 1532 1383 Librum
1568 1358 1696 1391 interpre-

68 1402 181 1440 tationis
199 1401 382 1434 Paulinorum,
399 1401 480 1436 eique
494 1408 546 1428 nos
569 1400 650 1427 docet
667 1401 816 1435 ‘praalixam
832 1400 916 1428 fuisse
940 1401 1062 1435 ejusdem
1092 1401 1234 1429 Athanasii
1260 1401 1408 1435 Epistolum
1438 1404 1472 1430 ad
1499 1403 1695 1433 Marcellinum.

67 1449 147 1478 Unde
161 1450 241 1477 etiam
266 1454 437 1484 compertum
466 1448 506 1481 lit,
528 1448 628 1476 librum
643 1448 681 1475 De
698 1448 783 1474 titulis
796 1448 967 1475 Psalmorum
993 1457 1046 1476 non
1068 1450 1193 1476 eumdem
1214 1449 1299 1477 fuisse
1317 1458 1348 1477 ac
1375 1450 1473 1476 librum
1486 1458 1533 1477 seu
1550 1450 1695 1485 Epistolam

66 1496 103 1523 ad
115 1495 314 1528 Marcellinum,
329 1501 359 1522 ut
371 1495 472 1530 aliquis
488 1494 645 1529 suspicatus
664 1499 714 1522 est.
731 1495 817 1521 Verba
832 1500 922 1521 autem
941 1503 1002 1530 quae
1023 1494 1050 1522 in
1078 1495 1184 1522 actione
1204 1495 1301 1530 synodi
1314 1500 1390 1523 sexta
1406 1496 1546 1523 memoria;
1563 1496 1694 1524 traditum

66 1548 111 1572 est
128 1544 198 1571 lecta
212 1543 299 1572 fuisse
323 1543 357 1570 ab
373 1542 525 1578 Epiphanio
553 1542 679 1574 diacono,
706 1547 770 1570 sunt
794 1542 973 1577 hujusmodi:
995 1552 1004 1569 ι
1024 1543 1075 1575 Qui
1098 1551 1163 1569 vero
1188 1543 1223 1569 ab
1251 1542 1456 1570 immortalitate
1481 1551 1580 1570 nomen
1611 1544 1695 1571 habet

66 1592 250 1626 Athanasius,
267 1592 420 1619 clarissime
436 1591 557 1619 nobisin
579 1591 700 1624 Epistola
724 1591 758 1618 ad
776 1591 961 1618 Marcellinum
990 1591 1057 1626 (l5),
1073 1599 1154 1626 quam
1181 1591 1332 1626 praeposuit
1361 1592 1431 1618 libro
1461 1591 1694 1626 interpretationis

66 1639 253 1671 Psalmorum,
266 1638 377 1665 disserit
391 1638 432 1665 sic
444 1637 553 1665 dicens:
572 1644 580 1662 ι
596 1637 706 1663 Librum
719 1636 892 1665 Psalmorum
910 1638 1010 1673 aliquis
1029 1645 1184 1670 assumens,
1211 1637 1370 1672 prophetias
1389 1638 1422 1664 de
1448 1637 1590 1664 Salvatore
1609 1637 1694 1665 conti-

67 1693 134 1717 nuo,
152 1689 183 1711 ut
205 1684 233 1711 in
256 1684 317 1711 aliis
341 1683 491 1718 Scripturis
510 1683 672 1714 admiratus.
691 1687 726 1711 .ct
755 1686 876 1711 adorans
893 1687 1013 1714 enarrat,
1030 1692 1039 1709 ι
1059 1687 1113 1710 etc.
1130 1682 1206 1709 Hauc
1228 1687 1318 1709 autem
1334 1682 1492 1716 epistolam,
1506 1682 1539 1708 de
1556 1689 1609 1716 qua
1623 1689 1693 1709 men-

67 1733 105 1758 tio
119 1730 192 1758 facta
209 1735 251 1757 est
269 1730 295 1756 in
311 1729 419 1756 Nicaana
434 1730 539 1764 synodo
562 1728 604 1761 (ut
632 1729 777 1756 occasione
798 1729 864 1756 mihi
889 1729 952 1756 data
976 1729 1104 1763 lectorem
1135 1729 1307 1760 admoneam,
1328 1727 1449 1762 factique
1475 1727 1526 1754 mei
1556 1727 1691 1755 rationem

67 1776 191 1811 reddam)
207 1775 383 1810 explicationi
402 1774 678 1809 Psalmorum,quam
694 1775 721 1801 in
735 1775 877 1810 publicum
905 1776 1012 1809 emitto,
1037 1775 1195 1811 adjungam,
1212 1779 1242 1802 ut
1258 1775 1394 1810 integrum
1422 1774 1589 1801 sanctissimi
1605 1773 1694 1802 Patris

65 1830 147 1858 opus,
178 1821 408 1856 quemadmodum
435 1821 470 1848 ab
487 1821 547 1855 ipso
575 1820 677 1847 editum
693 1828 754 1848 esse
781 1821 908 1854 traditur,
932 1821 1088 1849 exhibeam.
1443 1824 1447 1828 ”

100 1869 160 1896 Xll.
181 1869 371 1904 Eritifortasse
385 1868 522 1903 quispiam
542 1876 637 1895 eorum
652 1868 753 1907 quibus
767 1869 866 1904 volupe
878 1874 930 1902 est,
945 1874 975 1897 ut
990 1870 1027 1897 ita
1047 1869 1148 1902 dicam,
1170 1868 1278 1905 magnis
1297 1869 1447 1896 clarescere
1479 1868 1641 1902 inimicitiis,
1665 1874 1692 1896 et.

64 1923 202 1948 emunctae
215 1919 291 1945 naris
307 1918 430 1945 censoris
449 1924 549 1944 nomen
570 1916 697 1950 adipisci,
711 1917 758 1951 qui
780 1921 919 1944 contracta
939 1917 1038 1950 fronte,
1062 1921 1088 1944 et
1112 1917 1206 1952 grandi
1230 1916 1376 1951 supercilio
1390 1915 1553 1951 opusculum
1566 1921 1692 1944 nostrum

65 1975 83 1995 ι
108 1966 286 1993 sanctissimo
295 1963 504 1998 archiepiscopo
519 1962 733 1997 abjudieandum
747 1971 809 1991 esse
831 1965 967 1996 decernet,
982 1965 1023 1991 vel
1042 1964 1106 1998 quia
1129 1967 1226 1990 auctor
1249 1961 1482 1996 interpretationis
1509 1960 1693 1994 Psalmorum,

66 2022 150 2049 quam
165 2014 275 2044 damus,
293 2012 444 2048 pueriliter,
459 2016 488 2038 ut
501 2010 571 2038 forte
582 2011 633 2039 sibi
648 2011 792 2044 videbitur,
807 2013 833 2039 in
847 2013 1017 2047 explicandis
1036 2011 1209 2039 Psalmorum
1227 2010 1312 2037 titulis
1340 2008 1536 2036 Hebraicorum
1552 2009 1693 2035 nominum

64 2059 319 2095 interpretationem
344 2061 475 2089 sectatur,
492 2057 534 2083 vel
554 2056 617 2091 quia
638 2057 761 2091 psalmos
787 2059 922 2086 omnesin
946 2058 1121 2093 allegoricum
1150 2065 1261 2086 scnsutn
1288 2056 1411 2090 exponit.
1437 2054 1493 2089 Ego
1512 2059 1604 2082 autem
1622 2063 1637 2082 e
1652 2056 1693 2083 di-

66 2115 146 2135 verso
175 2110 279 2134 tantum
292 2105 388 2132 abesse
410 2103 550 2135 existimo,
574 2107 604 2130 ut
629 2103 705 2132 hisee
736 2105 769 2132 de
788 2106 880 2133 causis
905 2105 1048 2132 Athanasii
1075 2113 1173 2132 nomen
1201 2113 1216 2133 e
1244 2104 1332 2131 frmite
1360 2101 1550 2129 commentarii
1575 2110 1692 2140 expungi

66 2156 181 2186 debeat,
205 2153 270 2188 quiti
293 2153 384 2187 potius
403 2150 465 2178 inde
490 2155 592 2184 putem,
615 2151 669 2178 duo
681 2153 842 2186 gravissima
864 2158 1023 2188 argumenta
1044 2158 1198 2188 suppetere,
1215 2152 1316 2187 quibus
1329 2151 1398 2178 liber
1419 2157 1518 2185 magno
1531 2148 1692 2184 Athanasio,

66 2201 147 2236 cujus
172 2207 272 2227 nomen
300 2197 418 2232 praefert,
456 2196 620 2224 vindicetur.

104 2248 176 2275 λιιι.
202 2246 280 2280 Quod
296 2245 446 2279 utplanum
465 2243 573 2276 faciam,
603 2251 672 2279 opus
689 2247 731 2270 est
757 2242 852 2276 pauois
872 2242 1018 2276 disserere,
1036 2243 1099 2278 quis
1122 2243 1226 2278 primus
1248 2247 1344 2270 auctor
1368 2243 1461 2277 tuerit,
1484 2243 1531 2279 qui
1559 2243 1692 2272 Hebraica

66 2293 179 2321 nomina
193 2292 270 2326 juxta
287 2298 383 2317 eorum
408 2289 589 2325 etymologias
615 2289 711 2316 ordine
735 2288 908 2322 alphabetieo
930 2288 956 2315 in
976 2289 1101 2316 Grzecum
1126 2289 1249 2323 exposita
1270 2289 1380 2324 publico
1404 2290 1475 2322 usui,
1495 2294 1521 2316 et
1545 2297 1689 2318 sacrarum

66 2339 218 2367 litterarum
232 2337 417 2364 studiosorum
435 2335 621 2363 commoditati
634 2335 666 2362 ad
679 2341 819 2361 sacrarum
838 2333 1042 2369 Scripturarum
1059 2335 1267 2370 intelligentiam
1280 2335 1388 2362 facilius
1401 2334 1603 2370 assequendam
1619 2343 1689 2370 pro-

66 2386 177 2414 diderit.
191 2384 269 2417 Quod
289 2391 355 2411 sane
364 2383 472 2410 dilIicile
485 2383 555 2410 haud
570 2389 628 2415 est;
646 2381 812 2417 posteritatis
842 2382 915 2408 enim
933 2382 1073 2409 memorim
1096 2382 1121 2409 id
1140 2382 1282 2408 mandavit
1310 2380 1495 2416 Hieronymus
1521 2380 1598 2416 (16):
1617 2390 1626 2406 σ
1639 2381 1691 2415 Qui

66 2433 157 2464 Philo,
186 2431 284 2465 inquit,
309 2430 351 2457 vir
371 2430 570 2457 disertissimus
582 2429 751 2461 Iudaeorum,
777 2428 903 2463 Origenis
921 2437 1032 2464 quoque
1054 2429 1212 2456 testimonio
1235 2429 1429 2464 comprobatur
1453 2428 1571 2456 edidisse
1591 2428 1690 2456 librum

69 2481 262 2509 Hebraicorum
279 2478 424 2510 nominum,
442 2485 594 2512 eorumque
607 2477 787 2512 ctymologias
819 2476 898 2510 juxta
925 2477 1050 2504 ordinem
1069 2477 1223 2504 litterarum
1239 2484 1254 2503 e
1279 2476 1364 2503 latere
1380 2476 1535 2510 eopulasse.
1552 2475 1604 2508 Qui
1626 2484 1689 2502 cum

67 2529 147 2565 vulgo
161 2527 320 2554 babeatura
334 2525 447 2557 Graecis,
463 2529 490 2552 et
514 2525 695 2552 bibliothecas
710 2525 786 2551 orbis
805 2524 969 2558 impleverit,
996 2525 1080 2552 studii
1107 2524 1196 2552 nostri
1221 2523 1273 2551 fuit
1301 2524 1327 2550 in
1343 2523 1468 2550 Latinam
1488 2523 1610 2556 linguam
1627 2531 1689 2550 cum

67 2583 182 2606 vertere.
196 2586 206 2603 ι
222 2575 255 2602 Et
269 2579 415 2609 antequam
431 2573 615 2608 Hieronymus
632 2573 670 2599 ita
684 2572 827 2605 scriberet,
844 2571 980 2599 Eusebius
995 2572 1174 2600 Ctesariensis
1187 2571 1222 2599 de
1239 2571 1335 2598 eodem
1351 2570 1467 2597 Philone
1486 2570 1513 2597 in
1536 2577 1585 2597 sua
1610 2570 1689 2596 eccle-

67 2625 176 2653 siastica
192 2621 314 2650 Historia
328 2621 383 2656 (Π)
404 2619 502 2647 litteris
517 2618 664 2646 tradiderat
678 2627 684 2645 :
704 2627 713 2644 ι
727 2617 780 2646 Sed
798 2623 826 2646 et
841 2617 1038 2645 Hebraieorum
1053 2618 1210 2649 nominum,
1235 2625 1297 2653 quae
1312 2617 1340 2644 in
1363 2617 1422 2652 lege
1442 2621 1470 2643 et
1501 2616 1528 2642 in
1549 2613 1688 2650 prophetis

67 2675 227 2704 occurrunt,
246 2669 486 2704 interpretationes
504 2668 538 2695 ab
553 2667 614 2703 ipso
630 2667 788 2702 composita:
799 2674 860 2694 esse
876 2667 1015 2694 dicuntur.
1032 2676 1041 2692 ›
1058 2666 1138 2694 Philo
1151 2671 1254 2698 autem,
1267 2670 1346 2702 gente
1359 2673 1392 2693 ac
1420 2664 1551 2699 religione
1565 2661 1688 2698 Judaul,

101 2732 157 2765 (lt)
168 2730 237 2758 Vide
253 2735 319 2757 tom.
339 2728 371 2755 IV
387 2728 505 2765 Operurn
520 2726 549 2754 S.
563 2726 706 2765 Athanasii
722 2731 823 2754 nostra:
837 2726 1015 2761 recensionis,
1033 2726 1085 2754 col.
1100 2725 1162 2754 9M.
1183 2725 1262 2753 Ευιτ.
1278 2723 1361 2752 Ριιτιι.

101 2762 157 2802 (15)
177 2765 399 2802 Synod.Nic._u,
412 2762 470 2802 act._
483 2763 509 2794 6,
527 2770 553 2796 p.
572 2762 651 2802 i518.

101 2796 156 2833 (lﬁl
172 2796 282 2828 Pi-aelat.
294 2802 320 2827 in
332 2800 401 2826 libro
411 2798 450 2826 De
462 2798 596 2825 intererat.
614 2805 686 2824 nom.
701 2796 781 2824 Hebr.

101 2803 144 2833 (16
172 2802 282 2828 Praelat.
294 2802 320 2827 in
332 2802 401 2826 libro

100 2802 156 2873 (ιῆ
171 2836 232 2864 Lib.
247 2844 277 2868 ιι,
289 2843 348 2870 cap.
364 2833 406 2861 18.
