1919 3051
226 124 273 151 611
649 124 677 151 S.
698 123 884 151 ATHANASH
903 123 978 151 OPP.
1000 122 1090 150 PARS
1107 121 1152 150 Ill.
1175 138 1210 144 —-
1229 122 1430 150 EXEGETICA.
1803 120 1858 147 612

226 184 314 217 patria
329 182 440 217 quidem
456 181 508 209 fuit
524 182 736 210 Alexandrinus.
748 182 841 216 Quare
852 183 873 209 si
890 182 950 218 ejus
969 182 1039 209 liber
1056 181 1094 208 De
1107 182 1257 208 nominibus
1275 181 1413 208 Hebraicis
1426 181 1494 208 adeo
1512 179 1627 208 celebris
1642 184 1669 207 et
1680 179 1813 214 frequens
1826 179 1859 206 in

226 229 410 257 litteratorum
425 230 553 257 manibus
565 235 634 261 erat,
648 234 678 257 ut
693 237 709 257 a
725 230 829 258 Graecis
843 230 924 265 vulgo
940 230 1096 263 haberetur,
1127 234 1154 257 et
1169 229 1243 257 nulla
1271 235 1355 262 esset,
1375 233 1443 256 teste
1458 229 1635 263 Hieronymo,
1660 228 1738 255 orbis
1759 227 1862 254 biblio-

226 277 303 304 theca
321 286 382 312 qua:
398 279 488 313 ipsum
511 285 566 305 non
588 283 723 311 servaret,
752 277 815 305 inde
842 278 1030 312 conjecturam
1051 276 1143 305 facere
1172 277 1236 304 licet
1264 282 1368 312 quanto
1392 277 1419 304 in
1435 277 1523 311 pretio
1553 280 1710 310 quantoque
1743 274 1772 300 in
1807 280 1862 301 usu

226 326 297 358 apud
311 332 377 352 suos
391 329 536 360 populares
546 325 759 358 Alexandrinos,
775 325 948 354 Christianos
961 327 1112 361 praesertim
1129 325 1171 353 vel
1189 325 1329 357 Hebrteos,
1344 331 1428 353 esset.
1444 324 1478 352 Et
1492 324 1602 360 quidem
1630 323 1680 350 hac
1706 322 1742 350 de
1757 330 1788 349 re
1806 329 1862 348 non

227 370 285 397 leve
299 376 492 405 argumentum
505 372 549 398 vel
562 371 626 398 inde
637 372 707 398 sumi
720 376 824 407 potest,
841 372 915 407 quod
933 371 1093 406 hujusmodi
1107 371 1176 398 liber
1191 379 1280 406 neque
1305 371 1379 406 ipsos
1396 371 1510 406 gentiles
1525 369 1726 397 Alexandrinos
1741 369 1863 403 scripto-

227 424 272 443 ως
288 417 377 448 latuit,
393 426 455 445 cum
470 426 503 445 ex
517 426 551 446 co
566 419 647 453 plura
662 419 688 445 in
699 427 780 446 suum
795 427 878 446 usum
889 419 1087 454 decerpserint.
1100 418 1168 446 Nam
1184 426 1246 453 quae
1264 417 1417 454 Hesychius
1432 418 1630 453 grammaticus
1653 416 1864 443 Alexandrinus

226 465 261 493 de
278 465 419 493 Hebraicis
438 467 597 497 nominibus
612 467 640 494 in
654 466 786 494 Lexicum
801 475 882 495 suum
899 467 1017 501 induxit,
1040 474 1073 494 ex
1097 474 1130 495 eo
1156 471 1252 494 mutuo
1274 466 1415 501 accepisse
1443 465 1594 492 verisimile
1625 469 1675 492 est.
1703 463 1732 491 Id
1766 468 1862 491 autem

224 514 281 548 jam
298 519 375 541 antea
392 516 620 543 animadvertisse
637 516 759 552 comperi
788 515 922 544 Joannem
950 516 1149 549 Martianteum,
1172 513 1219 550 qui
1243 515 1378 551 probabili
1405 514 1564 549 conjectura
1577 513 1634 540 haec
1649 513 1761 540 adnotat
1775 512 1835 547 (l8)
1855 521 1862 538 :

229 570 238 587 ι
259 561 359 594 Quarta
371 563 475 597 species
505 564 651 591 verborum
665 569 692 591 et
713 565 969 599 interpretationum
991 564 1115 591 Philonis
1131 567 1264 598 superest,
1293 563 1320 589 ni
1338 562 1427 595 fallor,
1454 562 1483 588 in
1493 561 1589 589 Graeco
1602 560 1703 588 Lexico
1717 559 1863 595 Hesychii,

226 609 396 642 grammatici
412 610 601 642 Alexandrini.
619 611 666 646 qui
685 619 739 638 non
756 612 790 639 ab
815 612 870 639 alio
887 619 968 646 quam
985 619 1001 639 c
1015 611 1086 639 libro
1100 611 1196 639 Graeco
1211 610 1369 638 Iudaeorum
1386 609 1562 637 disertissimi
1580 607 1747 640 Hcllenistaa,
1776 607 1806 634 id
1819 610 1866 634 est

225 661 258 681 ex
275 655 345 682 libro
360 657 502 684 nominum
523 657 720 686 Hchraicorum
737 660 856 686 mutuari
882 660 971 694 potuit
987 660 1099 687 nomina
1111 660 1180 687 bene
1203 659 1299 691 multa.
1321 666 1383 694 qua:
1406 659 1464 693 ipse
1490 658 1685 692 interpretatur
1698 656 1777 690 juxta
1797 662 1865 689 pro-

225 701 368 734 prietatcm
382 703 482 738 linguae
500 704 651 734 Hebraicae.
668 706 735 734 Nam
755 708 827 735 unde
839 707 916 735 ﬂuxit
929 708 1001 742 apud
1018 707 1185 744 Hesychium
1203 712 1278 736 tanta
1303 707 1382 742 copia
1397 706 1678 740 nominum,qnorum
1697 704 1769 730 ratio
1783 703 1865 738 igno-

226 752 287 774 rata
304 753 364 776 erat
375 750 409 777 ab
421 752 552 780 onmihus
571 753 673 781 Grzecis
686 755 868 789 scriptoribus
887 755 1022 790 profanis,
1033 755 1086 782 nisi
1102 755 1136 782 ab
1149 754 1195 782 illo
1214 754 1304 789 primo
1318 753 1462 781 conditore
1480 751 1629 779 voluminis
1657 749 1865 777 Hebraicarum

225 801 335 828 vocum,
358 797 416 824 sive
429 797 522 825 Lexici
541 800 624 833 sacri,
641 801 720 836 cujus
735 809 848 828 usuram
860 801 987 828 habuisse
1000 800 1194 828 Alexandrinis
1208 799 1289 827 facile
1302 799 1398 827 licuit?
1414 808 1422 824 ι
1439 798 1467 825 Si
1479 803 1570 825 autem
1582 797 1754 824 Alexandriae
1766 795 1865 822 Philo-

226 841 269 868 nis
285 841 354 869 liber
372 851 472 879 magno
484 845 511 872 in
524 847 612 880 pretio
626 847 780 874 habebatur
792 847 863 882 apud
881 847 1008 874 homines
1026 854 1042 874 a
1058 846 1174 874 Iudaica
1186 846 1332 882 {religione
1359 850 1386 873 et
1414 844 1569 872 Christiana
1599 843 1712 870 veritate
1740 841 1863 873 alienos,

228 887 346 923 quisque
365 889 429 917 inde
447 891 634 925 conjecturam
662 900 761 928 capere
784 897 873 928 potest
886 897 990 928 quanta
1015 891 1087 928 apud
1114 891 1290 920 Christianos
1313 891 1341 918 ll
1357 890 1564 918 existimatione
1581 892 1741 924 quantoque
1763 887 1791 913 in
1810 894 1864 913 usu

228 935 256 962 in
272 936 360 963 sacris
379 936 530 971 Scripturis
539 938 708 973 explicandis
717 943 801 967 esset.

261 981 334 1010 x'V-
349 983 427 1017 Quod
441 984 464 1012 si
481 986 618 1020 quispiam
631 991 704 1014 esset
720 987 767 1022 qui
789 994 822 1014 ea
846 986 880 1014 de
901 993 932 1014 re
950 985 1097 1019 dubitaret,
1116 984 1197 1013 facile
1228 986 1319 1013 omnis
1333 992 1367 1012 ex
1394 984 1487 1012 animo
1507 982 1687 1011 dubitationis
1711 981 1864 1017 scrupulus

224 1031 303 1058 evelli
327 1035 421 1065 posset
434 1039 467 1059 ex
489 1032 522 1060 iis
535 1041 594 1067 qua!
609 1033 642 1061 de
656 1032 774 1069 Origene
786 1033 870 1061 tradit
881 1033 1083 1069 Hieronymus:
1102 1033 1234 1060 nimirum
1254 1033 1327 1068 quod
1341 1033 1368 1060 in
1395 1031 1539 1059 Hebraicis
1569 1030 1730 1058 nominibus
1750 1029 1863 1058 Veteris

225 1077 392 1105 Testamenti
409 1077 511 1106 fecerat
525 1078 614 1112 Philo,
638 1080 665 1107 id
679 1081 707 1108 in
722 1080 881 1108 nominibus
896 1079 962 1107 Novi
977 1079 1146 1108 Testamenti
1174 1080 1337 1115 praestitisse
1372 1080 1530 1115 Origenem,
1550 1086 1582 1106 ea
1606 1078 1686 1106 laude
1701 1083 1784 1112 atque
1798 1085 1863 1105 om-

226 1125 303 1151 nium
320 1125 464 1152 doctorum
481 1126 605 1154 virorum
622 1128 829 1162 approbatione,
856 1132 887 1155 ut
902 1135 965 1155 eum
981 1133 1076 1163 postea
1092 1128 1150 1162 ipse
1162 1127 1347 1162 Hieronymus
1365 1127 1489 1154 imitatus
1505 1126 1541 1154 sit
1551 1125 1682 1152 vertendo
1691 1123 1719 1151 in
1733 1124 1861 1160 linguam

225 1170 363 1205 Latinam,
378 1181 440 1208 qua:
451 1173 545 1202 Graece
559 1180 666 1202 tantum
680 1176 955 1209 circumferebantur,
970 1181 1000 1203 ut
1026 1176 1100 1211 quod
1130 1175 1216 1203 Graeci
1230 1175 1364 1207 Philonis,
1381 1180 1408 1202 et
1431 1173 1558 1210 Origenis
1572 1172 1677 1204 labore,
1708 1175 1793 1205 atque
1814 1170 1861 1197 in-

225 1217 333 1245 dustria
349 1217 499 1250 habebant,
521 1219 548 1246 id
570 1219 661 1247 Latini
680 1220 806 1248 lectionis
836 1228 977 1249 sacrarum
1016 1220 1221 1256 Scripturarum
1242 1220 1360 1248 studiosi
1384 1229 1461 1253 cura,
1478 1225 1560 1254 atque
1588 1226 1670 1254 opera
1691 1217 1865 1245 sanctissimi

227 1263 354 1291 Doctoris
373 1264 603 1298 adipiscerentur.
618 1265 708 1293 Verba
730 1265 760 1293 B.
782 1265 942 1301 Hieronymi
958 1266 1023 1293 talia
1035 1271 1099 1294 sunt
1115 1265 1189 1301 (l9):
1213 1275 1222 1292 t
1242 1266 1282 1293 Ac
1296 1273 1330 1293 ne
1344 1264 1416 1292 forte
1428 1268 1621 1293 consummato
1634 1263 1761 1294 aedilicio,
1779 1262 1863 1297 quasi

225 1313 349 1336 extrema
364 1309 473 1338 deesset
496 1319 606 1344 manus,
626 1311 694 1339 Novi
711 1312 880 1340 Testamenti
894 1313 974 1340 verba
999 1317 1026 1340 et
1040 1313 1152 1340 nomina
1170 1313 1367 1348 interpretatus
1391 1320 1470 1345 sum;
1499 1311 1602 1338 imitari
1621 1311 1719 1337 volens
1735 1317 1771 1337 ex
1784 1313 1866 1344 parte

225 1354 383 1391 Origenem,
397 1365 479 1392 quem
498 1363 558 1393 post
575 1360 728 1394 apostolos,
742 1360 929 1388 Ecclesiarum
959 1360 1131 1396 magistrum,
1155 1368 1248 1394 nemo,
1272 1360 1326 1388 nisi
1353 1360 1499 1394 imperitus
1527 1358 1647 1394 negabit.
1669 1357 1744 1385 Inter
1761 1361 1865 1384 caetera

227 1403 300 1430 enim
316 1403 418 1438 ingenii
436 1406 480 1432 sui
495 1406 627 1440 praeclara
641 1413 818 1435 monumenta
837 1408 922 1435 etiam
950 1408 977 1435 in
994 1408 1046 1435 hoc
1060 1408 1206 1440 laboravit,
1231 1413 1260 1434 ut
1284 1407 1358 1442 quod
1382 1406 1462 1434 Philo
1486 1405 1565 1441 qnasi
1583 1404 1694 1432 Iudaeus
1717 1403 1864 1435 omiserat,

230 1449 275 1477 hic
287 1454 317 1477 ut
330 1450 504 1478 Christianus
521 1452 654 1486 impleret.
672 1462 681 1478 ι
700 1452 739 1480 Ex
756 1454 799 1481 his
816 1461 881 1481 vero
901 1462 963 1489 quae
988 1453 1172 1488 Hieronymus
1184 1453 1306 1488 scripsit,
1329 1453 1384 1480 duo
1399 1452 1434 1479 ad
1455 1459 1513 1478 rem
1535 1455 1657 1478 nostram
1671 1448 1864 1484 colliguntur;

230 1495 427 1525 Hebraicorum
446 1499 591 1526 nominum
618 1499 884 1534 interpretationem,
903 1507 961 1527 rem
978 1500 1110 1535 puerilem
1121 1505 1148 1527 et
1166 1500 1268 1527 nullius
1284 1499 1424 1531 utilitatis,
1452 1503 1481 1525 ut
1498 1498 1612 1532 quidam
1633 1499 1791 1527 autumant,
1809 1493 1864 1521 mi-

227 1544 301 1571 nime
325 1545 493 1572 censendam
523 1553 596 1577 esse.
613 1553 676 1573 cum
702 1546 730 1574 in
750 1554 781 1574 ea
808 1547 861 1574 tria
885 1547 1097 1582 praeclarissima
1121 1547 1247 1575 omnium
1262 1551 1374 1574 aetatum
1402 1545 1510 1579 ingenia
1533 1543 1746 1574 elaboraverint,
1772 1540 1866 1573 Philo,

226 1588 370 1625 Origenes,
386 1589 586 1626 Hieronymus;
602 1596 629 1619 et
644 1597 766 1620 nostram
780 1592 952 1620 Psalmorum
968 1593 1156 1628 metaphrasin
1176 1600 1227 1620 seu
1243 1591 1471 1620 commentarium
1494 1591 1522 1617 in
1539 1597 1594 1624 quo
1607 1593 1738 1616 accurate
1758 1592 1786 1615 et
1802 1587 1867 1614 dili-

229 1642 324 1672 genter
341 1638 423 1666 allata
452 1637 650 1666 Hebraicorum
667 1640 809 1667 nominum
825 1640 1061 1675 interpretatione,
1084 1640 1257 1668 Psalmorum
1281 1639 1352 1667 tituli
1381 1643 1566 1673 exponuntur,
1584 1641 1726 1664 auctorem
1760 1641 1866 1670 prase-

227 1685 301 1713 l'erre
317 1686 481 1720 scriptorem
511 1685 742 1720 Alexandrinum,
760 1687 928 1723 minimeque
942 1696 1003 1716 eam
1022 1688 1114 1724 magni
1128 1688 1271 1716 Athanasii
1290 1687 1332 1715 vel
1348 1687 1432 1718 aetati,
1445 1685 1488 1713 vel
1516 1684 1622 1720 patriae,
1639 1684 1683 1711 vel
1703 1684 1817 1716 studiis,
1831 1688 1860 1711 et

227 1739 313 1761 sacrae
327 1733 460 1760 doctrinae
476 1741 641 1768 repugnare,
656 1735 705 1762 sed
721 1742 804 1769 quam
817 1736 938 1763 maxime
959 1735 1116 1763 convenire.
1506 1764 1509 1767 _

262 1777 322 1805 XV.
339 1777 417 1806 Nunc
430 1786 497 1806 vero
513 1779 646 1814 agendum
665 1780 753 1808 estde
768 1781 914 1816 allegorica
927 1781 1164 1815 interpretatione,
1177 1781 1255 1815 juxta
1277 1788 1359 1816 quam
1382 1784 1515 1815 perpetuo
1539 1777 1738 1806 commentario
1762 1776 1867 1804 Psalmi

227 1829 411 1860 exponuntur.
422 1824 544 1852 Primum
557 1826 709 1861 allegoricae
717 1835 857 1855 sacrarum
872 1828 1077 1863 Scripturarum
1091 1828 1324 1863 interpretationis
1336 1832 1474 1855 auctorem
1486 1830 1593 1854 veteres
1601 1825 1750 1860 scriptores
1762 1824 1867 1852 faciunt

228 1871 370 1899 Philonem
384 1871 536 1900 Hebraeum.
554 1872 655 1901 Scribit
667 1874 738 1901 enim
753 1874 787 1901 de
801 1882 834 1901 eo
855 1875 882 1901 in
903 1882 953 1902 sua
972 1875 1138 1902 Bibliotheca
1163 1874 1221 1911 (20)
1242 1874 1375 1902 Photius:
1394 1883 1403 1898 ι
1423 1872 1663 1900 Circumfcruntur
1675 1872 1800 1907 ejusdem
1814 1870 1866 1898 alia

228 1925 337 1952 quoque
351 1919 426 1946 varia
442 1920 574 1954 opuscula
585 1942 592 1953 ,
606 1921 705 1955 quibus
719 1921 919 1956 disputationes
936 1921 993 1949 fere
1009 1923 1043 1950 de
1056 1922 1181 1949 moribus
1193 1921 1386 1953 continentur,
1400 1920 1564 1955 Veterisque
1576 1919 1746 1947 Testamenti
1771 1918 1867 1953 expla-

229 1965 353 1992 nationes
367 1965 400 1992 ad
414 1966 572 2000 allegoriam
590 1971 619 1993 ut
632 1967 779 2001 pluritnum
798 1968 855 2002 ipsa
871 1968 959 1995 littera
975 1973 1076 2003 aptata.
1091 1967 1126 1994 Et
1138 1975 1203 1995 vero
1220 1968 1255 1994 ah
1265 1968 1317 1995 hoc
1332 1967 1449 1994 arbitror
1462 1974 1571 1994 omnem
1587 1965 1764 2000 allegoricum
1782 1971 1868 1992 sacra

229 2009 377 2044 Scriptura:
393 2019 547 2039 sermonem
567 2013 594 2040 in
613 2013 760 2040 Ecclesiam
778 2014 1112 2048 prornanassc.rlsautem
1128 2013 1316 2046 Alexandriae,
1339 2014 1384 2041 ubi
1404 2018 1487 2040 nattts
1503 2018 1579 2044 erat,
1606 2012 1732 2046 scripsit,
1759 2016 1789 2038 et
1814 2019 1867 2038 non

229 2056 316 2082 solum
333 2056 403 2083 inter
417 2066 492 2090 suos,
506 2059 552 2085 sed
570 2059 651 2085 etiam
669 2059 738 2086 inter
751 2059 923 2087 Christianos
937 2060 1036 2087 celebri
1052 2059 1162 2087 nomine
1177 2059 1212 2086 ob
1223 2067 1364 2086 sacrarum
1381 2059 1585 2094 Scripturarum
1599 2058 1754 2090 scicntiatn,
1765 2062 1794 2085 et
1806 2066 1869 2093 pro-

229 2099 355 2129 fanarum
372 2103 558 2130 doctrinarum
571 2105 752 2133 eruditionem
771 2106 831 2137 fuit,
849 2107 905 2133 imo
919 2107 1001 2133 etiam
1017 2105 1181 2133 Christiana:
1198 2105 1321 2140 religioni
1338 2113 1436 2132 nomen
1454 2104 1579 2138 dedisse,
1600 2112 1615 2131 a
1630 2104 1797 2139 quibusdam
1814 2109 1867 2131 ua

231 2145 317 2174 ditum
335 2154 386 2176 est.
405 2150 477 2177 Sane
490 2149 673 2186 Hieronymus
689 2152 722 2178 de
738 2160 770 2180 eo
783 2153 877 2180 scribit
891 2153 947 2188 (2i)
958 2174 965 2186 ,
981 2153 1081 2179 famam
1098 2152 1199 2184 fuisse,
1213 2160 1275 2179 eum
1286 2173 1293 2185 ,
1311 2160 1374 2180 cum
1389 2153 1414 2179 in
1430 2152 1549 2180 secunda
1565 2152 1701 2187 legatione
1719 2151 1754 2178 ad
1769 2151 1867 2179 Caium

233 2193 347 2222 Romam
362 2197 490 2229 venisset.
510 2198 630 2225 locutum
642 2207 702 2226 esse
719 2208 780 2227 cum
796 2200 919 2235 apostolo
931 2199 1021 2233 Petro,
1037 2200 1152 2235 ejusque
1168 2199 1297 2227 habuisse
1315 2200 1462 2232 amicitias,
1479 2204 1506 2226 et
1521 2199 1556 2226 ob
1571 2199 1642 2226 hanc
1655 2206 1767 2226 causam
1785 2199 1867 2226 etiam

232 2241 313 2269 Marci
328 2243 454 2278 discipuli
470 2244 552 2276 Petri,
569 2245 640 2280 apud
654 2246 847 2274 Alexandriam
863 2251 1013 2274 sectatores
1024 2254 1139 2274 ornasse
1153 2246 1297 2279 laudibus;
1309 2251 1336 2274 et
1344 2251 1406 2274 ante
1417 2247 1613 2282 Hieronymum
1628 2246 1700 2273 idem
1711 2247 1744 2273 de
1753 2245 1868 2273 Philone

233 2289 380 2317 tradiderat
400 2289 534 2318 Eusebius
547 2291 733 2324 Cwsariensis,
745 2292 792 2326 qui
808 2292 998 2320 doctissitnttm
1013 2291 1134 2320 Judaeum
1156 2293 1264 2329 magnis
1284 2292 1411 2320 laudibus
1430 2298 1524 2326 ornat;
1550 2293 1621 2320 unde
1640 2297 1748 2320 constat
1765 2298 1869 2328 quanto

235 2336 344 2363 nomine
355 2342 382 2363 et
391 2344 446 2371 quo
457 2337 482 2363 in
500 2338 603 2365 honore
616 2339 659 2366 ille
670 2344 742 2366 esset
753 2338 862 2366 Eusebii
873 2346 983 2373 quoque
996 2343 1075 2366 aetate
1088 2339 1159 2373 apud
1171 2339 1359 2366 Christianos:
1377 2338 1427 2366 Hic
1442 2347 1537 2373 porro.
1550 2339 1638 2373 inquit
1653 2338 1791 2366 Eusebius
1801 2339 1867 2375 (‘22).

234 2381 274 2406 vir
286 2382 312 2407 in
330 2381 446 2409 dicendo
461 2383 607 2417 copiosus,
624 2384 650 2410 in
669 2385 811 2411 sententiis
828 2384 963 2419 locuples,
980 2384 1006 2410 in
1019 2384 1118 2411 divina:
1131 2383 1279 2419 Scriptum
1294 2384 1470 2419 intelligentia
1483 2384 1609 2412 sublimis
1626 2389 1710 2419 atque
1725 2386 1868 2412 excelsum

233 2428 340 2459 variam
350 2436 381 2455 ac
399 2429 574 2462 multiplicem
587 2438 728 2457 sacrorum
745 2431 914 2457 voluminum
927 2431 1125 2465 expositionem
1137 2431 1232 2458 edidit.
1250 2431 1269 2458 E
1282 2431 1396 2459 Philone
1409 2433 1505 2467 igitur,
1521 2433 1566 2467 qui
1583 2431 1656 2468 ἀνὴρ
1665 2431 1700 2458 τὰ
1716 2432 1807 2459 πάντα
1826 2432 1868 2459 εὖ·

235 2474 318 2506 δοξος,
333 2474 516 2508 aitJosephus
532 2476 600 2511 (‘25).
618 2484 671 2503 non
683 2477 771 2504 solum
789 2478 814 2503 in
825 2476 911 2503 sacris
927 2475 1078 2510 Scripturis
1089 2478 1255 2505 excellenter
1273 2482 1409 2511 versatus,
1423 2479 1469 2505 sed
1484 2479 1565 2505 etiam
1582 2478 1704 2506 externis
1715 2478 1868 2513 disciplinis

234 2521 341 2555 egregie
358 2521 483 2548 excultus
499 2522 628 2556 praeclara
641 2530 723 2557 opera
739 2523 766 2549 in
782 2522 921 2556 publicum
941 2521 1081 2555 ediderat,
1099 2522 1271 2559 allegoricam
1299 2531 1441 2550 sacrarum
1459 2523 1664 2559 Scripturarum
1683 2525 1866 2559 interpretan-

233 2568 330 2594 darum
350 2567 480 2594 rationem
505 2568 532 2594 in
551 2568 764 2596 Alexandrinam
780 2567 997 2595 Christianorum
1020 2568 1143 2596 scholam
1168 2570 1259 2604 aliqua
1277 2577 1310 2598 ex
1330 2575 1424 2605 parte,
1441 2575 1468 2598 et
1494 2570 1698 2606 quadamtenus
1717 2570 1866 2598 derivatam

235 2613 328 2644 fuisse,
343 2620 425 2646 quam
439 2613 665 2643 verisimillimum
680 2621 751 2645 esse,
767 2621 860 2645 nemo,
875 2618 906 2640 ut
917 2619 992 2648 puto,
1009 2615 1128 2650 negabit.

270 2681 327 2713 (18)
360 2681 438 2708 Tom.
457 2680 478 2708 ll
504 2682 573 2716 Opp.
610 2683 638 2709 S.
669 2681 792 2715 Hieron.,
826 2690 853 2717 p.
873 2682 908 2709 90
923 2682 987 2709 edit.
1024 2681 1113 2710 Paris.

270 2717 325 2752 (19)
339 2717 398 2743 Lib.
418 2725 460 2748 Ill,
472 2725 530 2752 cap.
546 2718 573 2748 5.
593 2727 621 2745 n.
637 2718 662 2744 7.

272 2753 327 2786 (‘20)
345 2752 445 2778 Codice
458 2760 499 2778 cv.

272 2789 326 2818 ult)
347 2787 382 2814 De
394 2788 484 2821 script.
503 2786 593 2812 crrlrs.
610 2795 635 2812 n.
653 2785 695 2811 11.

271 2823 328 2856 (2'2)
347 2822 417 2848 Iltst.
428 2822 492 2848 errl.
506 2823 552 2847 ιλιι.
569 2830 598 2851 ιι,
612 2830 671 2854 cap.
689 2821 729 2847 13.

273 2859 329 2882 ι-Δῦὶ
346 2858 434 2883 Antia.
450 2857 558 2883 Jtuinic.
572 2865 630 2884 cat).
647 2858 671 2884 υ.
