1919 3051
52 89 102 116 615
390 87 434 115 DE
454 87 594 115 TITUMS
613 86 840 115 PSALMOIlUﬂ.
856 102 891 107 —-
908 87 1106 115 ANTONELLI
1124 88 1324 116 PRIEFATIO.
1631 91 1686 118 m4

85 146 154 173 XVI.
169 145 249 180 Quod
266 150 356 174 autem
372 145 468 174 schola
481 145 665 173 Alexandrina
680 145 855 180 allegoricam
873 146 1124 180 interpretationem
1138 152 1231 175 secuta
1247 149 1294 178 sit.
1312 152 1475 184 argumento
1492 155 1555 177 esse
1573 156 1690 184 possunt

51 200 131 228 opera
149 192 299 219 Clementis
315 196 342 219 et
356 190 481 226 Origenis
493 211 501 224 ,
516 191 562 226 qui
579 191 659 218 ambo
672 190 864 217 Alexandrinis
880 191 981 218 schola:
996 191 1174 224 praefuerunt.
1195 192 1319 225 Quorum
1340 193 1447 227 primus
1463 194 1490 220 in
1508 194 1597 221 sacris
1615 193 1690 222 Scri-

50 239 140 273 pturis
150 237 321 273 explicandis
333 237 485 271 swpissime
501 237 639 272 allegoriis
653 237 748 268 utitur,
760 236 806 263 sed
819 236 934 263 inlibris
949 237 1115 263 Stromatnm
1127 238 1257 273 mysticos
1271 237 1476 273 Scripturarum
1488 246 1587 266 sensus
1600 237 1689 273 potis-

50 285 149 312 simum
165 284 308 320 amplexus
322 290 379 315 est;
398 283 532 317 siquidem
549 283 600 309 tria
615 290 664 310 sua
681 283 810 317 prreclara
826 289 925 316 opera,
943 282 1127 318 Protrepticon
1138 304 1145 316 ,
1163 283 1331 319 Pwdagogon
1343 305 1349 316 ,
1377 289 1403 311 et
1420 284 1586 312 Stromatum
1605 284 1691 311 libros

50 339 82 358 eo
100 331 208 364 ordine,
227 335 253 357 et
265 330 371 356 ratione
386 328 502 355 instituit
516 328 584 363 (Ἡ),
600 333 630 355 ut
645 328 787 363 gentilium
803 334 1024 363 mystagogorum
1035 349 1042 361 ,
1059 336 1091 356 ac
1107 334 1229 356 veterum
1244 329 1470 364 philosophorum
1488 329 1616 364 exemplo
1634 333 1691 356 tres

50 377 167 412 gradus,
183 375 371 410 ἀποκάθαρσιν
382 394 389 406 ,
410 373 525 409 μύησιν,
540 374 687 400 ἐποπτείαν
704 373 808 401 referre

938 382 1002 401 vero
1020 375 1047 401 in
1070 375 1208 410 allegoriis
1221 375 1360 403 sectandis
1374 375 1442 403 adeo
1459 375 1561 403 nimius
1574 375 1644 408 fuit,
1663 381 1690 402 ut

49 424 130 450 etiam
145 423 199 451 hoc
212 422 324 450 nomine
345 429 360 447 a
382 421 475 448 multis
490 420 714 455 reprehendatur.
740 420 832 454 Quare
853 425 881 448 et
896 425 1023 448 accurata
1047 421 1243 450 Hebraicorum
1267 422 1410 450 nominum
1436 423 1643 457 interpretatio,
1664 429 1691 452 et

50 470 193 505 allegorica
212 467 407 503 interpretandi
425 467 496 494 ratio
513 467 540 494 in
555 474 639 494 causa
662 475 723 495 esse
745 475 800 494 non
824 473 960 503 possunt,
986 476 1036 495 cur
1056 474 1148 497 noster
1169 469 1341 496 Psalmorum
1359 470 1574 497 commentarius
1591 477 1691 505 magno

49 516 202 544 Athanasio
217 516 406 550 abjudicetur,
422 515 471 541 sed
485 515 577 549 potius
592 519 754 549 argumento
768 522 829 543 esse
845 515 944 548 debet,
965 523 1015 542 cur
1031 515 1108 543 illum
1131 516 1306 544 sanctissimo
1323 517 1452 551 episcopo
1463 537 1470 549 ,
1489 516 1569 550 cujus
1590 523 1690 542 nomen

49 562 157 597 praefert
168 583 175 594 ,
190 569 358 590 asseranius.
371 560 437 587 Nam
452 567 566 595 ultaque
584 561 706 593 intento,
723 566 752 587 ut
768 561 806 587 ita
828 560 936 594 dicant,
955 561 1041 597 digito
1058 562 1178 589 indicare
1197 563 1317 595 videtur,
1340 567 1479 589 auctorem
1499 560 1690 588 commentarii

50 610 211 644 scriptorem
226 609 440 635 Alexandrinum
457 607 558 640 fuisse,
574 607 747 634 Alexandria:
763 613 857 635 natum
869 628 876 639 ,
901 611 928 634 et
944 608 971 635 in
994 608 1179 635 Alexandrina
1202 609 1295 636 schola
1310 609 1467 635 educatum.
1485 607 1612 634 Profecto
1635 615 1690 634 non

49 655 176 683 dissimili
190 656 307 686 ratione,
323 663 375 689 qua
388 654 555 681 Athanasius
572 654 598 680 in
616 661 666 681 suo
680 654 878 681 commentario
893 654 1034 681 titulorum
1049 654 1304 689 interpretationem
1323 659 1485 690 prosecutus
1501 659 1552 686 est,
1569 653 1690 681 nonnul-

49 703 136 729 lorum
150 702 321 736 psalmomm
337 701 433 728 titulos
445 700 590 735 Origenem
603 707 713 735 quoque
726 700 893 735 explicasse,
924 700 1004 728 Iidem
1024 700 1092 728 facit
1106 701 1291 736 fragmentum
1308 700 1499 728 commentarii
1520 699 1646 734 Origenis
1663 699 1690 725 in

50 747 187 779 Psalmos,
199 746 273 782 quod
287 754 318 774 ex
332 746 426 774 codice
439 744 572 772 Vaticano
585 753 647 772 cum
664 745 727 773 aliis
740 745 767 772 in
784 746 872 773 lucem
889 745 974 773 edidit
987 745 1018 773 P.
1034 746 1304 780 Montfauconius,et
1316 755 1372 774 suat
1383 746 1565 781 Hexaplorum
1579 744 1691 773 editioni

49 792 182 827 praemisit
195 792 271 827 (25);
287 800 318 819 ac
333 792 448 827 proinde
458 791 493 819 de
503 790 666 825 antiquitate
681 798 762 823 usus,
778 799 810 819 ac
823 791 973 826 disciplina:
988 792 1185 828 interpretandi
1198 793 1225 820 in
1241 793 1418 828 allegoricum
1431 800 1543 821 sensum
1568 791 1692 827 psalmo!

50 837 274 873 psalmorumque
290 837 383 864 titulos
398 837 426 864 in
440 836 533 864 schola
546 836 730 863 Alexandrina
747 836 866 863 dubitari
879 837 983 872 nequit.

83 882 166 911 XVII.
183 882 255 916 Quin
270 883 326 910 imo
342 882 420 917 longe
431 885 494 909 ante
507 880 627 908 Pantaeni
641 900 648 912 ,
667 880 816 908 Clementis
829 885 856 907 et
869 877 996 916 Ofigenis
1008 887 1133 915 aetatem,
1147 883 1194 918 qui
1209 884 1374 911 successivls
1389 883 1559 918 temporibus
1574 882 1687 910 Alexan-

49 929 155 957 drinam
168 927 292 956 scholam
310 930 456 958 rexerunt,
471 925 632 960 allegoricas
647 931 674 952 et
689 926 819 961 mystieas
832 925 1038 961 Scripturarum
1058 929 1245 963 expositiones
1269 937 1320 956 usu
1345 929 1416 964 apud
1437 929 1612 956 Christianos
1629 929 1693 956 Ale-

50 975 199 1003 xandrinos
213 979 337 1008 receptas
350 972 448 1005 fuisse,
461 971 618 999 testimonio
630 978 690 999 esse
707 975 833 1006 possunt.
844 980 905 1006 quae
920 973 1060 1001 memoriae
1074 973 1244 1008 posteritatis
1256 974 1355 1000 tradita
1370 978 1435 1001 sunt
1448 974 1482 1002 de
1496 973 1691 1007 Tlierapeutis.

49 1028 166 1056 quorum
181 1020 292 1047 nomine
304 1023 408 1046 veteres
421 1018 483 1046 illos
493 1017 667 1045 Christianos
680 1017 761 1045 Marci
771 1019 945 1053 evangelista!
955 1019 1108 1055 discipulos
1120 1020 1289 1055 signiﬁcatos
1304 1020 1390 1048 fuisse
1399 1021 1505 1056 antiqui
1516 1020 1612 1047 Patres
1621 1019 1691 1054 (Ἃ),

50 1073 75 1095 et
89 1069 183 1103 plures
200 1075 232 1094 ex
250 1065 450 1093 recentioribus
462 1065 642 1099 scriptoribus
657 1065 862 1091 existimarunt.
879 1065 969 1094 Mores
988 1066 1060 1093 enim
1071 1087 1079 1100 ,
1104 1072 1130 1093 et
1145 1067 1280 1100 linstituta
1306 1066 1541 1102 Therapeutarum
1569 1066 1691 1094 referens

50 1115 127 1142 Philo
142 1115 217 1149 (27):
237 1122 246 1138 ι
260 1112 358 1139 Tutum
372 1118 453 1144 vero,
467 1110 571 1145 inquit,
587 1111 640 1137 diei
655 1110 773 1145 spatium
783 1131 790 1142 ,
803 1111 876 1146 quod
892 1111 927 1139 ab
940 1116 999 1138 ortu
1014 1112 1079 1139 solis
1094 1111 1128 1139 ad
1144 1119 1285 1147 \‘esperuin
1304 1114 1456 1148 intcrjacet.
1475 1113 1501 1140 in
1519 1113 1692 1140 meditatione

49 1162 230 1197 philosophiae
247 1160 402 1188 traducunt.
421 1158 504 1185 Sacra
518 1158 590 1185 enim
607 1157 747 1185 volumina
762 1157 916 1186 lectitantes
934 1158 1165 1194 philosophantur
1178 1167 1254 1186 more
1269 1160 1357 1194 patrio
1372 1164 1505 1194 praecepta
1523 1159 1664 1194 sapientia:
1676 1164 1692 1184 ι

49 1209 201 1244 majoribus
217 1207 316 1235 tradita
329 1205 475 1241 allegorice
486 1204 658 1239 explicando.
675 1203 781 1239 Quippe
796 1204 955 1232 existimant
969 1205 1049 1232 verba
1067 1206 1126 1240 ipsa
1141 1205 1210 1232 nihil
1231 1206 1304 1233 aliud
1327 1214 1389 1233 esse
1412 1214 1495 1240 quam
1511 1205 1644 1240 imagines
1664 1212 1693 1236 et

49 1257 126 1291 signa
142 1263 237 1282 rerum
253 1253 407 1281 abditarum
421 1272 428 1285 ,
445 1259 506 1286 quae
524 1258 570 1286 per
589 1250 733 1286 allegorias
747 1250 918 1277 declaranda:
934 1256 1008 1278 sunt.
1029 1251 1099 1278 Sunt
1114 1251 1196 1278 etiam
1213 1252 1284 1286 apud
1297 1259 1345 1279 eos
1359 1252 1550 1279 commentarii
1569 1256 1692 1279 veterum

48 1302 244 1338 quorumdam,
258 1301 304 1336 qui
318 1305 399 1328 sectte
413 1299 486 1326 illius
498 1302 625 1325 auctores
637 1297 840 1332 qdamplurima
853 1297 894 1324 eis
906 1304 1084 1325 monumenta
1098 1299 1231 1326 doctrina:
1247 1299 1330 1332 illius,
1344 1306 1405 1333 quae
1418 1298 1444 1325 in
1458 1299 1595 1334 allegoriis
1605 1299 1692 1333 posita

47 1357 98 1381 esu,
116 1348 297 1383 reliquerunt.
313 1346 419 1380 Quibus
431 1346 475 1372 isti
493 1349 624 1378 tanquam
639 1343 843 1377 exemplaribus
860 1347 966 1371 utentes
982 1352 1086 1371 rnorem
1098 1345 1568 1380 huncinstitutumqueimitantur.t
1582 1345 1623 1372 Ad
1635 1345 1693 1372 luec

47 1402 138 1423 autem
153 1395 275 1422 Philonis
289 1395 371 1422 verba
384 1393 448 1420 talia
460 1392 550 1420 subdit
560 1390 695 1418 Eusebius
705 1390 777 1426 (28):
792 1400 801 1416 ι
814 1389 876 1417 Haec
888 1395 960 1418 certe
972 1391 1006 1418 ab
1017 1399 1049 1417 co
1059 1391 1170 1418 homine
1181 1392 1253 1419 dicta
1263 1392 1401 1424 videntur,
1417 1393 1463 1427 qui
1476 1396 1584 1419 nostras
1599 1399 1694 1420 sacras

47 1442 154 1469 litteras
172 1445 338 1476 exponentes
355 1439 500 1467 audiverit.
515 1437 589 1471 Quos
610 1443 721 1468 autem,
741 1436 795 1469 ait,
813 1444 897 1471 penes
920 1437 982 1464 illos
1003 1437 1088 1464 fuisse
1111 1442 1232 1465 veterum
1254 1438 1437 1473 quorumdam
1462 1439 1692 1467 commentarios.

46 1488 198 1515 verisimile
214 1491 272 1519 est,
286 1486 343 1521 ipsa
359 1493 420 1514 esse
437 1484 582 1519 Evangelia
594 1505 601 1517 ,
618 1487 645 1510 et
656 1482 843 1517 apostolorum
861 1482 963 1517 scripta
975 1503 982 1515 ,
1001 1489 1027 1510 et
1040 1484 1227 1518 expositiones
1243 1484 1376 1520 quasdam
1398 1489 1519 1511 veterum
1544 1484 1692 1519 propheta-

46 1544 126 1562 run:
145 1533 300 1569 cujusmodi
315 1533 408 1567 plures
421 1536 477 1558 tum
493 1531 519 1558 in
538 1530 598 1557 aliis
613 1529 692 1556 Pauli
709 1527 853 1564 Epistolis,
869 1533 927 1557 tum
943 1530 969 1556 in
986 1529 1030 1556 illa
1042 1538 1103 1564 qua:
1117 1529 1150 1556 ad
1163 1529 1291 1558 Hebrieos
1305 1531 1405 1565 scripta
1417 1535 1469 1563 est,
1484 1531 1666 1558 continentur.
1680 1539 1690 1555 ι

45 1582 79 1608 At
92 1581 166 1608 enim
183 1580 317 1607 Henricus
330 1578 456 1606 Valesius
468 1580 560 1604 censet
576 1576 661 1602 libros
675 1573 744 1601 Novi
758 1573 928 1602 Testamenti
946 1582 960 1602 a
977 1574 1091 1602 Philone
1111 1576 1184 1602 haud
1201 1575 1350 1610 signiﬁcari
1373 1577 1496 1611 potuisse
1508 1597 1515 1608 ,
1533 1583 1596 1603 cuni
1620 1575 1693 1602 dicat

47 1628 254 1663 συγγράμματα
270 1625 393 1653 παλαιῶν
408 1623 523 1659 ἀνδρῶν,
535 1622 631 1657 quales
646 1629 699 1648 non
715 1626 793 1648 erant

945 1625 1025 1648 :etate
1039 1622 1154 1655 apostoli
1166 1626 1192 1649 et
1207 1622 1390 1657 evangelista.
1404 1622 1461 1657 Ego
1473 1627 1563 1649 autem
1581 1621 1691 1649 Eusebii

47 1676 212 1704 sententiam
229 1674 301 1701 haud
314 1681 427 1708 prorsus
440 1673 618 1707 rejiciendam
631 1679 690 1699 esse
705 1675 784 1706 puto:
803 1679 864 1697 natu
883 1679 954 1706 szepe
966 1671 1099 1704 παλαιῶν,
1111 1679 1159 1699 seu
1175 1676 1290 1698 veterum
1305 1672 1417 1699 nomine
1432 1672 1631 1707 intelliguntur,
1644 1671 1691 1706 qui

46 1732 101 1751 una
116 1729 223 1750 tantum
235 1726 315 1750 aetate
329 1727 376 1748 seu
395 1720 571 1755 generatione
585 1719 640 1754 (29)
658 1726 707 1745 nos
724 1723 940 1752 praecesserunt:
959 1718 1106 1753 etquidem
1117 1738 1125 1750 ,
1149 1719 1172 1746 si
1195 1719 1222 1746 in
1239 1727 1269 1746 re
1290 1719 1369 1754 longe
1388 1719 1475 1754 posita
1492 1727 1507 1746 a
1523 1723 1690 1746 nostraque—

47 1772 137 1798 moria
154 1775 235 1804 atque
250 1774 339 1799 aetate,
357 1768 394 1794 uti
413 1767 569 1802 conjectura
587 1767 660 1797 licet,
677 1773 778 1792 censeo
812 1764 953 1792 Philonem
969 1766 1230 1793 commentariorum
1250 1765 1362 1794 nomine
1379 1767 1451 1794 inter
1462 1766 1530 1794 alios
1547 1766 1630 1798 libros
1647 1765 1691 1792 iti-

46 1819 141 1845 dicare
155 1816 275 1843 voluisse
289 1814 464 1849 Evangelium
480 1813 630 1840 secundum
645 1811 799 1846 IEgyptios.
815 1810 882 1838 Nam
896 1813 923 1838 in
937 1819 971 1838 eo
984 1812 1123 1846 peculiare
1142 1811 1278 1847 quoddam
1297 1812 1383 1840 fuisse
1398 1812 1506 1840 dicendi
1521 1820 1606 1847 genus
1623 1812 1692 1840 alle—

46 1863 134 1898 goriis
151 1866 179 1888 et
190 1859 327 1887 abstrusis
344 1867 375 1886 ac
390 1857 512 1893 mysticis
527 1857 653 1884 sensibus
670 1857 778 1890 plenum
789 1875 797 1886 ,
812 1857 890 1883 tidem
908 1855 1012 1884 faciunt
1030 1857 1181 1892 fragmenta
1197 1865 1257 1892 quas
1274 1858 1308 1885 ab
1321 1858 1442 1893 antiquis
1456 1859 1637 1893 scriptoribus
1656 1859 1690 1885 ad

47 1914 172 1936 nostram
187 1914 274 1942 usque
288 1911 396 1933 aetatem
412 1909 518 1931 servata
535 1908 610 1930 sunt.
625 1902 814 1937 [Enigmatum
828 1902 901 1929 enim
915 1903 1001 1930 instar
1016 1903 1061 1930 illa
1076 1908 1141 1931 sunt
1158 1912 1219 1939 quae
1230 1912 1264 1931 ex
1278 1904 1324 1931 illo
1341 1904 1486 1939 Evangelia
1503 1904 1651 1932 laudantur
1664 1905 1690 1932 in

46 1955 164 1988 epistola
178 1953 298 1981 secunda
317 1953 345 1979 S.
363 1951 510 1978 Clementis
529 1949 664 1984 pontiticis
678 1948 812 1981 Romani,
825 1953 852 1976 et
868 1949 896 1975 in
913 1949 983 1976 libro
1010 1950 1089 1977 tertio
1105 1949 1269 1977 Stromatum
1286 1950 1399 1978 alterius
1419 1950 1569 1979 Clementis
1586 1958 1688 1986 cogno~

48 2002 132 2029 minis
145 2001 298 2036 presbyteri
310 1999 497 2030 Alexandrini,
514 2006 546 2025 ex
557 2004 676 2032 quorum
691 1996 800 2031 scriptis
812 1998 985 2027 aliorumque
1001 2002 1121 2024 veterum
1140 1998 1250 2025 Patrum
1265 1998 1346 2026 nobis
1361 2002 1532 2033 compertum
1546 1998 1585 2030 tit,
1601 1997 1692 2024 Evan~

47 2047 119 2082 gelio
137 2046 201 2077 illo,
217 2046 407 2080 qualecunque
422 2043 519 2075 fuerit.
539 2043 668 2076 antiquos
684 2042 744 2068 illos
758 2042 861 2070 Christi
875 2051 903 2070 in
923 2042 1040 2078 [Ευρῐο
1055 2044 1175 2071 asseclas
1187 2052 1251 2072 usos
1266 2043 1360 2071 fuisse.
1383 2043 1485 2072 Verum
1506 2044 1579 2071 enim
1598 2048 1690 2079 postea

48 2093 195 2129 temporis,
210 2100 271 2119 cum
289 2091 316 2117 in
331 2091 458 2117 universo
471 2094 610 2116 terrarum
624 2088 690 2115 orbe
703 2087 758 2115 fere
769 2088 801 2115 ad
814 2097 938 2116 omnium
951 2089 1071 2116 ﬁdelium
1084 2097 1181 2117 manus
1193 2090 1381 2125 pervenissent
1404 2095 1521 2126 quatuor
1533 2090 1690 2124 Evangelia,

47 2139 166 2173 aliaeque
179 2136 320 2163 canonica:
335 2137 491 2170 Scriptum,
507 2142 569 2168 quae
584 2141 599 2160 a
613 2133 699 2161 sacris
716 2134 904 2168 cvangelistis,
921 2140 947 2161 et
963 2135 1068 2162 sanctis
1084 2136 1216 2170 apostolis
1229 2136 1429 2170 θεοπνεύστοις,
1442 2146 1458 2164 a
1471 2137 1525 2164 Deo
1542 2137 1691 2171 inspiratis,

48 2186 76 2212 in
88 2184 181 2212 ﬁdelis
195 2182 287 2218 populi
302 2181 448 2208 utilitatem
458 2200 466 2212 ,
484 2184 511 2206 et
528 2180 655 2207 Ecclesia:
670 2180 881 2207 aediﬁcationem
896 2181 976 2208 nobis
990 2181 1076 2208 divini
1097 2182 1276 2211 beneﬁcentia
1291 2183 1389 2211 tradita
1405 2188 1485 2217 sunt;
1511 2183 1690 2218 Evangelium

49 2233 116 2259 illud
131 2229 309 2264 allegoricuin
321 2248 329 2259 ,
341 2231 369 2254 et
384 2226 440 2253 fere
452 2226 654 2259 aenigmaticum
665 2246 671 2258 ,
689 2226 728 2253 uti
741 2231 838 2253 exorto
850 2232 875 2253 et
894 2227 1068 2254 illucescente
1085 2228 1265 2268 sole‘nebula‘.
1286 2230 1469 2266 dispelluntur
1479 2251 1486 2263 ,
1510 2230 1641 2266 paulatim
1664 2231 1692 2259 in

49 2278 260 2308 desuetudinem
276 2275 360 2303 abiit.
375 2278 402 2301 et
418 2282 432 2301 e
447 2274 567 2301 ﬁdelium
583 2273 709 2301 manibus
722 2281 870 2301 excussum
886 2278 936 2301 est.
957 2273 1150 2303 Verumtamen
1165 2282 1343 2313 posteaquam
1360 2287 1393 2306 ex
1416 2278 1538 2307 Ecclesia
1556 2281 1693 2308 catholica

48 2325 231 2361 Evangelium
244 2322 394 2350 secundum
406 2321 548 2356 Egyptios
558 2321 728 2348 eliminatum
740 2324 792 2354 est,
806 2321 939 2355 benignos
949 2327 1103 2357 receptores
1115 2324 1211 2351 habuit
1225 2325 1367 2353 Inereticos
1378 2335 1384 2359 ;
1396 2326 1460 2361 quia
1471 2334 1534 2354 cum
1548 2327 1693 2355 abstrusos

49 2378 77 2399 et
90 2370 237 2404 ambiguos
255 2375 352 2395 sensus
367 2366 537 2397 contineret,
553 2365 587 2392 ad
600 2372 665 2392 suos
677 2365 839 2392 astruendos
852 2374 963 2394 errores
979 2367 1263 2405 obtenebrandamque
1280 2371 1442 2403 veritatem,
1467 2372 1593 2407 pluribus
1608 2374 1691 2400 etiam

50 2419 84 2446 de
95 2426 149 2445 suo
160 2415 276 2450 adjectis
292 2414 505 2449 suppositisque,
524 2417 678 2447 opportune
687 2419 720 2440 eo
736 2412 774 2439 uti
789 2420 869 2447 posse
882 2419 1061 2442 censuerunt.
1076 2415 1202 2445 Profecto
1221 2417 1368 2446 Sabelliani
1386 2419 1488 2454 aliique
1503 2420 1611 2446 lirmum
1629 2419 1693 2448 inde

90 2534 147 2569 (et)
162 2532 229 2569 Ean.
245 2525 525 2569 Heinslnprarfzad
535 2526 621 2569 Clem‘;
630 2524 712 2569 “dies.

91 2560 151 2601 295')
164 2567 232 2593 Vide
247 2565 328 2601 hujus
344 2560 504 2601 Patrologia;
519 2566 588 2601 tom._
599 2560 658 2601 “XV:

93 2595 149 2638 iis;
168 2602 267 2638 Euseb.
284 2595 364 2626 'Ilt‘st.
379 2598 442 2638 m1,
456 2595 478 2624 ι.
497 2605 523 2624 v.
541 2606 565 2624 ε.
580 2596 628 2628 ιο;
649 2595 666 2622 ι.
684 2603 755 2629 n,c.
770 2597 813 2629 tt,
833 2597 844 2623 ι

501 2605 523 2624 ν.
541 2606 565 2624 c.
580 2596 628 2628 I0;
649 2595 666 2622 Ι.
684 2603 755 2629 \'t,c.
770 2597 813 2629 Μ,
833 2596 879 2623 15.
896 2595 1007 2624 Hieron.
1025 2597 1063 2624 De
1080 2598 1128 2625 vir.
1153 2598 1259 2626 illustr-

94 2633 202 2673 ἰὶηθε
235 2637 280 2664 vit.
308 2633 448 2673 contempt.

96 2667 151 2711 iiii}
171 2673 243 2711 Hist.
259 2670 431 2711 eccillibnu,
449 2667 532 2694 c.17.
585 2701 625 2711 Δγ
680 2707 686 2711 ⁵
763 2706 781 2711 ,ν
819 2709 837 2711 Α
1003 2707 1008 2711 Ι
1090 2701 1132 2711 ιη
1402 2701 1425 2711 ip
1454 2699 1558 2711 "MM:

171 2698 330 2741 γενεά
359 2709 400 2731 ω
419 2701 644 2746 τρξῆκοντιξςία,
669 2702 786 2746 ‘trigiiita
807 2709 856 2744 11m

932 2711 946 2728 it
976 2707 1050 2746 (σαεξ,
1070 2701 1280 2746 ut'Pn‘rphv'rius
1304 2706 1378 2727 notat
1401 2698 1597 2746 inLllroniei'icis
1618 2704 1690 2746 9:31:

54 2733 298 2774 “adhiberet/ilus
321 2740 422 2767 Gellius
437 2733 503 2771 '(lih.
519 2746 535 2764 Il
563 2736 641 2774 Νιρεῖ.
660 2733 790 2774 Αιιίὶηη.
807 2737 848 2767 ὃ).
869 2738 988 2774 codicem
1002 2737 1131 2764 /Eneidos
1145 2733 1248 2771 Virgilii
1261 2756 1283 2774 ,_
1300 2745 1379 2770 quem
1403 2736 1452 2762 sihi
1471 2734 1562 2760 Romae
1579 2733 1690 2774 igniti-am

55 2766 597 2816 grammaticuseiiiptornvin'_s_igil|ai-iis
625 2780 658 2812 xx
674 2772 775 2812 'aureis
809 2772 989 2801 ostenderat.
1005 2773 1135 2800 mirandis
1159 2766 1407 2803 t'etvustalis'voeat,
1423 2774 1449 2797 et
1474 2775 1563 2796 tamen
1590 2766 1692 2793 Gellius

56 2807 113 2845 non
128 2807 198 2843 adeo
216 2813 295 2846 longe
308 2807 367 2846 post
382 2809 488 2844 Virgilii
503 2813 610 2835 aetatem
627 2807 702 2834 vixit.
