1919 3051
239 101 303 131 ϐΙΞΓ
658 102 687 130 S.
712 101 898 129 ATIIANASII
918 101 994 130 OPP.
1015 101 1106 130 PARS
1126 102 1168 129 III.
1189 117 1223 122 —-
1239 100 1449 130 EXEGETICA.
1819 103 1865 131 GIG

239 164 433 199 patrocinium,
453 169 483 190 ut
498 163 548 198 ipsi
565 164 755 196 autumabant,
770 164 812 190 vel
829 163 861 190 ad
875 163 1018 191 Trinitatis
1034 164 1194 199 mysterium
1208 163 1434 196 subvertendum,
1446 162 1488 189 vel
1505 162 1538 189 ad
1552 161 1687 197 legitimas
1702 161 1816 197 nuptias
1830 170 1867 188 re-

240 210 372 245 iiciendas
384 210 435 237 sibi
451 213 655 244 compararunt.
672 208 767 244 Itaque
780 209 844 236 hinc
855 209 958 236 factum
973 215 1024 242 est,
1039 213 1069 236 ut
1085 214 1179 244 postea
1193 208 1274 243 hujus
1289 208 1429 243 Evangelii
1444 215 1459 235 a
1473 208 1597 235 sectariis
1608 207 1732 242 corrupti
1745 211 1774 234 et
1788 207 1867 234 inter-

241 256 323 291 polati
335 276 342 288 ,
360 255 387 282 in
404 263 558 290 pravosque
574 263 672 282 sensus
686 255 746 290 ejus
759 256 849 282 verbis
861 256 1005 290 expositis,
1021 254 1230 290 tanquamlibri
1249 255 1408 290 apocryphi,
1424 259 1451 282 et
1463 254 1546 281 veluti
1564 253 1664 289 putida).
1679 253 1867 280 hareticorum

241 303 342 329 mercis
355 302 528 329 meminerint
542 301 570 329 S.
586 301 768 336 Epiphanius,
783 301 812 328 S.
825 301 1022 337 Hieronymus,
1035 302 1182 336 Origenes,
1196 300 1275 329 Titus
1292 301 1462 333 Bostrensis,
1485 299 1705 335 Theophylactus
1722 299 1794 334 (50).
1822 298 1868 326 Sed

240 355 272 375 eo
287 353 417 379 revertor,
440 348 511 375 unde
525 348 606 382 paulo
620 352 683 374 ante
699 348 838 382 digressus
853 356 925 374 sum.

275 393 369 420 XVIII.
386 393 531 421 Enimvero
548 402 601 420 non
614 394 702 421 solum
716 394 897 426 Alexandriae,
914 394 962 421 sed
978 394 1060 421 etiam
1074 394 1175 429 ubique
1190 393 1374 421 Ecclesiarum
1389 392 1508 420 Orientis
1525 391 1622 428 primis
1635 391 1802 419 Christiana:
1813 390 1868 418 ﬁdei

241 440 349 467 saeculis
364 441 509 475 allegorica
525 448 666 467 sacrarum
683 440 885 474 Scripturarum
904 441 1091 475 interpretatio
1104 441 1232 468 obtinuit.
1249 440 1281 467 Et
1299 440 1409 474 quidem
1426 439 1656 474 quemadmodum
1672 439 1777 466 nimius
1793 444 1871 473 atque

241 486 440 513 immoderatus
454 486 611 521 huiusmodi
627 486 860 520 interpretationis
872 494 948 518 usus,
966 494 1028 514 cum
1042 486 1144 513 scilicet
1156 486 1255 513 abditis
1273 485 1478 520 Scripturarum
1494 485 1620 514 sensibus
1631 485 1804 520 explicandis
1821 486 1869 512 mi-

240 533 314 559 nime
330 532 458 564 inservit,
477 533 523 560 sed
537 540 569 560 ea
583 533 701 567 scriptor
713 533 746 559 ad
764 540 815 559 suo
833 532 1027 566 indulgendum
1042 532 1150 567 ingenio
1164 532 1304 564 abutitur,
1321 533 1535 567 reprehensione
1548 532 1646 567 dignus
1663 531 1789 559 videtur:
1808 532 1842 558 ita
1857 539 1871 558 θ

240 578 348 606 diverso
365 579 444 606 laude
455 579 633 614 excipiendus
645 584 703 613 est,
717 587 780 607 cum
803 579 917 613 receptis
928 584 1050 605 veterum
1071 578 1182 606 Patrum
1201 579 1302 613 regulis
1317 587 1349 606 ac
1369 579 1511 614 praeceptis
1526 578 1642 609 insistit,
1665 581 1693 604 et
1718 578 1792 604 intra
1810 584 1871 604 suos

239 624 340 652 limites
355 632 385 652 se
401 626 532 652 continet.
550 626 641 661 Itaque
657 627 710 652 duo
729 626 755 652 in
774 626 824 652 Irae
841 633 871 652 re
888 625 992 660 scopuli
1007 633 1181 660 sutmnopere
1196 626 1298 652 vitandi
1314 630 1395 658 sunt,
1413 626 1439 652 in
1460 633 1577 660 quorum
1594 625 1709 652 alterum
1727 624 1871 659 impegisse

240 671 381 703 videntur,
394 672 440 706 qui
456 677 601 706 sequentes
617 672 745 707 tnysticos
761 680 858 699 sensus
870 692 876 704 ,
893 677 920 699 et
934 671 1096 706 allegoricas
1109 672 1346 706 interpretationes
1362 672 1396 699 ab
1412 672 1542 699 historica
1559 678 1700 698 sacrarum
1718 670 1870 696 litterarum

240 717 353 744 veritate
371 717 576 747 discesserunt;
593 719 663 752 apud
680 718 795 745 alterum
810 725 875 745 vero
892 718 989 745 misere
1005 717 1178 752 naufragium
1192 718 1301 750 fecisse,
1319 719 1366 753 qui
1380 718 1517 745 mordicus
1529 717 1637 744 litterali
1654 716 1870 750 interpretationi

239 761 419 796 inhaerentes,
432 763 533 790 relictis
549 769 670 790 veterum
683 769 841 791 sanctorum
855 763 967 791 Patrum
981 764 1102 798 vestigiis
1112 785 1120 798 ,
1138 765 1166 791 in
1190 764 1267 792 devia
1281 772 1313 791 ac
1335 769 1472 799 prterupta
1491 764 1622 791 abeuntes
1646 763 1674 789 in
1697 763 1758 790 luce
1773 762 1871 789 divina:

239 818 333 837 corum
345 811 485 846 sapientiae
496 820 528 839 ac
545 812 664 839 caelestis
675 812 806 839 doctrina:
821 813 1015 848 caligaverunt.
1034 812 1123 847 Atque
1135 812 1170 839 ita
1181 833 1189 845 ,
1205 813 1305 840 clausis
1323 811 1357 838 ad
1377 811 1564 846 evangelicum
1581 811 1673 837 lumen
1698 809 1804 841 oculis,
1827 815 1872 842 per

240 855 355 883 humilia
372 862 522 892 reptantes,
537 858 625 884 solum
639 858 759 884 humana
774 865 806 884 ac
820 862 927 885 terrena
942 857 1134 892 pereipientes,
1149 858 1319 892 maiestatem
1335 857 1381 884 Dei
1398 857 1426 884 in
1440 857 1550 884 Christo
1563 856 1678 883 Domino
1688 855 1784 882 animo
1799 862 1873 881 com-

239 902 407 935 prehendere
419 904 617 937 nequiverunt,
635 903 696 931 ideo
709 911 808 939 negare
821 904 880 931 ausi
895 909 959 931 sunt
972 913 979 936 ;
993 909 1019 931 ct
1034 909 1171 931 sectantes
1186 904 1367 931 humilitatem
1382 903 1477 931 littera:
1490 911 1505 930 a
1519 902 1686 930 sublimitate
1710 901 1872 929 exciderunt

239 947 405 976 Divinitatis.
427 949 464 976 Ex
487 950 586 976 horum
603 957 718 976 numero
735 949 846 976 fuerunt
865 949 985 976 Ebionaai
999 969 1007 981 ,
1030 949 1222 982 Paulianistaz,
1241 949 1432 976 Socinianistaa
1445 970 1452 981 ,
1469 948 1570 984 aliique
1593 948 1707 975 istorum
1728 953 1871 987 sequaces.

239 993 422 1028 Quamobrem
440 1003 473 1022 ne
486 1000 559 1022 recto
576 996 671 1023 itinere
685 996 781 1023 relicto
792 1015 799 1026 ,
818 996 844 1022 in
856 996 952 1023 brevia
968 1003 1000 1022 ac
1016 1000 1104 1030 syrtes
1118 996 1293 1028 aberremus,
1313 995 1339 1021 in
1356 1003 1386 1022 re
1403 999 1457 1022 tam
1473 993 1590 1025 difﬁcili,
1605 993 1727 1028 tantique
1741 991 1872 1018 momentl

240 1041 353 1068 omnino
367 1042 499 1069 servanda
514 1050 529 1069 a
543 1042 621 1069 nobis
635 1046 677 1069 est
694 1042 796 1077 regula,
811 1049 893 1076 quam
909 1042 959 1069 sibi
976 1042 1146 1076 sequendam
1162 1041 1306 1076 proposuit
1319 1044 1432 1068 sanctus
1446 1040 1593 1075 Gregorius
1609 1038 1812 1070 Nazianzenus,
1828 1038 1872 1072 qui

240 1087 267 1114 in
280 1088 404 1115 oratione
417 1088 626 1123 quadragesima
639 1089 775 1116 secunda:
794 1097 803 1114 ί
816 1087 881 1120 Nos,
892 1087 990 1122 inquit,
1005 1088 1092 1115 media
1106 1087 1223 1122 quadam
1238 1087 1282 1114 via
1295 1087 1365 1114 inter
1377 1095 1425 1114 eos
1433 1087 1480 1122 qui
1494 1087 1629 1115 crassiore
1639 1085 1752 1113 omnino
1764 1085 1874 1120 ingenio

239 1137 313 1164 sunt,
331 1138 358 1160 et
372 1140 420 1160 eos
434 1134 479 1167 qui
496 1134 579 1161 nimio
593 1134 832 1169 contemplationis
845 1139 871 1160 et
886 1134 1026 1169 anagogia:
1044 1135 1135 1161 studio
1150 1134 1298 1167 ducuntur,
1315 1134 1483 1165 incedentes,
1496 1138 1527 1161 ut
1538 1141 1588 1160 nec
1602 1139 1715 1167 prorsus
1727 1131 1832 1158 inertes
1844 1138 1873 1157 ac

240 1180 339 1214 torpidi
358 1188 518 1208 maneamus
529 1201 536 1212 ,
554 1189 604 1208 nec
619 1189 717 1208 rursus
732 1181 899 1208 curiosiores
913 1182 1000 1208 simus
1014 1189 1096 1216 quam
1110 1189 1160 1216 par
1174 1182 1227 1215 sit,
1245 1186 1326 1216 atque
1342 1189 1357 1207 a
1376 1181 1515 1216 proposito
1529 1184 1690 1215 argumento
1713 1177 1873 1205 excidamus

239 1231 266 1252 et
280 1234 426 1261 evagemur
439 1228 566 1262 (alterum
583 1229 654 1255 enim
667 1228 811 1255 Judaieum
826 1228 1029 1263 quodammodo
1042 1233 1068 1256 et
1081 1229 1218 1263 abjectum
1229 1248 1237 1260 ,
1255 1228 1371 1255 alterum
1389 1227 1508 1262 ineptum
1520 1248 1527 1260 ,
1546 1234 1577 1254 ac
1593 1225 1762 1253 somniorum
1779 1223 1874 1258 conje-

238 1279 315 1302 ctore
331 1275 459 1309 dignum,
472 1283 619 1310 paremque
634 1281 781 1310 utrumque
795 1276 1033 1310 reprehensionem
1052 1279 1182 1310 meretur)
1195 1297 1202 1308 ,
1215 1275 1338 1315 adhunc
1353 1274 1464 1302 modum
1480 1275 1513 1300 de
1535 1273 1578 1299 his
1599 1272 1681 1298 rebus
1699 1277 1749 1306 pro
1773 1270 1873 1296 virium

240 1327 396 1349 nostrarum
413 1322 523 1349 modulo
540 1331 594 1349 non
610 1323 693 1350 nimis
707 1323 825 1350 absurde
836 1330 885 1349 nec
902 1322 1017 1349 ridicule
1027 1323 1223 1349 disseremus.»
1241 1321 1378 1349 Tenentur
1392 1321 1474 1348 etiam
1493 1320 1578 1346 altera
1588 1316 1874 1352 intcrpretationislex

240 1377 256 1396 a
269 1375 367 1403 magno
383 1368 536 1402 Augustino
553 1368 668 1403 aliisque
684 1367 812 1395 Pati-ibus
825 1368 941 1400 tradita,
959 1372 988 1395 ut
1012 1372 1068 1394 tum
1084 1368 1171 1395 solum
1187 1367 1340 1402 proprietas
1357 1367 1452 1393 littera:
1468 1366 1654 1399 relinquatur,
1671 1363 1694 1390 si
1710 1370 1745 1390 ex
1761 1363 1875 1392 litterali

240 1415 417 1450 intelligentia
429 1416 564 1442 absurdus
580 1415 730 1450 Scriptura:
744 1422 855 1446 sensus,
874 1415 915 1442 vel
932 1415 1075 1442 catholica:
1087 1415 1215 1442 Ecclesia:
1230 1415 1361 1441 doctrinae
1373 1419 1399 1441 et
1411 1412 1549 1440 traditioni
1566 1411 1720 1439 contrarius
1734 1410 1873 1437 eliciatur.

241 1462 290 1489 Sin
303 1469 382 1490 secus
392 1483 400 1495 ,
414 1463 451 1490 ita
468 1463 612 1498 mysticum
627 1467 653 1490 et
667 1463 843 1497 allegoricum
859 1470 969 1490 sensum
985 1470 1000 1489 a
1015 1462 1143 1490 Patribus
1156 1462 1300 1497 probatum
1318 1461 1396 1496 sequi
1412 1461 1518 1496 placeat
1530 1479 1538 1491 ,
1555 1464 1584 1487 ut
1603 1458 1754 1494 proprietas
1776 1459 1876 1485 litterae

240 1515 295 1534 non
309 1508 476 1542 repudietur.
495 1507 582 1535 Verba
599 1507 744 1542 Augustini
761 1508 788 1534 in
806 1507 875 1534 libro
897 1515 957 1539 vni,
972 1515 1033 1542 cap.
1055 1508 1067 1534 I
1093 1507 1132 1534 De
1151 1507 1242 1535 Genesi
1262 1507 1296 1533 ad
1314 1508 1449 1538 litteram,
1463 1506 1509 1533 ubi
1530 1506 1652 1540 loquitur
1671 1505 1705 1531 de
1726 1504 1874 1538 paradiso,

240 1553 304 1579 talia
319 1557 400 1579 sunt:
423 1561 431 1578 ι
445 1552 516 1579 Sane
529 1552 552 1578 si
569 1552 643 1579 nullo
660 1551 742 1579 modo
757 1558 869 1586 possent
880 1552 1022 1579 salva'lide
1036 1553 1159 1580 veritatis
1169 1561 1200 1579 ea
1210 1573 1218 1585 ,
1233 1560 1294 1587 qua:
1309 1552 1488 1587 corporaliter
1500 1551 1544 1578 hic
1561 1551 1701 1578 nominata
1717 1555 1783 1576 sunt
1794 1570 1802 1582 ,
1817 1558 1876 1577 cor-

239 1599 373 1634 poraliter
382 1599 465 1626 etiam
478 1598 576 1633 accipi,
592 1598 657 1633 quid
673 1598 746 1625 aliud
761 1603 930 1629 remaneret,
947 1598 998 1625 nisi
1017 1603 1046 1625 ut
1058 1607 1088 1625 ea
1101 1599 1191 1633 potius
1208 1599 1321 1633 figurate
1338 1599 1411 1626 dicta
1436 1598 1650 1632 intelligeremus
1661 1617 1668 1628 ,
1693 1604 1776 1631 quam
1802 1596 1877 1623 Scri-

239 1649 348 1679 pturam
364 1649 488 1672 sanctam
504 1644 586 1678 impie
598 1644 791 1678 culpat-emus?
807 1643 891 1671 Porro
901 1649 991 1671 autent
1009 1644 1030 1671 si
1050 1652 1103 1671 non
1119 1645 1207 1671 solum
1226 1653 1278 1672 non
1292 1645 1463 1680 impediunt,
1480 1652 1576 1671 verum
1593 1644 1674 1671 etiam
1697 1643 1818 1671 solidius
1835 1650 1876 1670 as-

239 1696 335 1719 serunt
348 1691 433 1718 divini
450 1691 552 1725 eloquii
565 1691 749 1717 narrationem
766 1690 823 1717 haec
838 1691 919 1717 etiam
935 1690 1113 1725 corporaliter
1127 1691 1263 1718 intellecta
1275 1713 1282 1724 ,
1298 1699 1379 1719 nemo
1391 1692 1461 1723 erit,
1479 1695 1508 1718 ut
1522 1692 1619 1725 opinor
1630 1711 1636 1723 .
1656 1696 1710 1717 tam
1728 1691 1877 1718 infideliter

239 1734 380 1773 pertinax,
392 1737 450 1772 qui,
467 1744 528 1763 cum
545 1743 577 1763 ca
593 1736 743 1763 secundum
759 1736 880 1770 regulam
895 1735 1090 1770 Iideiexposita
1103 1737 1211 1771 proprie
1224 1737 1333 1770 viderit,
1346 1737 1423 1764 malit
1441 1737 1467 1764 in
1483 1737 1593 1772 propria
1606 1744 1748 1764 remanere
1761 1742 1875 1764 senten-

239 1786 291 1818 tia,
307 1784 330 1812 si
343 1783 414 1811 forte
430 1783 469 1810 illi
483 1784 541 1810 visa
556 1783 681 1814 fuerant,
700 1781 811 1808 nonnisi
827 1781 941 1815 ﬁgurate
956 1788 1035 1815 posse
1050 1781 1146 1816 accipi.
1161 1791 1170 1808 ι
1198 1781 1312 1810 Demum
1329 1783 1362 1809 ad
1389 1783 1447 1810 hac
1469 1788 1495 1810 et
1521 1783 1587 1810 illud
1612 1783 1766 1810 addendum
1789 1788 1875 1818 puto,

239 1822 516 1867 quoddocet‘beatus
528 1829 648 1857 Joannes
660 1828 892 1864 Chrysostomus,
911 1828 1033 1854 omnium
1050 1828 1096 1862 qui
1120 1836 1239 1863 unquam
1266 1829 1376 1856 fuerunt
1402 1834 1449 1856 aut
1472 1836 1536 1858 sunt
1560 1830 1763 1865 Scripturarum
1788 1831 1874 1858 inter-

239 1884 339 1914 pretes,
354 1878 608 1914 praestantissimus,
624 1882 650 1903 et
662 1875 735 1911 quod
753 1883 849 1903 omnes
870 1882 926 1909 prae
938 1875 1026 1902 oculis
1044 1875 1143 1902 haltere
1158 1877 1268 1909 debent,
1287 1877 1333 1912 qui
1350 1885 1444 1905 sacras
1460 1877 1616 1913 Seripturas
1631 1878 1812 1912 interpretari
1829 1884 1874 1904 aut

239 1926 328 1960 legere
340 1925 550 1960 aggrediuntur:
569 1923 682 1957 «Neque
704 1921 796 1955 enim,
821 1921 911 1956 inquit
931 1922 1002 1957 (5i),
1027 1922 1158 1956 sapientia
1187 1922 1306 1950 humana
1334 1932 1403 1959 opus
1419 1924 1500 1952 habet
1513 1925 1603 1952 divina
1622 1924 1780 1959 Scriptura,
1799 1930 1832 1952 ut
1845 1933 1873 1952 ea

239 1980 300 2007 quae
314 1972 415 2006 scripta
429 1976 503 2001 sunt,
520 1969 714 2003 intelligantur,
733 1967 780 1994 sed
792 1967 958 1994 revelatione
973 1966 1102 2001 Spiritus,
1117 1971 1147 1994 ut
1159 1974 1252 1994 verum
1268 1976 1379 1996 sensum
1391 1977 1486 1997 eorum
1502 1977 1563 2005 qum
1576 1970 1602 1997 in
1615 1970 1669 1998 illis
1684 1971 1872 1999 cominenturv

238 2019 430 2055 pereipientes,
447 2024 573 2052 magnum
589 2015 651 2042 inde
666 2014 816 2041 referamus
833 2013 987 2040 utilitatem.
1001 2023 1009 2039 ι

274 2065 345 2092 XIX.
362 2064 495 2092 Caeterum
521 2061 653 2097 mysticus
676 2068 723 2087 seu
745 2060 907 2095 allegoricus
925 2058 1130 2093 Scripturarum
1145 2067 1242 2087 sensus
1255 2061 1432 2093 {auctoritate
1449 2061 1517 2088 Novi
1543 2061 1710 2089 Testameuti
1732 2062 1871 2090 innititur.

239 2115 345 2142 Passim
358 2114 431 2140 enim
445 2115 593 2139 Occurrunt
605 2111 631 2136 in
651 2108 807 2144 Evangeliis
823 2113 850 2134 et
861 2107 1000 2134 canonicis
1015 2107 1144 2142 Epistolis
1159 2108 1267 2143 mystici
1283 2117 1369 2136 sacra:
1384 2108 1532 2143 Scriptura:
1544 2117 1642 2136 sensus
1665 2114 1692 2136 et
1717 2110 1873 2146 allegorica:

239 2162 445 2198 explicationes.
456 2159 545 2192 Quare
562 2163 676 2190 magnus
689 2154 837 2190 Gregorius
850 2162 991 2190 exponens
1006 2153 1131 2182 Romano
1144 2155 1246 2190 populo
1261 2155 1418 2190 parabolam
1431 2155 1504 2182 illam
1521 2155 1553 2183 de
1567 2156 1677 2182 homine
1690 2156 1737 2190 qui
1749 2157 1873 2186 exiverat

239 2207 272 2234 ad
285 2205 473 2234 seminandum
483 2223 489 2235 ,
505 2207 576 2229 recte
593 2201 699 2228 aiebat:
714 2210 722 2226 ι
738 2199 767 2227 Si
784 2207 832 2227 nos
844 2199 922 2227 vobis
934 2207 1027 2227 semen
1040 2200 1152 2227 verbum
1165 2219 1173 2232 ,
1190 2208 1286 2235 agrum
1303 2201 1453 2233 mundum,
1468 2202 1592 2228 volucres
1605 2201 1740 2228 daemonia
1754 2222 1762 2234 ,
1777 2204 1873 2238 Spinas

238 2253 348 2280 divitias
361 2250 516 2286 signiﬁcare
531 2248 699 2279 diceremus,
714 2247 747 2274 ad
760 2246 926 2274 credendum
946 2246 1024 2273 nobis
1046 2254 1123 2274 mens
1141 2246 1255 2274 forsitan
1273 2252 1362 2274 vestra
1381 2247 1534 2282 dubitaret;
1551 2248 1622 2275 unde
1637 2253 1663 2276 et
1681 2248 1753 2276 idem
1775 2249 1873 2277 Domi-

239 2305 291 2324 nus
305 2305 351 2331 per
371 2294 547 2328 semetipsum
563 2291 688 2326 dignatus
702 2295 744 2318 est
761 2298 896 2326 exponere
912 2290 984 2325 quod
1001 2291 1125 2324 dicebat,
1141 2296 1171 2318 ut
1188 2292 1282 2319 sciatis
1300 2300 1390 2319 rerum
1411 2293 1625 2327 significationes
1638 2302 1762 2328 quaerere
1787 2295 1816 2323 in
1840 2297 1873 2323 iis

238 2345 320 2371 etiam
337 2349 398 2376 quae
411 2349 458 2376 per
473 2339 648 2377 semetipsum
663 2337 751 2364 noluit
763 2337 912 2370 explicare.
927 2336 1094 2371 Exponendo
1109 2345 1173 2373 ergo
1188 2339 1259 2373 quod
1278 2339 1363 2371 dixit,
1379 2339 1494 2374 figurate
1510 2347 1539 2366 se
1555 2339 1628 2374 loqui
1646 2339 1767 2367 innotuit
1778 2360 1786 2372 ,
1805 2350 1874 2377 quae

239 2396 318 2417 tenus
332 2392 422 2415 certos
435 2393 484 2413 vos
501 2386 639 2416 redderet,
657 2391 718 2411 cum
733 2383 810 2410 vobis
829 2386 922 2409 nostra
935 2381 1068 2417 fragilitas
1084 2384 1228 2410 verborum
1247 2385 1320 2412 illius
1337 2385 1436 2420 ﬁguras
1451 2387 1579 2420 aperiret.
1593 2395 1602 2412 )
1625 2385 1659 2413 Et
1672 2387 1784 2421 quidem
1811 2393 1873 2423 quis

239 2442 359 2470 unquam
377 2433 429 2460 sibi
443 2431 615 2466 persuaderet
629 2437 678 2464 per
690 2430 760 2456 duos
778 2428 894 2454 Abrahae
909 2427 980 2454 filios
991 2448 998 2459 ,
1013 2436 1130 2462 quorum
1149 2437 1219 2457 unus
1232 2436 1313 2457 natus
1323 2435 1366 2458 est
1376 2431 1410 2458 de
1424 2432 1521 2458 ancilla
1532 2452 1540 2465 ,
1556 2432 1624 2459 alter
1641 2432 1674 2459 de
1694 2432 1781 2460 libera
1795 2455 1803 2466 ,
1819 2435 1873 2460 duo

239 2481 412 2509 Testamenta
423 2477 588 2513 significari,
605 2483 689 2503 unum
703 2475 813 2509 quidem
830 2474 856 2500 in
870 2477 962 2500 monte
976 2473 1042 2500 Sina
1055 2474 1081 2500 in
1099 2475 1259 2502 servitutem
1284 2483 1438 2511 generatis;
1454 2477 1569 2504 alterum
1583 2485 1647 2505 vero
1663 2478 1691 2504 in
1714 2478 1870 2506 libertatem

239 2529 355 2555 Iiliorum
373 2525 438 2558 Dei,
455 2532 508 2559 qua
523 2523 650 2551 Christus
667 2529 716 2548 nos
730 2520 842 2547 donavit
855 2519 882 2545 '?
896 2519 964 2552 Quis
977 2520 1098 2547 crederet
1112 2528 1159 2555 per
1172 2521 1341 2549 sacerdotem
1354 2522 1551 2550 Melchisedech
1565 2528 1697 2551 azternum
1713 2526 1870 2558 pontiﬁcem

236 2573 376 2601 Christum
391 2571 565 2602 Dominum’,
579 2577 627 2604 per
638 2566 844 2594 tabernaculum
861 2565 961 2592 coelum
971 2565 990 2597 ',
1005 2573 1051 2599 per
1065 2566 1226 2601 sanguinem
1246 2569 1397 2600 hircorum,
1413 2573 1440 2595 et
1456 2567 1604 2595 vitulorum
1619 2569 1785 2604 sanguinem
1797 2570 1872 2604 ejus-

236 2619 298 2646 dem
315 2616 418 2644 Christi
429 2615 553 2646 Domini,
570 2620 614 2648 per
632 2611 733 2638 Sancta
749 2613 907 2636 sanctorum
922 2609 1036 2636 interius
1051 2610 1111 2637 caeli
1132 2610 1236 2639 aditum
1253 2612 1445 2640 adumbratum
1465 2612 1588 2642 fuisse‘?
1610 2612 1677 2646 Quis
1703 2614 1731 2641 in
1746 2615 1870 2641 animum

272 2676 281 2692 ¹
295 2675 382 2704 Galat.
401 2683 437 2707 Iv,
455 2674 500 2704 22,
515 2673 562 2704 ‘25,
580 2679 656 2706 seqq.
695 2670 704 2684 '
718 2667 800 2696 Hebr.
819 2675 879 2700 vtu,
895 2668 907 2694 I
927 2675 1004 2702 seqq.
1054 2668 1063 2684 ³
1077 2667 1159 2696 Hebr.
1173 2678 1230 2703 vm,
1245 2670 1262 2698 5
1275 2679 1351 2706 seqq.
1391 2671 1402 2686 "
1418 2670 1498 2698 Hebr.
1513 2679 1550 2704 Ix,
1564 2671 1591 2703 5,
1604 2671 1634 2698 II
1655 2679 1734 2707 seqq.

273 2733 329 2770 (50)
341 2733 440 2770 Epiph.
454 2733 520 2760 hmr.
537 2738 611 2758 Lx-xn
627 2750 633 2763 ,
650 2736 709 2763 cap.
726 2727 763 2762 2;
778 2727 850 2755 Hier.
863 2726 940 2761 praef.
957 2727 1031 2754 hom.

1111 2730 1195 2762 aut;
1209 2729 1282 2766 Orig.
1298 2731 1372 2758 hom.
1386 2731 1412 2758 in
1428 2730 1492 2759 Luc.
1503 2739 1513 2764 ;
1524 2731 1576 2758 Tit.
1590 2730 1730 2765 Bostren.,
1743 2730 1868 2767 Theoph.

236 2771 270 2796 ad
283 2778 324 2803 pr.
335 2769 402 2795 Luc.

273 2805 330 2839 (51)
344 2803 423 2830 Hom.
440 2803 467 2828 in
483 2800 575 2828 Genet.
