1919 3051
50 75 98 102 (ῖιῖ
398 73 443 100 DE
463 72 602 101 TITULIS
621 73 846 102 PSALMORUM.
866 89 900 93 -
921 73 1115 102 ANTONELLI
1135 72 1331 102 PREFATIO.
1615 74 1668 101 635

50 141 127 162 suum
144 133 283 161 induceret
299 141 345 168 per
362 134 488 160 animalia
500 154 507 166 ,
524 142 639 168 quorum
655 134 766 170 sanguis
780 134 945 162 inferebatur
959 142 1008 169 pro
1021 139 1133 170 peccato
1148 134 1174 161 in
1192 133 1290 162 Sancta
1307 141 1354 169 per
1366 133 1518 169 pontiﬁcem
1531 153 1538 165 .
1554 141 1667 168 corpora

49 183 135 206 autem
149 179 338 206 cremabantur
349 183 425 205 extra
441 184 532 206 castra
545 201 553 212 ,
568 179 715 207 indicatum
729 188 789 207 esse
803 179 907 213 Jesum,
924 184 954 207 ut
965 180 1147 208 sanetilicaret
1169 187 1217 215 per
1229 187 1309 207 suum
1335 179 1495 214 sanguinem
1514 179 1643 214 populum
1658 199 1666 211 ,

49 230 122 252 extra
143 231 248 260 portam
265 225 380 253 civitatis
393 225 543 254 Jerusalem
565 235 709 262 passurum
731 235 809 260 esse;
840 228 893 255 nisi
915 228 973 255 haec
986 228 1076 255 divina
1092 232 1119 255 et
1130 227 1288 255 admiranda
1300 227 1428 263 mysteria
1439 227 1518 254 nobis
1528 226 1667 262 apostolus

48 269 147 298 Paulus
161 271 314 306 aperiret“?
330 271 414 306 Cujus
429 272 455 299 in
471 277 588 300 mentem
607 281 726 309 unquam
743 273 869 306 venisset,
884 281 931 308 per
943 273 1046 306 Adam,
1063 273 1110 308 qui
1124 273 1246 300 immisso
1265 281 1280 300 a
1297 272 1411 300 Domino
1431 279 1548 307 sopore,
1566 275 1594 299 et
1617 275 1663 306 per

49 317 145 350 Evam,
158 325 240 352 quam
256 326 288 345 ex
310 319 470 346 dormientis
486 323 563 346 costa
580 319 608 346 in
620 320 761 347 mulierem
777 319 848 348 Deus
862 320 1034 352 aediﬁcavit“,
1050 324 1078 347 et
1093 319 1125 346 de
1142 326 1194 354 qua
1214 319 1316 346 dictum
1333 319 1392 346 est7
1407 327 1413 346 :
1431 318 1608 351 Quamobrem
1622 325 1666 344 re-

49 365 145 399 linquet
160 365 237 392 homo
248 369 347 400 patrem
368 373 445 392 suum
456 385 463 398 ,
475 370 500 392 et
514 371 623 393 matrem
634 386 641 399 ,
654 371 678 393 et
693 367 836 394 adluerebit
848 368 926 394 uxori
936 375 1001 400 sum,
1012 371 1036 394 et
1051 370 1127 393 erunt
1140 366 1191 392 duo
1209 366 1236 392 in
1249 373 1328 392 carne
1339 373 1392 392 una
1404 372 1413 391 :
1425 365 1564 392 Christum
1580 363 1664 399 signi-

48 410 118 437 licari
130 414 156 437 et
170 409 328 443 Ecclesium,
344 418 405 446 quae
421 418 454 438 ex
469 411 553 439 latere
563 411 666 439 Christi
677 412 784 440 Domini
797 414 931 448 sanguine
945 418 972 441 et
985 421 1055 448 aqua
1066 413 1166 440 ﬂuente
1181 411 1378 439 obdormientis
1394 411 1420 438 in
1431 419 1523 444 cruce,
1540 410 1664 438 immisso

48 458 207 485 voluntaria
225 458 319 486 mortis
332 465 431 493 sopore
441 479 450 492 ,
465 459 604 487 ell‘ormata
617 464 677 493 est,
692 465 719 487 et
736 461 867 496 sanguine
881 461 967 496 ipsius
984 461 1136 494 redempta,
1150 463 1177 487 et
1193 467 1263 494 aqua
1277 459 1402 494 baptismi
1419 458 1587 486 sanctiﬁcata
1598 477 1606 490 ,
1629 458 1665 484 ob

49 512 127 539 quam
144 505 256 540 reliquit
271 505 326 540 (52)
344 510 476 533 aeternum
495 513 576 533 suum
594 505 700 533 Patrem
714 528 721 540 ,
739 507 907 534 descr-ndens
922 507 979 542 ipse
993 508 1026 534 de
1037 507 1116 538 celo,
1132 511 1162 534 ut
1175 507 1320 534 humanam
1334 512 1443 533 carnem
1465 504 1625 539 susciperet,
1639 507 1665 530 ct

47 552 160 580 deseruit
178 557 303 586 matrem,
315 561 411 588 nempe
427 553 559 589 ingratam
572 559 598 582 et
611 554 778 582 iucredulam
792 554 973 593 Synagogam,
986 555 1056 582 unde
1068 555 1211 589 originem,
1224 558 1254 581 ut
1268 554 1361 586 homo,
1376 552 1501 583 ducebat,
1519 555 1549 578 ut
1562 551 1664 578 scilicet

47 599 191 626 adhaereret
207 598 336 626 Ecclesia:
350 599 487 632 ﬁdelium,
504 604 532 627 et
543 600 603 634 ejus
621 605 702 635 caput
715 601 849 628 exsistens
865 601 1010 636 mysticum
1028 601 1094 628 illud
1108 609 1206 636 corpus
1219 599 1390 632 eﬁ‘ormaret;
1413 598 1464 625 nisi
1482 598 1552 624 idem
1568 597 1663 624 beatus

47 647 181 680 apostolus
195 646 375 673 admiratione
392 646 599 681 obstupefactus
614 647 646 674 ad
661 647 706 674 illa
720 647 802 675 verba
819 647 941 675 clamans
957 648 1080 675 diceret:
1102 647 1304 675 Sacramentum
1323 647 1371 673 hoc
1393 652 1517 680 maguum
1531 649 1591 676 est;
1618 652 1664 679 ego

47 698 130 719 autem
139 692 200 719 dico
215 692 241 718 in
255 691 370 725 Christo,
385 696 409 718 et
426 692 454 718 in
471 692 588 720 Ecclesia
597 694 618 721 '.
633 692 700 726 Quis
711 693 778 724 btec,
791 697 819 720 et
832 693 949 728 plurima
964 693 1027 726 alia,
1044 701 1104 728 quae
1120 693 1146 720 in
1159 693 1259 720 divinis
1268 692 1345 720 Pauli
1362 684 1460 719 litteris
1477 691 1663 725 continentur,

47 747 160 775 unquam
176 740 314 768 crederet.
329 739 382 767 nisi
396 747 429 767 ea
444 748 493 767 nos
508 741 602 768 beatus
615 741 755 775 apostolus
770 741 915 769 edoceret?
927 740 1019 776 Neque
1035 741 1096 768 ideo
1108 739 1236 775 Origenes
1252 739 1459 775 reprehenditur
1471 739 1506 766 ab
1520 738 1664 766 Eustathio

47 792 158 822 martyre
170 786 342 814 Antiocheno
357 787 413 822 (53)
425 807 432 820 ,
447 795 462 814 a
478 795 577 822 magno
590 787 692 815 Basilio
703 788 758 823 (54)
769 808 776 820 ,
791 787 895 816 Joanne
910 788 1105 824 Chrysostomo
1118 788 1174 823 (55)
1185 808 1192 818 .
1208 787 1374 822 Epiphanio,
1392 786 1553 821 Theophilo,
1569 786 1664 813 Hiero-

48 841 122 868 nymo
135 833 211 869 (56),
225 833 351 868 aliisque,
369 833 441 868 quod
455 833 604 868 spiritalem
621 833 824 869 Scripturarum
840 841 950 862 sensum
962 833 1130 868 exposuerit,
1149 833 1189 861 vel
1201 833 1273 868 quod
1289 833 1390 868 ingenii
1404 832 1514 859 solertia
1532 831 1662 864 caruerit,

47 879 95 914 igua
106 880 249 915 mysticos,
268 886 341 914 quos
355 887 448 907 revera
466 880 653 914 complectitur
672 879 812 915 Scriptura
825 888 932 913 sensus,
946 880 1137 915 investigaret;
1155 879 1202 907 sed
1214 879 1285 914 quod
1298 887 1328 906 ea
1343 879 1369 905 in
1383 885 1414 906 re
1427 878 1541 905 nimium
1555 877 1664 912 ingenio

47 932 92 952 suo
106 926 259 958 indulserit,
276 929 302 954 et
321 930 411 960 spreto
422 925 530 953 litterali
545 933 626 953 sensu
641 926 783 961 allegorias
796 926 933 962 quaasierit
949 926 1015 954 locis
1026 927 1218 961 propemodum
1231 925 1391 957 innumeris,
1409 931 1425 951 a
1439 923 1538 958 quibus
1551 931 1662 958 prorsus

47 971 135 999 alienae
149 975 226 998 sunt.

77 1016 131 1044 XX.
144 1016 174 1044 Et
190 1015 301 1052 quidem
318 1021 421 1045 veteres
440 1016 568 1045 Ecclesia:
587 1016 714 1046 doctores
728 1018 809 1045 etiam
823 1017 869 1045 ubi
886 1017 972 1046 sacris
988 1017 1136 1053 Scripturis
1150 1017 1317 1052 explicandis
1332 1016 1474 1044 litteralem
1488 1015 1580 1051 potius
1599 1023 1662 1043 sen-

47 1071 99 1091 tum
114 1073 195 1100 quam
213 1064 389 1100 allegoricum
403 1065 488 1092 secuti
507 1068 585 1097 sunt,
602 1065 750 1099 spiritalem
767 1070 856 1092 tamen
868 1073 900 1093 ac
915 1065 1059 1100 mysticum
1077 1070 1228 1100 agnoscunt
1240 1073 1272 1092 ac
1284 1065 1410 1099 probant,
1422 1070 1449 1092 et
1463 1064 1581 1099 primum
1599 1071 1662 1091 cor-

47 1110 110 1145 pori,
124 1111 243 1137 alterum
260 1118 324 1137 vero
338 1111 435 1137 animas
442 1114 612 1145 comparant.
622 1109 806 1138 Tertullianus
819 1119 901 1146 agens
909 1111 942 1138 de
955 1110 1085 1138 Oratione
1098 1111 1238 1138 Dominica
1253 1111 1310 1146 (57)
1323 1121 1328 1138 :
1347 1120 1356 1137 ι
1368 1110 1542 1146 Quanquam,
1558 1110 1660 1145 inquit»

47 1157 137 1184 Panem
163 1163 287 1185 nostrum
310 1158 493 1193 quotidianum
519 1158 555 1184 da
580 1158 654 1185 nobis
680 1158 768 1191 hodie,
796 1159 954 1194 spiritaliter
979 1159 1070 1193 potius
1106 1158 1299 1193 intelligamus.
1326 1159 1451 1186 Christus
1480 1158 1552 1186 enim
1579 1158 1658 1192 panis

47 1209 128 1231 noster
143 1209 194 1235 est,
213 1204 279 1239 quia
297 1204 348 1231 vita
361 1203 497 1237 Christus,
513 1209 539 1232 et
553 1204 606 1232 vita
618 1205 706 1239 panis,
717 1209 769 1231 etc.
784 1203 876 1239 Itaque
889 1206 1004 1239 petendo
1015 1213 1111 1240 panem
1125 1204 1325 1240 quotidianum,
1344 1204 1550 1239 perpetuitatem
1565 1208 1660 1238 postu-

48 1249 125 1277 lamus
139 1251 166 1277 in
183 1250 307 1284 Christo,
324 1256 351 1278 et
366 1251 581 1279 individuitatcm
597 1260 612 1279 a
629 1259 742 1287 corpore
753 1251 823 1287 ejus.
841 1251 894 1279 Sed
916 1257 943 1279 et
959 1253 1022 1287 quia
1043 1253 1187 1280 carnaliter
1203 1252 1357 1279 admittitur
1372 1252 1424 1279 ista
1451 1258 1516 1282 vox,
1530 1258 1584 1278 non
1602 1250 1662 1278 sine

47 1299 166 1333 religione
177 1303 270 1333 potest
283 1299 340 1326 ﬁeri
354 1303 380 1326 et
397 1299 526 1333 spiritalis
540 1299 699 1334 disciplinae.
718 1299 818 1327 Panem
833 1299 906 1326 enim
921 1300 975 1327 neti
994 1299 1113 1332 mandat,
1131 1300 1203 1335 quod
1224 1300 1313 1328 solum
1336 1299 1461 1327 ﬁdelibus
1474 1299 1659 1326 necessarium

47 1349 95 1377 est;
106 1349 201 1372 caetera
218 1345 294 1372 enim
310 1346 434 1373 nationes
449 1346 601 1381 requirunt.
621 1345 671 1374 Ubi
690 1346 808 1374 dictione
823 1347 868 1374 illa
884 1347 1042 1382 spiritaliter
1056 1347 1231 1382 allegoricum
1245 1351 1272 1375 et
1284 1347 1427 1382 mysticum
1438 1347 1582 1374 verborum
1597 1354 1659 1374 sen-

48 1399 112 1424 sum,
129 1393 174 1420 illa
189 1400 258 1420 vero
273 1393 415 1420 carnaliter
429 1393 570 1421 liltcralem
591 1394 734 1429 signiﬁcat.
750 1403 759 1420 ›
779 1393 834 1422 Nec
850 1394 1016 1422 dissimiliter
1031 1395 1219 1423 sanctissimus
1238 1400 1340 1431 martyr
1355 1394 1506 1430 Cyprianus
1518 1394 1662 1422 Tertullia-

48 1448 116 1474 num,
132 1448 214 1476 quem
242 1441 401 1476 magistrum
416 1442 538 1475 vocabat,
556 1447 677 1475 secutus,
694 1442 808 1477 loquens
821 1442 855 1470 de
869 1442 962 1470 eadem
980 1442 1118 1470 Orationis
1139 1442 1287 1470 Dominicz
1303 1443 1432 1478 petitione
1454 1443 1511 1478 ('58)
1530 1452 1536 1470 :
1557 1452 1566 1469 ι
1582 1443 1660 1476 Quod

48 1491 138 1521 potest,
150 1489 198 1521 ait,
217 1492 247 1516 et
262 1488 429 1523 spiritaliter,
454 1493 480 1517 et
495 1489 655 1524 simpliciter
670 1490 784 1526 intelligi
802 1499 809 1517 :
825 1490 889 1525 quia
905 1495 932 1518 et
947 1495 1060 1526 uterque
1085 1491 1240 1519 intellectus
1257 1491 1373 1519 utilitate
1391 1491 1482 1519 divina
1506 1491 1612 1526 proﬁcit
1626 1491 1660 1519 ad

47 1535 162 1564 salutem.
178 1535 250 1563 Nam
265 1536 342 1570 panis
355 1536 416 1564 vitae
438 1535 564 1565 Christus
583 1541 633 1569 est,
657 1542 684 1565 et
699 1538 777 1572 panis
797 1538 842 1565 hic
858 1538 981 1566 omnium
998 1546 1052 1566 non
1065 1542 1116 1571 est,
1134 1538 1181 1566 sed
1197 1542 1290 1566 noster
1303 1543 1355 1570 est,
1373 1543 1425 1566 etc.
1441 1538 1533 1566 Potest
1551 1545 1614 1565 vero
1633 1542 1660 1565 et

47 1582 81 1609 sic
93 1583 213 1618 intelligi,
234 1589 263 1610 ut
277 1583 322 1618 qui
338 1584 437 1611 saeculo
454 1585 679 1618 renuntiavimus,
698 1589 725 1613 et
744 1586 853 1614 divitias
869 1586 938 1622 ejus,
962 1590 990 1614 et
1006 1593 1118 1621 pompas
1143 1586 1195 1614 ﬁde
1217 1586 1311 1621 gratiae
1328 1586 1476 1621 spiritualis
1499 1585 1658 1621 abiecimus,

46 1629 127 1657 cibum
144 1631 224 1658 nobis
243 1636 346 1658 tantum
368 1636 492 1666 petamus
507 1636 534 1660 et
555 1633 667 1661 victum.
687 1633 875 1666 IQuibuscum
894 1634 1030 1662 consentit
1046 1634 1140 1661 beatus
1153 1634 1321 1669 Augustinus
1334 1633 1401 1670 ('59),
1418 1634 1465 1669 qui
1489 1634 1602 1668 loquens
1626 1633 1659 1661 de

47 1676 163 1708 paradiso
179 1678 213 1704 ab
229 1675 346 1712 Origene
358 1678 471 1712 ejusque
485 1678 625 1713 discipulis
640 1687 693 1707 non
706 1680 824 1715 proprie,
841 1680 888 1708 sed
900 1680 1013 1715 ﬁgurate
1028 1680 1165 1707 intellecto
1180 1688 1186 1707 :
1205 1689 1214 1705 ι
1232 1679 1316 1712 Quasi
1325 1685 1478 1715 propterea,
1493 1679 1591 1714 inquit,
1603 1686 1658 1706 non

46 1722 154 1754 potuerit
163 1730 224 1751 esse
242 1724 383 1757 paradisus
395 1724 555 1758 corporalis,
566 1724 629 1759 quia
647 1729 736 1759 potest
757 1725 840 1753 etiam
864 1715 994 1760 spiritalis
1010 1725 1141 1760 intelligi?
1156 1724 1298 1760 Tanquam
1320 1725 1382 1752 ideo
1403 1731 1457 1751 non
1483 1723 1584 1751 fuerint
1598 1724 1659 1751 duae

48 1767 174 1800 mulieres,
198 1768 274 1803 Agar
292 1773 318 1796 et
333 1768 410 1802 Sara,
424 1774 450 1796 et
466 1777 498 1797 ex
515 1770 569 1798 illis
589 1770 643 1798 duo
659 1770 707 1798 ﬁlii
725 1769 852 1803 Abrahte,
868 1778 940 1798 unus
954 1770 988 1798 de
1008 1771 1117 1802 ancilla,
1133 1775 1160 1798 et
1174 1770 1244 1798 alius
1259 1770 1292 1797 de
1305 1770 1408 1802 libera;
1427 1769 1491 1804 quia
1505 1769 1561 1796 duo
1575 1773 1659 1796 testa-

47 1820 128 1843 menta
145 1817 172 1843 in
191 1817 235 1843 eis
252 1816 364 1852 ﬁgurata
383 1817 449 1844 dicit
463 1818 627 1852 Apostolus;
639 1823 686 1846 aut
709 1818 769 1846 ideo
782 1818 815 1846 de
830 1819 903 1845 nulla
924 1822 1012 1853 petra,
1024 1818 1116 1854 Moyse
1139 1818 1317 1851 percutiente,
1334 1825 1403 1852 aqua
1418 1816 1571 1848 deﬂuxerit,
1594 1815 1658 1850 quia

46 1865 126 1893 potest
145 1862 200 1890 illic
231 1861 346 1897 ﬁgurata
369 1862 566 1898 signiﬁcatione
581 1863 662 1891 etiam
685 1863 810 1891 Christus
828 1863 952 1900 intelligi,
978 1863 1072 1890 eodem
1096 1863 1227 1898 Apostolo
1249 1863 1376 1890 dicente:
1392 1861 1472 1888 Petra
1497 1866 1585 1888 autem
1601 1865 1658 1887 erat

47 1908 198 1938 Christus".
214 1909 301 1937 Nemo
315 1910 404 1944 itaque
426 1911 549 1945 prohibet
566 1911 713 1947 intelligere
728 1911 896 1946 paradisum,
914 1911 996 1938 vitam
1014 1911 1174 1943 beatorum;
1190 1914 1307 1946 quatuor
1323 1909 1382 1944 ejus
1399 1908 1521 1941 ﬁumina,
1540 1911 1658 1942 quatuor

47 1956 161 1990 virtutes,
179 1962 233 1985 etc.
251 1956 314 1984 Haec
334 1962 361 1984 et
376 1957 401 1984 si
423 1965 476 1992 qua
501 1958 554 1985 alia
577 1958 748 1985 commodius
772 1957 825 1985 dici
840 1963 955 1993 possunt
970 1957 1004 1984 de
1028 1957 1202 1992 intelligendo
1227 1956 1382 1991 spiritaliter
1394 1955 1532 1990 paradiso,
1549 1953 1658 1981 nemine

47 2005 207 2038 prohibente,
225 2004 374 2032 dicantur:
388 2005 452 2032 dum
466 2010 555 2032 tamen
572 2005 646 2033 illius
662 2005 782 2033 historia).
794 2006 892 2033 veritas
909 2005 1067 2032 ﬁdelissima
1085 2012 1175 2032 rerum
1191 2009 1328 2040 gestarum
1345 2003 1501 2031 narratione
1520 2009 1658 2030 commeo.

46 2052 100 2080 data
115 2057 252 2081 teneatur.
269 2062 278 2078 ι
289 2052 336 2080 His
347 2058 436 2081 autem
452 2053 513 2081 addi
532 2058 646 2089 possunt
659 2054 749 2081 caeteri
761 2062 855 2082 omnes
867 2053 960 2081 Patres
974 2057 1107 2088 quotquot
1118 2053 1144 2079 in
1159 2052 1277 2080 Ecclesia
1294 2051 1499 2079 Deiﬁoruerunt
1513 2051 1549 2078 ab
1560 2052 1657 2078 exortu

47 2097 198 2125 Christianae
210 2098 275 2126 ﬁdei
288 2098 320 2125 ad
330 2103 466 2133 postrema
478 2106 564 2133 usque
580 2103 607 2126 et
617 2099 690 2126 aetati
707 2103 808 2126 nostra:
822 2101 949 2134 propiora
967 2099 1074 2126 szecula.
1090 2098 1272 2131 Quamobrem
1288 2101 1394 2125 tantum
1415 2098 1501 2131 abest,
1519 2101 1549 2125 ut
1563 2100 1657 2124 nostra

48 2142 207 2171 Psalmorum
222 2144 374 2177 translatio,
388 2152 435 2172 seu
449 2144 646 2179 interpretatio,
662 2152 715 2180 qua
731 2144 902 2172 Psalmorum
930 2144 1010 2171 verba
1030 2144 1063 2171 de
1077 2144 1189 2171 Christo
1202 2148 1229 2171 et
1240 2143 1360 2171 Ecclesia
1377 2143 1559 2179 explicantur,
1571 2143 1656 2170 Atha-

48 2192 127 2225 nasio,
140 2193 221 2228 cujus
234 2201 334 2220 nomen
354 2193 512 2228 inscriptum
532 2197 584 2224 est,
610 2193 693 2220 adimi
714 2193 820 2226 debeat,
843 2193 885 2221 vel
902 2196 1034 2227 tanquam
1054 2192 1144 2227 inepta
1162 2199 1195 2219 ac
1213 2192 1327 2227 puerilis
1346 2199 1361 2219 a
1377 2192 1494 2220 sensatis
1508 2191 1573 2218 viris
1586 2194 1613 2218 et
1629 2190 1657 2216 in

79 2271 176 2300 'llebr.
193 2281 253 2306 xm,
269 2272 310 2304 ll,
326 2271 369 2298 12.
406 2272 417 2287 ⁸
429 2271 528 2299 Cenes.
542 2280 572 2305 ιι,
585 2273 629 2300 21.
666 2270 677 2289 ⁷
691 2272 755 2300 ibid.
767 2271 813 2299 24.

565 2293 572 2305 ,
585 2273 629 2300 21.
666 2270 677 2289 ⁷
691 2272 755 2300 ibid.
767 2271 813 2299 24.
850 2272 861 2288 ⁸
876 2272 975 2307 Ephes.
990 2280 1017 2305 v,
1028 2273 1071 2300 52.
1109 2272 1132 2288 ⁸⁵
1145 2272 1154 2298 l
1168 2271 1234 2298 Cor.
1250 2280 1277 2303 Χ,
1292 2271 1318 2298 ι.

76 2345 128 2380 (52)
147 2345 176 2372 Si
189 2353 252 2380 ergo
273 2343 395 2380 Christus
426 2344 537 2371 att/imit
566 2343 701 2380 Ecclesiae,
716 2348 745 2370 ut
765 2347 850 2380 essent
867 2342 919 2369 duo
930 2343 956 2370 in
967 2351 1046 2371 carne
1056 2351 1118 2380 una,
1129 2342 1258 2380 quomodo
1273 2342 1377 2377 reliquit
1389 2341 1518 2369 Patrem!
1530 2343 1657 2380 quomodo

76 2353 128 2380 (οἳ)
147 2353 176 2372 δι
189 2353 218 2371 er
273 2353 395 2371 bnrtuus
426 2353 537 2371 ααιιιεδιι
566 2353 701 2374 Lectum,
716 2353 745 2370 ιιι
765 2353 849 2370 εδεειιι
867 2353 919 2369 αιιο
930 2353 956 2370 ιη
967 2353 1046 2371 carne
1056 2353 1118 2376 una,
1129 2353 1258 2378 quomoaa
1273 2353 1375 2377 Γειιᾳιιιι
1389 2353 1517 2369 ralrem!
1530 2353 1656 2376 quumual

48 2353 297 2414 matrem?ﬂemuil
321 2378 438 2409 Patrem,
458 2379 519 2414 quia
539 2387 548 2404 ι
564 2387 622 2406 cum
645 2379 673 2405 in
688 2378 774 2413 [arma
792 2378 838 2404 Dei
857 2383 932 2414 esset,
947 2387 997 2405 non
1010 2379 1135 2414 rapinam
1158 2378 1302 2414 arbitratus
1314 2382 1353 2404 est
1377 2385 1433 2404 esse
1450 2376 1576 2414 (aqualem
1593 2377 1656 2414 Dea,

47 2416 87 2441 sed
111 2412 272 2447 semetipsum
293 2414 436 2441 exinanivit
450 2412 562 2448 formam
586 2415 653 2440 servi
669 2414 808 2447 accipiens.
824 2421 834 2438 ι
856 2412 913 2440 Hoc
941 2417 979 2440 est
1003 2414 1083 2445 enim,
1099 2413 1204 2446 reliquit
1220 2412 1404 2448 Patremtnon
1425 2413 1488 2448 quia
1503 2412 1616 2448 deseruit
1634 2417 1658 2439 et

49 2452 143 2477 recessit
159 2459 176 2476 a
194 2450 274 2476 Patre
284 2457 295 2486 ί
305 2450 349 2475 sed
369 2450 431 2486 quia
446 2446 514 2486 bum
530 2457 561 2475 ea
592 2451 618 2475 in
628 2449 719 2486 forma
732 2448 854 2486 apparuit
873 2448 1032 2486 hominibus,
1045 2449 1072 2475 in
1088 2457 1141 2483 qua
1155 2447 1265 2483 arquati:
1279 2452 1317 2474 est
1332 2447 1420 2474 Patri.
1431 2446 1571 2486 Quomodo
1595 2448 1657 2486 reti—

48 2486 99 2516 qlit
110 2491 221 2512 matrem
233 2486 245 2512 ?
259 2481 427 2519 relinquendo
441 2483 607 2519 Synagogam
619 2481 830 2519 ludwarumpde
849 2491 901 2518 qua
929 2483 1071 2511 secundum
1091 2481 1196 2519 carnem
1229 2487 1306 2509 natus
1320 2488 1378 2519 est;
1392 2487 1417 2509 et
1433 2483 1584 2510 inluerendo
1606 2481 1658 2508 Ec-

49 2518 136 2551 clesia,
146 2528 224 2554 quam
236 2527 268 2547 ea:
278 2516 396 2546 omnibus
405 2516 524 2553 gentibus
529 2516 703 2554 congregavit.
733 2517 762 2545 S.
784 2516 859 2554 Aug.
874 2522 952 2546 tract.
966 2526 1003 2550 ix,
1018 2520 1045 2545 in
1060 2526 1117 2553 cap.
1131 2526 1150 2546 ιι
1165 2517 1259 2551 luam,
1272 2525 1300 2544 ιι.
1315 2518 1358 2544 10.

91 2529 136 2551 ειω,
163 2529 224 2547 tutm
236 2529 268 2547 ea:
278 2529 396 2546 omnibus
405 2529 521 2553 gentqu
529 2529 703 2554 congregant.
733 2529 757 2545 δι

91 2555 133 2589 33)
146 2529 177 2582 τι]
193 2562 276 2582 serm.
290 2554 327 2580 De
338 2554 510 2588 uentriloqua.
528 2561 573 2580 seu
588 2553 757 2588 Pythonissa.

93 2591 133 2625 58)
148 2590 227 2616 Hom.
243 2590 270 2621 5,
288 2590 315 2616 in
333 2589 536 2622 Hexaemeron"
552 2597 579 2615 ιι.
596 2591 623 2616 9.

93 2625 135 2658 35)
152 2624 232 2652 Hom.
245 2625 278 2651 15
296 2625 322 2650 in
335 2624 466 2651 Genesim.

82 2655 138 2721 (Eg),
149 2659 257 2721 22:03.
274 2667 314 2694 ep.
330 2660 363 2686 58
375 2659 409 2685 ad
421 2658 596 2690 Pammach.;
614 2658 641 2686 in
658 2657 735 2694 prrcf.
747 2658 793 2686 lib.
809 2666 825 2685 v
843 2657 996 2686 Comment.
1010 2659 1037 2685 in
1052 2658 1163 2691 Isaiam,
1177 2657 1324 2694 etgpraelat.
1341 2657 1369 2683 in
1387 2655 1502 2683 Malach.

119 2697 138 2721 1t
152 2697 216 2721 tjao.
232 2697 257 2721 ti.

130 2698 138 2727 ›
152 2698 216 2730 Cap.
232 2698 257 2721 li.

128 2731 137 2763 )
152 2729 181 2756 In
195 2729 265 2764 expl.
281 2728 357 2757 Orat.
372 2729 450 2764 Dom.

93 2764 136 2799 59)
147 2764 207 2793 Lib.
221 2763 266 2791 itu
281 2764 318 2791 De
333 2765 404 2801 civit.
424 2763 482 2795 Dei,
495 2771 520 2791 ο.
537 2763 580 2791 21.

205 2811 338 2842 Ρλτιιοι..
360 2811 419 2842 Gn.
443 2811 576 2842 XXVII.

1472 2804 1510 2835 20
