1919 3051
270 87 321 115 619
679 87 714 114 S.
735 85 921 114 ATIIANASII
940 85 1016 114 OPP.
1037 86 1127 114 PARS
1147 86 1190 114 Ill.
1212 102 1242 106 -ν-
1265 86 1462 115 EXEGETICA
1844 89 1898 117 6-20

269 147 463 175 ecclesiasticis
478 146 576 174 studiis
590 151 616 174 et
631 147 783 175 Christiana
806 148 905 182 pietate
922 147 1039 175 excultis
1061 147 1156 175 eadem
1179 148 1328 180 contemni,
1345 147 1411 183 quin
1427 146 1518 182 potius
1544 153 1606 175 reor
1621 150 1818 183 argumentum
1836 147 1897 173 hine

270 198 343 221 recte
355 193 426 220 sumi
441 200 520 228 posse
536 197 565 219 ut
579 193 754 220 sanctissimo
767 193 876 220 Doctori
893 193 1075 228 adjudicctur.

305 240 377 268 XXI.
402 241 554 268 Cardinalis
571 240 745 274 Thomasius,
760 241 801 268 vir
816 246 842 268 et
860 241 1013 268 eruditione
1025 244 1053 268 et
1079 249 1186 268 morum
1208 241 1353 268 sanctitate
1383 241 1507 275 illustris,
1538 241 1698 276 allegoricos
1723 239 1894 268 Psalmorurn

271 299 368 319 sensus
382 291 552 318 Christianos
567 298 664 316 sensus
676 293 755 316 vocat
769 289 794 315 in
807 289 966 323 prmfalione
982 289 1013 316 ad
1031 288 1206 321 Psalterium,
1217 289 1290 324 quod
1308 296 1369 316 cum
1394 288 1488 316 Latina
1512 289 1735 324 interpretatione
1748 289 1785 315 ab
1796 295 1831 314 eo
1842 286 1895 313 ela-

270 337 362 365 borata
386 338 411 364 iu
430 337 563 372 publicam
578 336 720 363 utilitatem
741 335 832 362 emisit
849 345 854 362 :
872 344 882 361 ί
901 334 997 367 Porro,
1016 335 1113 369 inquit,
1133 343 1166 362 ne
1189 335 1280 369 aliqua
1300 335 1395 362 saltem
1420 335 1526 362 deesset
1542 335 1583 362 vel
1606 335 1695 362 brevis
1718 332 1895 360 tuanuxiuctio

270 384 303 411 ad
321 384 466 412 secretiora
482 383 620 418 mysteria,
635 389 769 416 sensaque
781 381 951 409 Psalmorum
971 386 1029 408 tum
1045 382 1077 408 dc
1088 382 1198 409 Christo
1212 387 1239 409 et
1252 382 1338 416 ipsius
1354 389 1467 416 corpore
1485 381 1604 409 Ecclesia
1619 382 1756 414 universa,
1771 385 1799 408 et
1813 380 1896 415 parti-

270 430 408 457 cularihus
422 430 500 464 hujus
512 430 646 464 corporis,
661 430 717 457 sive
732 430 837 464 collegii
855 429 996 459 membris,
1013 429 1038 456 id
1051 433 1092 456 est
1106 428 1241 461 lidelibus,
1257 433 1314 456 tum
1330 429 1411 456 etiam
1428 429 1460 456 de
1477 429 1580 457 caelesti
1596 429 1694 464 patria,
1709 435 1781 463 quos
1797 434 1895 454 sensus

271 480 343 503 recte
359 475 535 511 appellaveris
551 483 650 502 sensus
672 475 854 508 Christianos,
877 475 1028 510 patelactos
1049 474 1137 507 nobis,
1159 479 1290 510 tanquam
1314 476 1400 503 scisso
1415 475 1506 510 templi
1523 476 1592 507 velo,
1609 479 1698 502 morte
1711 474 1829 505 Christi,
1849 467 1893 508 qui

270 521 397 556 apostolis
412 521 517 555 aperuit
530 528 651 552 sensum,
665 524 695 547 ut
707 520 886 555 intelligerent
902 519 1068 554 Scripturas,
1085 524 1112 546 et
1129 527 1191 554 qua:
1208 519 1308 554 scripta
1322 525 1389 547 sunt
1409 520 1435 547 in
1460 519 1531 555 Lege
1547 519 1643 554 Moysi,
1657 524 1685 547 et
1696 518 1856 553 Prophetis.
1869 522 1895 544 et

268 566 384 594 Psalmis
399 567 432 594 de
447 567 516 601 ipso,
535 577 544 593 ι
561 571 613 594 etc.
635 566 672 593 Ita
691 571 762 593 recte
779 574 811 593 ac
827 566 962 601 sapienter
979 566 1048 600 pius.
1059 571 1085 593 et
1099 565 1196 593 doctus
1212 567 1360 594 cardinalis
1382 574 1414 593 ex
1439 571 1558 594 veterum
1575 566 1683 593 Patrum
1710 565 1838 592 doctrina
1863 565 1896 591 de

268 613 413 647 allegorice
424 619 451 640 et
465 613 580 648 spiritali
599 611 770 639 Psalmorum
786 617 813 640 et
832 620 917 640 sacra:
932 611 1080 646 Scriptura:
1097 619 1179 639 sensu
1197 612 1304 640 locutus
1319 617 1370 640 est.
1385 611 1452 639 Nam
1469 611 1599 648 Origenes
1621 612 1647 638 in
1669 612 1737 639 libro
1759 611 1798 638 De
1821 612 1895 646 prin-

269 661 347 695 cipiis
365 659 419 695 (40)
435 667 552 695 arguens
567 667 614 687 eos
627 660 673 694 qui
687 667 720 687 ex
737 659 945 687 circumcisione
960 663 1048 692 erant,
1061 659 1135 694 quod
1155 660 1182 687 in
1197 659 1364 687 Salvatorem
1381 664 1505 688 nostrum
1522 668 1575 687 non
1593 659 1777 692 crediderunt,
1793 659 1842 686 sed
1867 660 1893 685 in

266 707 359 734 varios
370 714 477 734 errores
493 707 559 742 lapsi
572 711 646 740 sunt,
658 707 722 742 quia
737 714 829 734 sacras
844 706 999 742 Scripturas
1013 715 1068 734 non
1085 707 1233 734 secundum
1256 707 1404 742 spiritalem
1419 715 1540 741 sensum,
1562 708 1608 735 sed
1628 707 1780 734 secundum
1796 707 1895 733 littera:

267 761 366 781 sonum
380 754 586 788 interpretantes
599 754 625 780 in
643 754 685 780 via
700 754 821 781 veritatis
839 754 992 782 voluntario
1007 761 1073 782 casu
1101 755 1278 782 caecutierunt
1294 764 1301 781 :
1324 765 1332 781 ι
1355 755 1389 783 lis
1411 760 1502 784 autem
1529 755 1657 782 omnibus
1686 754 1773 788 nulla,
1792 755 1893 789 inquit.

267 800 396 828 falsarum
414 802 583 836 opinionum,
599 802 671 828 nulla
689 801 833 837 impietatis
845 806 871 829 et
885 802 1048 829 stolidarum
1063 802 1095 829 de
1110 801 1164 829 Deo
1180 810 1338 830 sermonum
1353 810 1436 830 causa
1449 811 1510 830 esse
1523 803 1575 830 alia
1589 802 1704 833 videtur,
1716 809 1802 836 quam
1818 799 1894 829 Scri-

266 852 344 881 ptura
359 855 413 874 non
428 847 759 882 sccuudum'spirilualcm
775 856 886 876 sensum
901 848 1046 881 intellecta,
1065 849 1112 876 sed
1133 849 1284 876 secundum
1299 849 1444 877 litteralem
1464 854 1583 884 accepta.
1601 848 1774 883 Quapropter
1791 847 1829 874 iis
1847 848 1892 881 qui

267 903 427 930 persuasum
445 896 544 923 habent
557 903 649 923 sacros
664 895 747 923 libros
771 887 825 923 non
846 896 986 923 hominum
1002 903 1062 923 esse
1084 897 1307 930 commentarios,
1321 898 1368 925 sed
1385 898 1471 925 sancti
1491 897 1608 932 Spiritus
1633 896 1737 929 afﬂatu,
1749 896 1893 923 voluntate

268 942 313 970 Dei
330 942 451 976 parentis
475 941 663 969 universorum
685 949 732 976 per
750 941 843 970 Iesum
860 942 999 970 Christum
1014 943 1131 978 scriptos
1144 951 1205 971 esse
1224 948 1251 971 et
1270 945 1304 971 ad
1321 953 1369 972 nos
1382 945 1551 979 pervenisse,
1564 953 1617 980 qua
1631 945 1672 972 via
1693 946 1719 972 in
1737 952 1838 972 eorum
1855 945 1892 972 le-

265 989 354 1016 ctione
367 988 546 1016 insistcndum
563 996 624 1015 esse
639 989 717 1016 nobis
740 989 873 1021 videatur,
896 989 1019 1016 indicare
1047 990 1218 1024 conabimur,
1239 995 1347 1018 servata
1374 991 1667 1019 cmlestis-secundum
1686 990 1891 1018 successionem

266 1036 452 1071 apostolorum
468 1036 595 1063 Ecclesiae
618 1035 681 1063 Jesu
702 1037 803 1064 Christi
827 1037 931 1072 regula:
952 1037 985 1064 Et
999 1045 1059 1065 esse
1075 1038 1184 1073 quidem
1206 1039 1337 1074 mysticus
1352 1039 1484 1073 quasdam
1505 1038 1732 1073 dispensationes,
1752 1045 1825 1065 quas
1852 1037 1891 1063 di-

266 1085 336 1111 vinae
351 1083 498 1118 Scriptura:
511 1084 640 1116 indicant,
657 1085 737 1111 etiam
755 1085 935 1120 simpliciores
960 1085 1078 1113 fidelium
1104 1086 1226 1114 credunt.
1247 1096 1256 1112 ι
1281 1086 1396 1117 Athaac
1412 1092 1502 1115 autem
1524 1087 1650 1123 Origenis
1666 1086 1748 1114 verba
1768 1086 1891 1121 apposite

266 1133 377 1166 subiicit
393 1131 507 1160 Carolus
520 1132 553 1159 de
573 1132 661 1160 Laruc
675 1132 730 1168 (41)
750 1142 756 1160 :
775 1142 784 1158 ε
805 1133 876 1160 Nihil
894 1134 936 1161 his
955 1134 1044 1161 verbis
1060 1134 1224 1162 accuratius.
1245 1134 1375 1162 Generale
1394 1135 1458 1163 illud
1475 1136 1647 1170 principium,
1663 1134 1737 1170 quod
1761 1135 1891 1169 mysticus

267 1178 294 1205 in
311 1177 402 1205 Veteri
419 1177 593 1204 Testamento
613 1185 710 1205 sensus
727 1178 813 1212 ponit,
831 1179 985 1213 apostolica:
996 1178 1126 1206 doctrinm:
1139 1187 1203 1214 pars
1218 1184 1270 1211 est,
1285 1183 1312 1206 et
1331 1180 1430 1207 veritas
1447 1185 1530 1212 certa,
1548 1188 1609 1215 quae
1629 1179 1783 1206 ministerio
1799 1183 1891 1214 pasto-

266 1233 327 1252 rum
345 1226 377 1252 ad
392 1233 442 1252 uos
455 1226 687 1261 usque-pervenit.
702 1236 710 1252 ι

298 1273 381 1300 XXII.
405 1273 530 1302 Profecto
552 1274 671 1302 dubitari
697 1275 790 1309 nequit
812 1274 902 1302 omnia
930 1283 990 1310 quae
1018 1275 1045 1302 iu
1063 1274 1152 1303 Veteri
1170 1275 1345 1303 Testamento
1363 1276 1404 1303 vel
1429 1275 1540 1310 scripta,
1559 1274 1600 1302 vel
1623 1278 1699 1309 gesta
1724 1273 1850 1305 luerunt,
1864 1273 1889 1299 in

265 1320 349 1354 ﬁgura
366 1320 450 1348 fuisse
464 1329 554 1348 rerum
566 1329 626 1356 quae
641 1322 667 1348 in
681 1321 756 1349 Novo
771 1321 826 1349 ﬁeri
843 1326 890 1348 aut
905 1322 1062 1356 contingere
1074 1322 1218 1354 debebant,
1237 1329 1324 1357 eaque
1339 1323 1474 1357 respicere
1486 1328 1631 1356 personam
1647 1320 1763 1352 Messian,
1776 1319 1891 1353 ejusque

264 1365 433 1399 Passionem,
446 1366 695 1399 Resurrcctionem,
709 1371 734 1393 et
746 1367 856 1393 humani
873 1367 979 1401 generis
996 1366 1221 1401 redemptionem,
1235 1367 1395 1402 evangelicae
1410 1367 1541 1394 doctrinae
1556 1365 1792 1401 propagationem,
1805 1364 1891 1399 genti.

264 1411 330 1438 lium
347 1412 563 1445 conversionem,
579 1417 784 1448 etquzccuuque
797 1413 859 1445 alia,
873 1420 934 1448 quae
947 1413 980 1439 ad
1002 1413 1061 1448 ejus
1076 1413 1194 1440 divinam
1209 1421 1354 1448 personam
1373 1418 1401 1440 et
1416 1413 1648 1448 dispensationem
1666 1419 1714 1439 seu
1732 1410 1890 1444 οἰκονομίαν

264 1458 409 1492 pertinent.
424 1457 514 1491 Quare
530 1459 552 1486 si
569 1459 595 1486 in
610 1458 776 1494 explicandis
789 1457 936 1493 Scripturis
951 1458 1042 1485 omnia
1061 1459 1094 1485 ad
1111 1457 1248 1485 Christum
1263 1458 1377 1493 ejusque
1391 1457 1541 1486 Ecclesium
1556 1457 1704 1492 prudenter
1720 1455 1887 1484 referantur,

264 1513 352 1540 neque
369 1505 480 1538 erroris,
497 1513 585 1540 neque
601 1506 707 1540 ineptiae
718 1505 745 1533 id
761 1505 883 1533 accusari
899 1505 988 1537 debet.
1007 1512 1069 1532 cum
1085 1504 1130 1531 illa
1150 1505 1203 1532 hoc
1218 1504 1343 1536 consilio,
1362 1508 1389 1532 et
1410 1504 1461 1531 hac
1481 1509 1580 1536 mente,
1604 1503 1706 1538 Spiritu
1734 1507 1834 1530 sancto
1849 1502 1889 1529 di-

257 1558 364 1585 rctante,
380 1552 480 1587 scripta
494 1552 557 1579 sint.
572 1551 605 1578 Et
617 1553 726 1587 quidem
743 1553 794 1579 huc
816 1552 951 1587 pertinere
971 1551 1098 1578 videntur
1117 1551 1198 1578 verba
1216 1551 1262 1578 illa
1278 1551 1394 1585 apostoli
1411 1550 1500 1582 Pauli,
1523 1549 1615 1577 omnia
1631 1548 1733 1583 scripta
1754 1547 1844 1576 fuisSe
1859 1549 1889 1574 a-l

263 1606 385 1628 nostram
401 1600 597 1627 institutionem
615 1610 620 1627 2
638 1600 804 1635 Qttwcunque
820 1600 900 1632 enim,
924 1599 971 1632 ait,
987 1599 1085 1634 scripta
1107 1604 1180 1631 sunt,
1198 1599 1232 1625 ad
1256 1603 1373 1625 nostram
1397 1598 1546 1625 doctrinam
1565 1598 1665 1632 scripta
1684 1601 1745 1623 sunt
1771 1597 1794 1622 ’.
1811 1595 1846 1622 Et
1860 1597 1890 1622 de

263 1646 376 1681 spiritali
402 1653 434 1673 ac
461 1646 613 1673 sublimiori
643 1646 846 1680 Scripturarum
874 1645 1053 1680 intelligentia
1082 1652 1137 1672 non
1161 1644 1376 1679 improbabiliter
1390 1644 1424 1671 ab
1449 1644 1586 1678 aliquibus
1608 1642 1782 1677 accipiuntur
1809 1642 1890 1669 verba

263 1694 292 1722 S.
306 1694 395 1726 Lucae,
412 1694 511 1729 quibus
525 1693 607 1721 refert
629 1693 768 1720 Christum
786 1693 930 1720 Dominum
944 1697 1004 1727 post
1020 1692 1248 1719 resurrectionem
1264 1699 1343 1719 suam
1358 1691 1495 1726 apostolos
1510 1692 1543 1719 ad
1561 1690 1719 1726 Scripturas
1735 1689 1889 1725 intelligen-

261 1740 310 1767 das
324 1739 473 1767 instituisse
491 1747 496 1765 :
516 1737 588 1765 Tunc
602 1739 703 1773 aperuit
721 1739 775 1765 illis
799 1746 914 1770 sensum,
933 1743 960 1764 ut
976 1737 1152 1772 intelligerent
1167 1737 1320 1771 Scriptura;
1335 1737 1367 1763 ¹⁰.
1382 1737 1422 1764 Ad
1440 1737 1498 1764 haec
1521 1737 1592 1764 enim
1618 1735 1794 1771 evangelista:
1808 1737 1887 1762 verba

262 1788 411 1822 respiciens
427 1786 455 1813 S.
471 1786 525 1813 Leo
540 1787 675 1814 scribebat
691 1787 722 1813 ad
738 1785 897 1812 Flavianum
920 1786 946 1812 in
963 1785 1091 1820 praeclara
1113 1784 1158 1812 illa
1175 1784 1291 1820 epistola
1309 1789 1403 1812 contra
1425 1784 1603 1820 Eutychetem
1617 1793 1625 1811 :
1639 1793 1649 1809 ‹
1668 1784 1775 1812 Donato
1792 1784 1888 1811 intelli—

261 1836 358 1870 gentia:
374 1835 486 1867 lumine,
500 1842 640 1862 sacrarum
655 1833 856 1868 Scripturarum
875 1833 980 1860 occulta
999 1832 1144 1867 pandebat.
1160 1842 1170 1858 ι
1184 1832 1315 1868 Origenes
1333 1837 1424 1860 autem
1440 1833 1467 1860 in
1487 1833 1612 1860 eumdem
1629 1840 1740 1860 sensum
1757 1833 1886 1868 interpre-

261 1888 333 1910 tatur
344 1883 425 1910 verba
440 1882 483 1909 illa
498 1881 611 1909 Joannis
626 1892 631 1908 :
649 1882 740 1908 Adhuc
754 1882 838 1908 multa
854 1881 934 1908 habeo
954 1881 1024 1907 vobis
1039 1880 1136 1912 dicere,
1148 1881 1193 1907 sed
1215 1889 1265 1907 non
1285 1882 1392 1915 potestis
1409 1886 1515 1916 portare
1533 1880 1618 1907 modo.
1640 1879 1708 1907 Cum
1733 1886 1824 1908 autem
1846 1889 1886 1907 rc—

260 1930 328 1956 ncrit
342 1929 386 1955 ille
404 1929 520 1963 Spiritus
534 1929 663 1959 veritatis,
675 1929 776 1955 docebit
792 1938 836 1956 vos
856 1936 956 1954 omnem
979 1928 1113 1954 veritatem
1132 1928 1164 1954 “.
1183 1927 1359 1962 Respondens
1371 1929 1443 1955 enim
1462 1928 1594 1956 conviciis
1608 1936 1640 1955 ac
1656 1928 1805 1955 calumniis
1819 1929 1884 1956 Celsi

261 1975 336 2010 impii
356 1975 520 2010 philosophi,
539 1981 693 2010 sauctzeque
716 1980 815 2002 nostra:
832 1975 971 2008 religionis
988 1974 1119 2007 irrisoris,
1141 1974 1175 2001 ad
1201 1975 1291 2001 locum
1312 1975 1388 2001 illum
1405 1975 1578 2010 evangelista:
1593 1975 1650 2001 haec
1675 1973 1790 2008 subiicit
1804 1974 1860 2010 (42)
1878 1984 1883 2001 :

263 2030 272 2046 α
293 2021 342 2048 llic
355 2023 504 2057 quaerimus
521 2030 644 2056 quaenam
659 2021 760 2048 fuerint
779 2022 863 2048 multa
877 2021 931 2053 illa,
945 2029 1005 2056 qute
1019 2020 1099 2048 Iesus
1114 2021 1255 2055 discipulis
1269 2022 1326 2048 suis
1343 2021 1434 2048 dicere
1447 2021 1575 2051 habebat.
1589 2025 1616 2048 et
1627 2028 1688 2055 qua:
1705 2025 1764 2047 tum
1778 2025 1885 2055 portare.

260 2076 314 2096 non
330 2074 465 2104 poterant.
482 2069 514 2096 Et
529 2071 589 2097 dico
607 2079 612 2097 :
632 2069 712 2096 Forte
727 2069 790 2104 quia
803 2068 887 2097 Judaei
903 2074 981 2096 erant
991 2069 1117 2104 apostoli,
1131 2073 1158 2095 et
1172 2068 1290 2096 Mosaica
1309 2069 1367 2104 lege
1382 2070 1532 2096 secundum
1545 2069 1660 2096 litteram
1677 2073 1790 2103 accepta
1807 2069 1884 2096 innu-

263 2116 331 2148 triti,
348 2116 545 2153 hzcc‘l'ucrunt,
562 2125 622 2151 qua:
644 2117 697 2143 illis
712 2117 800 2144 dicere
821 2117 936 2144 habebat
955 2126 962 2143 :
978 2116 1107 2149 Quaenam
1121 2120 1193 2144 esset
1208 2124 1271 2144 vera
1295 2117 1349 2149 lex,
1364 2125 1479 2152 quarum
1498 2125 1588 2145 rerum
1609 2116 1762 2144 cmlestium
1780 2117 1882 2148 umbra,

258 2161 399 2197 signisque
417 2163 507 2190 cultus
520 2162 650 2190 Iudaicus
669 2168 822 2196 constaret;
840 2171 899 2198 qua:
914 2163 1004 2191 futura
1020 2163 1091 2190 bona
1105 2163 1254 2198 praescripti
1275 2163 1308 2190 de
1323 2164 1394 2197 cibo,
1412 2168 1438 2191 et
1452 2167 1528 2199 potu,
1545 2164 1578 2191 de
1589 2163 1676 2197 festis,
1690 2164 1845 2191 neomeniis
1860 2168 1884 2189 et

263 2207 390 2236 Sabbatis
404 2209 475 2236 ritus
495 2209 701 2236 adumbrarent.
724 2219 732 2234 1
750 2208 784 2236 Et
796 2210 926 2244 quoniam
941 2209 1052 2237 furcifer
1071 2209 1116 2236 ille
1130 2209 1280 2237 alIirmabat
1299 2209 1455 2245 Scripturas
1475 2215 1584 2238 nostras
1608 2218 1662 2237 non
1687 2218 1770 2245 posse
1786 2211 1883 2246 allego‘

258 2255 325 2282 riam
339 2256 406 2290 pati,
419 2256 526 2290 reponit
539 2255 670 2291 Origenes
686 2256 741 2292 (45)
759 2266 767 2284 :
785 2266 794 2282 ι
812 2256 940 2284 Fortasse
953 2257 1092 2292 probabile
1105 2257 1170 2292 quid
1187 2257 1242 2284 dici
1263 2257 1298 2284 ab
1317 2264 1351 2284 eo
1366 2257 1514 2288 videretur,
1535 2257 1558 2285 si
1574 2257 1731 2292 Scripturas
1747 2257 1882 2293 allegoriil

258 2303 427 2336 interpretari
441 2302 579 2330 inventum
594 2307 666 2331 esset
681 2311 784 2331 recens.
800 2304 868 2330 Cum
886 2309 976 2331 autem
991 2304 1016 2331 id
1033 2303 1146 2331 fecerint
1161 2304 1202 2331 vel
1216 2304 1267 2338 ipsi
1285 2304 1442 2340 dogmatum
1457 2309 1581 2340 parentes
1595 2309 1623 2332 et
1637 2305 1798 2339 scriptores,
1819 2306 1881 2340 quill

257 2350 330 2377 aliud
344 2351 518 2385 cogitandum
533 2355 584 2382 est,
598 2359 679 2386 quam
692 2351 737 2378 illa
750 2351 836 2378 fuisse
853 2351 953 2386 scripta
969 2352 1019 2384 sic,
1034 2356 1063 2378 ut
1079 2359 1174 2379 eorum
1189 2352 1324 2386 praecipua
1341 2359 1420 2379 mens
1432 2353 1458 2379 in
1476 2352 1613 2387 allegoriis
1628 2353 1816 2380 contineatur.
1839 2363 1847 2380 ι

292 2396 384 2424 XXIII.
400 2397 477 2430 Quod
493 2405 556 2425 vero
569 2398 679 2432 propius
694 2406 749 2425 rem
764 2402 887 2425 nostram
901 2398 1020 2432 attingit,
1038 2406 1134 2433 nempe
1149 2399 1282 2425 rationem
1302 2398 1497 2434 interpretandi
1513 2398 1636 2426 Psalmos
1649 2397 1683 2426 de
1703 2397 1817 2426 Christo
1829 2398 1879 2426 Do-

256 2445 331 2472 mino
342 2449 369 2472 et
385 2445 514 2476 Ecclesia,
530 2445 624 2480 primis
636 2445 798 2472 Christianae
813 2445 874 2472 lidei
891 2445 1060 2480 temporibus
1081 2446 1180 2480 ubique
1206 2451 1352 2481 receptam,
1369 2451 1397 2474 et
1423 2447 1564 2482 probatam
1586 2447 1680 2478 fuisse,
1699 2446 1879 2482 locupletissi-

255 2499 330 2519 mum
345 2491 422 2520 nobis
436 2492 621 2519 testimonium
634 2492 775 2527 perhibent
790 2500 843 2519 non
864 2493 951 2520 solum
966 2491 1093 2520 Ecclesia
1103 2492 1249 2521 Orientalis
1263 2494 1428 2530 scriptores;
1444 2502 1537 2522 verum
1552 2495 1633 2522 etiam
1650 2494 1728 2522 multi
1743 2495 1816 2523 inter
1831 2495 1878 2530 De.

287 2599 297 2614 ³
309 2596 390 2624 Bom.
407 2605 452 2629 xv,
469 2598 495 2624 4.
536 2599 557 2614 ¹⁰
570 2597 635 2625 Luc.
653 2606 727 2631 xxtv,
741 2598 785 2625 59.
825 2599 845 2614 ¹¹
862 2599 942 2627 Joan.
960 2607 1015 2631 xvi,
1035 2599 1080 2627 12.

289 2678 346 2713 (ιο)
360 2677 472 2713 biluiv,
488 2679 556 2707 n.‘9.

288 2713 345 2748 (41)
362 2712 470 2748 Prrefat.
487 2714 513 2741 iu
530 2718 594 2740 tum.
612 2713 633 2740 ll
645 2715 731 2748 Orig.,
747 2719 800 2743 art.
815 2715 844 2743 5.

289 2748 346 2781 (42)
364 2747 463 2775 Contra
477 2749 546 2775 Cels.
562 2750 579 2776 l.
600 2757 629 2780 ll,
646 2757 672 2776 u.
689 2750 716 2776 ‘2.

289 2782 347 2818 (45)
365 2783 443 2816 tua,
459 2783 505 2811 lib.
522 2792 558 2816 IV,
572 2792 599 2812 n.
612 2784 655 2811 49.
