1919 3051
300 124 353 153 6‘23
722 118 750 152 Ξ.
771 123 955 151 ATHANASII
974 123 1049 151 OPP.
1069 123 1159 151 PARS
1177 124 1219 152 Ill.
1241 139 1274 145 —-
1296 123 1500 152 EXEGETICA.
1864 126 1897 152 G‘El

299 184 390 220 Hoyse
408 192 434 211 tn
453 185 510 212 haec
525 191 612 219 usque
628 189 750 219 tempora
779 184 971 215 successione;
997 184 1076 210 tertio
1103 183 1203 210 Kabala
1229 183 1328 210 dicitur
1354 183 1478 210 doctrina
1507 183 1631 218 quaedam
1660 183 1776 218 mystica
1790 191 1823 210 ex
1839 185 1897 210 rariis

298 229 439 257 nominum
477 230 631 257 divinorum
663 229 913 257 combinationibus
935 234 961 256 ct
987 229 1200 256 resolutionibus
1236 229 1386 256 litterarum
1411 228 1545 264 alphabeti
1575 229 1651 256 vario
1678 229 1755 261 situ,
1784 235 1898 264 permuta-

299 279 391 311 tione,
423 279 622 310 dccussatione,
651 278 744 305 decem
769 277 912 312 Sephiroth
927 297 935 308 ,
960 277 1017 304 sive
1043 276 1089 304 Dei
1111 277 1248 304 attributis
1281 276 1354 303 varie
1374 277 1444 304 inter
1465 284 1495 304 se
1518 277 1693 312 comparatis,
1709 276 1829 312 aliisque
1846 276 1898 311 ejus-

297 324 370 352 modi
394 324 489 351 naauiis
515 329 572 351 orta
604 328 630 351 et
658 327 746 350 eruta.
771 321 810 349 Ita
838 321 970 348 Morinus.
1003 320 1034 348 Et
1054 321 1181 355 quoniam
1209 320 1318 348 Kabalaa
1342 328 1451 353 nomen,
1477 324 1508 348 ut
1536 320 1638 348 dictum
1657 324 1720 351 est.
1751 320 1858 355 proprie
1877 319 1899 347 si-

296 371 407 405 gniﬁcat
436 371 519 406 legem
549 378 595 398 seu
623 370 774 397 doctrinam
791 377 806 396 a
823 369 973 403 majoribus
985 376 1032 396 ore
1044 369 1183 398 traditam.
1201 368 1331 404 distingui
1357 368 1438 395 etiam
1461 375 1492 395 ea
1512 368 1582 395 solet
1597 368 1623 394 in
1638 372 1757 395 veterem
1772 376 1805 395 ac
1824 375 1899 395 recen-

298 416 403 443 tiorem.
421 415 564 444 Recentior
577 416 698 451 quidem.
715 423 776 450 qua:
795 415 821 442 in
840 415 940 450 priscis
957 415 1136 442 rabbinorum
1157 414 1260 442 scholis
1270 418 1361 441 ortum
1388 418 1415 440 et
1437 413 1601 448 principium
1623 413 1730 445 habuit,
1749 413 1820 440 nihil
1844 414 1898 440 aliud

296 466 347 492 est,
361 466 390 488 ut
412 461 497 496 aliqui
516 466 621 496 putant,
634 469 715 495 quant
730 460 903 495 philosophia
918 459 1114 495 Pythagorica,
1128 464 1264 494 quatenus
1279 459 1437 494 Pythagorae
1450 458 1575 493 dogmata
1594 458 1747 493 posteritati
1763 458 1898 487 innotuere.

296 509 352 536 sive
364 508 509 536 Platonica
526 509 561 536 de
573 509 627 536 Deo
642 514 668 536 et
681 509 762 536 rebus
786 508 954 543 spiritalibus
965 516 997 534 ex
1011 507 1151 542 Scriptura
1166 507 1311 538 illustrata,
1326 511 1353 533 et
1365 506 1535 541 tenigmatice
1552 513 1583 533 ac
1592 506 1741 542 symbolice
1754 507 1898 540 proposita;

299 554 341 582 vel
356 555 447 589 potiris
462 560 618 582 sanctarum
632 553 836 588 Scripturarum
853 553 987 587 tlteol03ia
1000 553 1130 588 symbolis
1156 551 1359 579 Platonicorum
1383 555 1410 578 et
1441 551 1686 586 Pythagoricorum
1712 551 1899 586 aanigmatibus,

293 607 320 629 et
339 602 513 629 rabbinorum
529 602 629 630 fabulis
647 610 678 629 ac
696 601 846 636 puerilibus
859 601 934 628 tricis
947 600 1104 627 obscurata.
1129 599 1191 627 llaec
1205 599 1407 626 Kabalistarum
1435 599 1513 625 libris
1538 598 1703 627 continetur.
1718 603 1745 625 et
1759 599 1794 624 ad
1810 605 1866 624 eam
1877 597 1899 622 il-

299 648 469 676 lustrantlam
485 650 667 677 incubuerth
681 649 800 676 Joannes
816 648 930 675 Carolus
943 647 1108 681 Saracenos,
1133 647 1214 675 Picus
1238 647 1456 679 Mirandulanus,
1475 645 1594 673 Joannes
1615 645 1795 678 Reuchlinus,
1818 645 1901 672 Paulus

294 696 403 724 Riccius
417 701 445 723 et
459 701 555 723 auctor
569 703 721 731 anonymus
733 695 865 722 librorum
878 693 991 720 Kabula:
1005 694 1162 726 denudatw;
1178 694 1222 721 cui
1234 698 1261 720 et
1274 693 1326 720 alia
1341 692 1449 719 Kabalae
1465 692 1568 727 species
1585 691 1772 726 posteriorum
1785 692 1900 718 rabbino-

293 750 353 769 rum
377 743 487 777 propria
503 742 675 777 adiungenda
690 742 807 773 videtur,
823 743 846 769 si
860 750 913 770 non
925 747 1046 777 tempore
1066 742 1191 777 aequalis,
1209 746 1282 769 certe
1311 749 1365 768 non
1390 741 1475 768 multo
1491 740 1536 767 illa
1560 739 1686 772 inferior,
1702 740 1736 766 de
1748 747 1804 773 qua
1820 743 1902 775 prater

292 788 426 815 Morinum
445 797 458 815 a
472 795 514 816 me
529 797 613 824 nuper
623 789 772 822 laudatum,
787 789 911 824 aliosque
919 789 1066 824 scriptores
1080 789 1264 816 Burtoloccius
1276 787 1401 823 pluribus
1418 788 1445 814 in
1458 787 1525 814 locis
1545 794 1601 813 sua:
1613 785 1787 813 Bibliotheca:
1820 785 1902 812 Rabiri-

291 833 357 860 m‘cm
373 833 504 865 meminit,
519 841 634 868 eamque
650 833 798 861 detestatur
821 833 863 861 bis
879 833 985 860 verbis:
1011 842 1020 858 ε
1036 833 1168 861 Auctores
1184 832 1296 860 infamis
1314 832 1385 859 illius
1410 832 1477 859 artis
1504 839 1586 866 quant
1604 830 1796 858 kabalisticam
1825 830 1902 865 appel—

290 878 363 911 lant,
380 884 407 906 et
423 887 471 914 per
495 887 577 914 quam
604 878 710 914 prolani
725 880 860 910 homines,
881 880 928 915 qui
943 879 1084 907 kabalistze
1101 880 1171 907 inter
1184 879 1293 906 Iudaeos
1304 879 1357 906 dici
1372 879 1492 912 voluere,
1509 883 1592 906 totum
1613 885 1719 905 sacram
1743 876 1902 912 Scripturam

290 925 442 952 litterarum
482 925 747 959 permutationibus,
775 925 915 952 valoribus
943 925 1092 952 numericis
1118 933 1167 960 pro
1193 925 1335 952 elementis
1361 924 1558 959 alphabetariis
1587 923 1718 958 acceptis,
1745 922 1903 950 dictionibus

291 971 404 1006 integris
421 971 449 998 in
461 978 591 998 numeros
611 971 750 1004 resolutis,
763 976 789 998 ct
804 971 830 999 in
847 971 930 998 alium
944 971 1058 998 omnino
1075 979 1153 998 usum
1169 971 1320 1004 diversum,
1332 975 1359 998 et
1380 970 1545 1006 quandoque
1570 969 1749 999 contrarium.
1766 973 1795 996 et
1811 969 1904 996 diame-

291 1015 357 1044 trice
371 1016 526 1051 oppositum
539 1016 590 1052 ipsi
606 1024 691 1044 sacra:
700 1017 860 1052 Scripturte,
875 1025 944 1044 ausu
959 1024 1086 1052 prorsum
1105 1017 1250 1044 temerario
1274 1021 1302 1044 et
1316 1016 1430 1044 omnino
1460 1015 1628 1045 damnando.
1652 1014 1779 1042 eamdem
1808 1021 1903 1042 sacram

290 1063 416 1098 paginam
436 1063 581 1098 deturpare
595 1063 687 1091 conati
704 1068 776 1091 sunt.
791 1074 800 1090 ι
815 1064 907 1091 Altera
925 1072 991 1091 vero
1005 1064 1144 1099 antiquior
1157 1068 1210 1097 est,
1228 1072 1289 1099 qua:
1316 1069 1378 1091 ante
1395 1064 1535 1092 Christum
1559 1068 1651 1090 natum
1671 1063 1743 1089 inter
1761 1063 1840 1089 viros
1852 1068 1905 1088 vexa

292 1106 495 1142 Scripturarum
513 1109 629 1136 scicntia
646 1109 797 1137 instructos
812 1110 932 1136 obtinuit
942 1110 1010 1145 (Si),
1029 1117 1144 1145 quaeque
1159 1110 1321 1137 versabatur
1336 1110 1362 1137 in
1376 1109 1551 1145 intelligendo
1576 1109 1690 1145 mystico
1704 1107 1903 1144 Scripturarum

290 1160 385 1185 sensu,
405 1158 431 1181 et
445 1154 525 1189 longe
544 1155 698 1182 sublimiori
718 1156 774 1188 illo,
790 1156 836 1190 qui
851 1156 1003 1182 exlitterali
1015 1159 1042 1182 et
1060 1156 1176 1183 naturali
1191 1156 1339 1184 verborum
1357 1157 1496 1183 intellectu
1508 1156 1606 1190 legenti
1630 1155 1768 1182 occurrit:
1785 1159 1816 1182 et
1846 1155 1905 1182 hanc

289 1199 398 1233 quidem
415 1199 556 1227 scientiam
571 1200 665 1232 fuisse,
682 1201 768 1233 aiunt,
796 1202 989 1236 prophetarum
1013 1206 1039 1229 et
1055 1207 1210 1230 sanctorum
1223 1201 1328 1230 Veteris
1349 1201 1515 1230 Testameuti
1545 1211 1561 1229 a
1589 1201 1690 1237 Moyse,
1706 1206 1732 1228 et
1745 1209 1760 1228 a
1783 1200 1844 1228 Deo
1856 1201 1905 1236 ipso

288 1244 375 1272 servis
389 1244 446 1272 suis
461 1245 598 1276 traditam,
614 1253 675 1280 quae
687 1253 740 1272 non
756 1247 844 1274 solum
858 1247 1020 1274 versabatur
1045 1247 1119 1275 circa
1147 1248 1309 1282 allegoricos
1325 1253 1353 1275 et
1381 1248 1511 1283 mysticos
1535 1255 1677 1275 sacrarum
1702 1246 1907 1282 Scripturarum

288 1299 395 1323 sensus,
410 1292 457 1318 sed
471 1292 552 1318 etiam
570 1293 801 1327 complectebatur
814 1293 943 1328 dogmata
963 1293 1098 1328 praecipua
1125 1293 1186 1320 fidei
1200 1293 1320 1321 Judaica:
1347 1294 1380 1320 de
1395 1293 1550 1321 veneranda
1572 1294 1599 1320 in
1629 1293 1684 1320 Deo
1712 1291 1864 1325 Trinitate,
1880 1293 1907 1319 de

289 1337 405 1365 adventu
420 1337 535 1371 Messite,
551 1343 631 1374 atquc
643 1340 753 1367 humani
772 1341 880 1375 generis
893 1341 1089 1376 redemptione,
1106 1342 1259 1369 animarum
1279 1341 1485 1370 immortalitate
1499 1346 1581 1376 atque
1589 1341 1650 1369 aliis
1665 1340 1842 1376 huiusmodi,
1856 1348 1908 1376 qua:

287 1383 396 1410 dillieile
409 1391 443 1411 ex
457 1384 540 1411 verbo
558 1384 652 1412 divino
669 1393 724 1412 non
740 1386 829 1414 adhuc
844 1391 936 1421 aperte
951 1386 1061 1420 tradito,
1076 1387 1188 1422 intelligi
1203 1391 1339 1422 poterant.

333 1439 419 1468 XXV.
439 1440 564 1469 Profecto
581 1442 707 1471 Christus
727 1443 860 1472 Dominus
880 1449 906 1471 ct
927 1445 1043 1479 apostoli
1060 1445 1223 1480 quibusdam
1237 1445 1342 1473 Veteris
1357 1444 1523 1473 Tcstameuti
1541 1445 1609 1472 locis
1626 1445 1667 1472 usi
1682 1449 1748 1472 sunt
1762 1445 1797 1472 ad
1815 1445 1909 1473 conﬁr-

289 1486 417 1514 mandam
431 1486 585 1519 veritatem,
600 1488 658 1521 qui,
672 1488 776 1516 licetex
795 1490 905 1524 proprio
918 1490 1027 1518 litterali
1041 1498 1122 1518 sensu
1141 1491 1173 1518 ad
1189 1491 1359 1526 probandum
1371 1491 1397 1518 id
1410 1491 1483 1525 quod
1497 1484 1682 1523 intendebant,
1698 1498 1776 1518 suam
1795 1491 1856 1518 vim
1868 1491 1911 1518 lia-

286 1535 382 1564 herent
393 1541 475 1573 atque
487 1538 688 1569 auctoritatem,
703 1537 784 1573 longe
795 1542 884 1565 tamen
900 1539 990 1573 majus
1006 1537 1049 1566 eis
1075 1538 1180 1573 pondus
1191 1539 1336 1567 accedebat
1351 1546 1384 1566 ex
1397 1538 1543 1566 traditione
1554 1538 1746 1573 prophetarum
1758 1541 1787 1565 et
1803 1542 1913 1566 sancto.

285 1589 347 1610 rum
359 1587 493 1615 veterum,
511 1584 582 1611 unde
597 1583 741 1611 constabat
754 1583 816 1610 illos
827 1583 860 1610 ad
873 1583 999 1610 Messiam
1019 1584 1163 1617 respicere,
1182 1589 1265 1619 atque
1282 1585 1308 1611 in
1323 1584 1376 1612 illis
1392 1584 1425 1611 de
1439 1583 1620 1618 Redemptore
1634 1584 1688 1619 agi.
1703 1582 1771 1616 Quae
1785 1584 1911 1619 quidem.

286 1627 430 1655 traditione
453 1629 569 1660 seclusa,
587 1629 703 1656 minoris
719 1629 846 1663 ponderis
863 1634 889 1656 et
903 1629 1013 1656 levioris
1036 1630 1209 1657 auctoritatis
1227 1631 1298 1665 apud
1318 1638 1366 1658 eos
1388 1630 1514 1663 fuissent,
1533 1635 1560 1657 et
1576 1638 1648 1658 nunc
1665 1630 1830 1665 huiusmodi
1854 1637 1913 1658 esse

282 1673 356 1700 forte
369 1673 533 1708 quibusdam
548 1675 633 1702 videri
648 1679 788 1709 poterunt,
801 1675 847 1709 qui
864 1682 917 1702 non
935 1674 1002 1701 satis
1016 1675 1138 1702 animum
1151 1676 1296 1703 intendunt
1311 1677 1343 1704 ad
1360 1681 1478 1711 tempus,
1492 1680 1518 1703 et
1529 1676 1630 1707 locum,
1645 1681 1672 1704 et
1684 1684 1835 1711 personas,
1854 1678 1913 1712 qui.

284 1719 335 1747 bus
349 1720 394 1748 illa
411 1721 514 1755 prolata
532 1727 607 1749 sunt.
620 1721 756 1753 Profecto,
774 1729 835 1756 qua:
849 1721 883 1749 de
898 1722 1014 1757 mystico
1030 1726 1056 1748 et
1070 1722 1216 1758 allegorico
1232 1723 1436 1758 Scripturarum
1453 1731 1537 1751 sensu
1554 1727 1581 1750 et
1596 1723 1721 1750 doctrina
1737 1723 1812 1758 apud
1829 1722 1912 1751 Vete—

285 1765 322 1792 ris
338 1765 507 1794 Tcstamenti
523 1766 614 1795 Patres
627 1775 675 1802 per
686 1775 794 1801 manus,
808 1773 838 1794 ut
852 1768 888 1794 ita
900 1768 1001 1800 dicam,
1015 1767 1114 1795 tradita
1126 1768 1196 1796 dicta
1213 1773 1288 1801 sunt,
1301 1769 1381 1797 fidem
1396 1777 1428 1797 ac
1441 1770 1628 1804 probationem
1644 1769 1768 1804 accipere
1781 1769 1913 1797 videntur

285 1819 319 1839 ex
329 1813 421 1840 verbis
435 1811 531 1840 Hilarii
546 1813 601 1849 (52)
614 1822 621 1840 :
639 1822 648 1839 ‹
664 1813 716 1846 Qui
732 1813 851 1848 Moyses,
867 1813 915 1844 ait,
931 1813 1058 1847 quamvis
1069 1812 1177 1841 Veteris
1191 1815 1357 1842 Testamenti
1374 1809 1455 1841 verba
1468 1815 1494 1842 in
1511 1815 1607 1842 litteris
1622 1814 1804 1847 condidisset,
1820 1818 1913 1841 tamen

283 1858 431 1892 separatim
456 1859 579 1893 quaedam
602 1866 635 1886 ex
658 1859 771 1886 occultis
787 1858 855 1894 legis
867 1859 1014 1886 secretiora
1034 1860 1163 1894 mysteria
1188 1859 1366 1895 Septuaginta
1382 1860 1548 1893 senioribus,
1571 1860 1618 1894 qui
1635 1859 1764 1887 doctores
1779 1860 1912 1892 deinceps

283 1909 435 1937 manerent,
450 1904 632 1931 intimaverat.
643 1904 728 1940 Cujus
739 1905 871 1933 doctrinm
892 1905 974 1932 etiam
990 1904 1122 1932 Dominus
1146 1905 1173 1932 in
1202 1906 1356 1941 Evangeliis
1374 1907 1498 1934 meminit
1518 1907 1612 1934 (licens
1626 1915 1633 1932 :
1652 1906 1739 1940 Super
1752 1906 1913 1934 cathedram

284 1951 372 1986 Moysi
393 1952 515 1979 sederunt
541 1950 640 1978 Scriba:
657 1957 681 1978 et
698 1951 830 1978 Pharisaei
845 1958 853 1978 :
866 1952 955 1977 omnia
975 1959 1134 1986 quaecunque
1153 1951 1268 1978 dixerint
1296 1952 1366 1979 vobis
1391 1958 1491 1980 servate
1519 1957 1544 1980 et
1566 1952 1657 1986 facile,
1680 1952 1842 1987 secundum]
1854 1961 1913 1979 tero

285 2001 359 2035 facta
380 2007 469 2026 eorum
493 1999 573 2026 nolite
593 2000 689 2034 facere.
703 1998 830 2026 Doctrina
850 2006 915 2034 ergo
945 1998 1042 2025 horum
1057 1999 1158 2026 mansit
1168 1999 1195 2026 in
1209 2004 1360 2034 posterum,
1375 2008 1436 2036 quae
1448 2000 1482 2027 ab
1497 1999 1556 2035 ipso
1570 1999 1702 2034 scriptore
1715 2000 1785 2035 legis
1799 2005 1913 2035 accepta

284 2047 313 2073 in
333 2045 384 2072 hoc
399 2044 538 2072 seniorum
554 2045 641 2073 cilicio
657 2049 684 2072 et
696 2052 811 2072 numero
827 2048 988 2072 conservata
1006 2048 1047 2071 est
1063 2044 1148 2080 (55).»

281 2125 429 2153 neutur.Ex
440 2124 568 2152 Ghemart‘t
582 2123 770 2155 autemjuncta
781 2114 997 2154 Miscnw'lmlm,
1010 2122 1133 2155 Talmud,
1143 2130 1203 2157 quae
1213 2130 1265 2149 vox
1281 2122 1429 2149 doctrinam
1441 2121 1583 2157 signiﬁcat,
1598 2121 1913 2157 constituiturJaIn-ud

281 2168 345 2188 vero
361 2161 459 2194 duplex
475 2164 525 2193 est,
540 2161 653 2187 alterum
669 2163 710 2194 est
730 2157 934 2193 Babylonicum,
950 2159 1064 2185 alterum
1084 2156 1158 2184 vcro’
1169 2157 1452 2194 Hierosolymitanum.
1474 2156 1628 2194 Babylonici
1654 2161 1753 2184 auctor
1764 2156 1833 2194 fuit
1854 2157 1913 2184 Rau

280 2195 359 2226 Ascé.
371 2191 578 2230 Babylonicus,
589 2198 620 2230 et
633 2193 698 2230 quia
715 2191 801 2230 morte
819 2197 969 2230 praeventus
985 2191 1363 2230 opus‘pertieere“nequivit,
1391 2197 1484 2230 postea
1503 2191 1656 2218 absolutum
1681 2196 1724 2218 est
1733 2199 1750 2230 ρ
1762 2191 1913 2224 Marimar,

281 2235 309 2256 et
325 2238 340 2256 a
355 2229 412 2257 Mar
433 2226 495 2257 'tilio
530 2229 588 2256 Rau
608 2226 686 2259 Ascé,
708 2228 781 2255 circa
803 2226 903 2254 annum
922 2226 1026 2254 Domini
1040 2226 1092 2254 500
1112 2232 1159 2254 aut
1176 2227 1249 2261 505;
1275 2226 1548 2261 ltierosolymitanum
1570 2233 1649 2258 vero,
1667 2227 1740 2260 quod
1766 2233 1811 2254 est
1835 2236 1913 2254 com<

282 2265 445 2292 mentarium
458 2271 539 2298 super
552 2263 707 2298 nonnullos,
723 2270 777 2289 non
794 2268 883 2289 autem
901 2270 983 2295 super
1011 2269 1106 2289 omnes
1121 2261 1230 2290 Miscnw
1262 2263 1346 2290 libros
1355 2282 1371 2298 ,γ
1395 2270 1434 2298 ex_
1449 2261 1564 2288 diversis
1586 2261 1766 2288 rabbinorum
1795 2269 1913 2298 senten-

282 2300 326 2326 tiis
342 2300 483 2326 collectum
494 2296 523 2325 in
537 2304 608 2326 terra
625 2297 771 2331 Israelitica
787 2304 835 2331 pro
851 2298 883 2324 iis
898 2298 1058 2332 praesertim,
1080 2297 1125 2331 qui
1139 2305 1198 2324 eam
1212 2296 1530 2332 regionentrincolebaut.
1546 2297 1619 2323 circa
1652 2303 1757 2332 annum
1793 2296 1913 2324 Domini

280 2333 332 2361 568
353 2334 462 2369 scripsit
496 2333 581 2361 Rabhi
610 2331 750 2369 Jochauau
774 2332 889 2364 dialecto
918 2331 1180 2369 Hierosglymitana;
1216 2331 1252 2369 et
1267 2333 1328 2359 ideo
1352 2331 1628 2369 [lirerosolytnitgnum
1643 2366 1648 2369 _
1663 2331 1770 2369 dictum
1791 2336 1851 2369 est.
1880 2332 1913 2359 De

281 2366 540 2404 utroque'Talmud
567 2368 644 2404 plura
668 2367 750 2404 videri
781 2371 908 2404 poterunt
920 2367 990 2401 apud
1007 2366 1204 2395 Bartoloccium
1227 2368 1253 2394 in
1273 2376 1323 2395 sua
1347 2367 1510 2394 Bibliotheca
1535 2366 1691 2397 Rabbim‘ca,
1725 2366 1772 2393 ubi
1800 2366 1871 2395 fuse
1890 2371 1913 2394 el

279 2403 429 2431 multifaria
444 2404 596 2431 eruditione
612 2403 686 2429 hisce
701 2403 734 2428 (Ie
750 2403 830 2429 rebus
847 2406 1005 2436 pertractat.

315 2438 371 2474 (51)
394 2439 474 2466 Rich.
498 2439 565 2466 Sim.
592 2437 659 2464 Crit.
689 2436 742 2474 νςι.
761 2433 929 2470 Testam.,et
951 2437 979 2462 in
1008 2436 1075 2463 Litt.
1110 2444 1178 2471 resp.
1195 2437 1229 2462 ad
1244 2435 1419 2462 animadvers.
1446 2434 1543 2462 Claud.
1569 2433 1600 2461 de
1618 2433 1699 2466 νέης
1714 2433 1844 2462 Cunarus
1871 2436 1913 2464 De

278 2471 388 2507 Republ.
405 2473 496 2504 Helm,
508 2474 556 2500 lib.
570 2481 610 2502 in.
627 2479 686 2506 cap.
704 2471 730 2497 8.

342 2510 369 2533 θλ
382 2510 458 2533 Com.
472 2510 498 2533 in
513 2510 586 2533 Psal.
600 2515 629 2533 tl.
642 2516 667 2533 II.
683 2510 711 2533 2.

342 2510 358 2528 ο
394 2511 400 2518 ε
476 2510 482 2515 ·
526 2510 546 2524 ›-
661 2527 667 2532 .
705 2527 711 2533 .

382 2510 498 2571 (ill—"lini"
506 2509 586 2580 irrit-Ill.
600 2507 774 2580 |slt’ulilimeopere
784 2577 789 2580 _
801 2541 966 2580 cavendum”
979 2545 1020 2580 est
1039 2549 1055 2568 a
1071 2538 1258 2580 recentiorum
1275 2534 1664 2580 rabbinorunt!commeritus1
1671 2534 1913 2580 qqijﬂtﬂqsgqui

278 2569 613 2609 historiae-{tradiderim
631 2569 806 2612 quam-nobis
825 2577 913 2612 prodit
927 2576 1055 2608 Hilarius,
1076 2575 1232 2612 ab_utuntu_r_
1245 2572 1280 2612 .in
1302 2579 1371 2612 suas
1395 2571 1539 2612 naeniasnet
1559 2569 1913 2612 fabulasrconli‘rinandas,

278 2603 651 2649 Ei'ili'éas"si}ifpiiéibiiiu§
669 2603 862 2649 obtrudendas.
879 2603 1054 2649 'Fabulantur'
1073 2610 1151 2649 enim
1175 2603 1913 2649 rabbiuici'doctores}!Deumqumoutgsiuahpras-

278 2639 665 2685 iér‘iegéin"§éiipisin"sua
695 2648 771 2682 plura
793 2651 922 2685 oretenus
944 2646 1029 2685 Moysi
1053 2644 1209 2685 tradidisse,
1237 2649 1298 2676 quae
1311 2640 1388 2685 Legi:
1404 2639 1633 2685 piratis-Anqminc
1652 2639 1913 2685 completum-nque-

277 2674 597 2717 iibygéﬁ'éiiteii'ib'sl.e’,
611 2674 767 2710 .losue‘vero
778 2682 946 2717 septuaginta
961 2674 1125 2717 senioribus,
1149 2674 1271 2706 seniores
1299 2674 1448 2717 prophetis,
1479 2674 1624 2714 prophetas
1652 2674 1719 2717 viris
1741 2674 1913 2717 Synagogca.

709 2707 1091 2756 Simeonem?cognomento
1104 2707 1227 2756 justum,
1241 2707 1403 2756 nan-laute}:
1418 2707 1862 2756 illUIqudgiEgillu“1.13%?le
1870 2707 1913 2737 ὖὲι

276 2744 719 2789 multo
732 2744 926 2789 antiquiorem,
937 2744 1059 2789 tiémpore
1078 2744 1359 2789 Alexandriﬁlillagni‘,
1382 2746 1525 2789 Equitigopo
1533 2744 1670 2789 qSochzazo:
1794 2745 1913 2789 suits?

277 2779 519 2824 ﬁb’eiiiiidé'iii-i;
533 2779 650 2824 srviiedrii
665 2788 766 2824 magni,
784 2779 811 2824 ei
838 2787 882 2824 s_ic_
911 2779 1038 2824 deinceps
1071 2784 1213 2824 usque'ad
1231 2779 1362 2824 Rabbenu
1384 2779 1816 2824 llaklfgdosc,.qu_i__principique
1825 2781 1913 2824 gilii.

277 2813 915 2859 ifoiii"t"r;&er'éiiiur',“ié'périieﬁt,'séheduias
940 2813 1094 2856 priscorum
1112 2813 1278 2856 sapientum,
1303 2822 1333 2845 ut
1354 2817 1406 2853 ipsi
1431 2815 1575 2847 allirmant.
1594 2814 1648 2842 huc
1669 2813 1736 2842 illuc
1757 2814 1913 2848 dispersw
