1919 3051
46 138 92 165 525
376 137 420 164 DE
444 137 584 167 TlTULlS
603 139 833 168 PSALMORUM.
853 157 888 161 —
908 141 1102 170 ANTONELLI
1123 142 1322 171 PREFATIO.
1587 143 1639 172 112ιὶ

74 193 156 222 XXVI.
172 194 204 222 At
228 203 293 223 vero
317 196 340 224 si
365 205 422 225 rem
447 203 530 226 totam
548 207 603 234 prae
622 199 709 227 oculis
726 199 842 235 pesitam
861 202 990 229 attentius
1007 202 1172 235 intueamur,
1193 206 1220 230 et
1234 209 1295 237 quae
1309 202 1336 229 in
1359 200 1446 229 Veteri
1464 199 1641 229 Testamento

45 240 131 274 scripta
145 243 168 266 et
183 247 242 274 qua:
256 241 281 268 in
293 240 378 276 Novo,
389 248 417 270 et
429 251 490 278 qua:
505 252 519 271 a
536 244 687 280 majoribus
698 250 809 281 accepta
821 247 956 282 nobisque
970 248 1068 276 tradita
1082 249 1147 281 sint,
1164 249 1321 283 diligentius
1331 248 1547 280 consideremus,
1561 255 1642 276 nemo

45 287 96 320 erit,
104 291 130 314 ut
141 289 264 322 puto,qui
279 289 358 317 facile
372 291 494 318 animum
510 299 589 320 suum
605 292 726 326 inducat,
740 297 771 320 ut
784 293 888 327 credat,
906 294 1026 330 Moysen,
1040 296 1197 331 prophetas,
1210 300 1291 330 atque
1304 295 1374 322 alios
1386 296 1484 322 veteris
1498 295 1564 330 legis
1582 304 1641 323 ma-

44 332 130 366 gistros
142 337 168 360 et
181 335 323 363 sanctitate
339 340 367 363 et
381 337 495 364 scientia
519 343 679 372 praestantes
701 338 819 373 aliquam
835 345 938 367 certam
963 339 1120 376 Scripturas
1136 341 1280 375 allegorice
1297 340 1491 375 interpretandi
1507 340 1639 367 rationem

44 386 84 405 seu
100 379 237 408 doctrinam
255 389 270 408 a
285 381 338 408 Deo
353 384 500 418 accepisse,
515 392 576 419 quae
590 383 697 412 Kabala
713 386 881 414 nominanda
899 386 953 419 sit;
976 387 1023 414 sed
1034 387 1125 421 potius
1136 387 1284 422 generatim
1300 387 1344 414 eis
1365 391 1532 422 compertum
1558 387 1641 414 fuisse

43 423 66 449 in
84 424 284 460 simplicioribus
306 435 446 456 sacrarum
469 429 675 465 Scripturarum
693 431 785 458 verbis
801 439 916 460 arcanos
939 436 966 460 et
987 433 1161 460 sublimiores
1184 440 1281 460 sensus
1297 432 1452 460 reconditos
1469 439 1541 465 esse,
1558 440 1639 466 quos,

43 476 156 504 quantum
172 473 198 500 in
212 481 242 501 se
256 479 323 508 erat,
341 476 430 502 rimati
444 481 508 504 sunt
530 481 612 512 atque
633 478 874 513 investigaverunt.
899 478 953 506 Illis
970 484 1060 506 autem
1080 487 1135 507 non
1152 484 1205 506 tam
1223 487 1273 506 suo
1287 479 1380 506 labore
1393 484 1474 513 atque
1496 478 1640 511 industria,

42 524 111 550 quam
127 526 228 546 summa
245 521 438 555 omnipotentis
458 521 504 550 Dei
525 523 690 558 benignitate
705 524 802 559 magis,
821 524 966 558 minusque
984 531 1033 559 pro
1049 531 1228 558 personarum
1243 523 1410 555 conditione,
1426 522 1529 558 Spiritu
1546 527 1641 551 sancto

43 562 164 596 edocente,
179 565 225 599 qui
241 566 329 601 spirat
343 566 387 593 ubi
404 567 471 598 vult,
487 567 579 602 aliqua
592 568 709 595 revelata
725 568 819 599 fuisse,
836 568 889 595 alia
906 575 971 595 vero
987 575 1035 603 per
1053 576 1151 595 manus
1168 567 1371 603 quodammodo
1386 568 1524 602 accepisse
1538 575 1571 594 ex
1586 571 1641 594 tra-

45 608 133 637 ditione
147 612 290 647 majorum,
303 613 349 648 qui
365 613 490 641 similiter
501 615 622 642 coelestia
647 609 776 651 mysteria
798 615 932 642 velamine
954 615 1098 642 verborum
1120 614 1254 642 occultata
1271 621 1303 641 ex
1322 618 1398 648 parte
1414 614 1504 648 aliqua
1522 613 1639 641 assecuti

43 659 104 682 sunt.
116 656 246 685 Caeterum
261 658 371 690 intueri.
389 659 497 687 sublato
510 660 655 694 velamine,
671 661 761 688 divina
783 665 810 688 ct
823 668 940 696 superna
955 660 1094 696 mysteria,
1107 664 1133 687 et
1145 660 1274 695 dispulsis
1290 659 1435 694 ﬁgurarum
1454 659 1585 692 tenebris,
1596 667 1640 686 ar-

42 708 112 728 canos
130 701 329 738 Scripturarum
346 713 443 733 sensus
457 706 646 741 introspicere,
664 706 696 733 ad
715 706 740 733 id
757 711 863 741 tempus
876 710 1013 734 servatum
1028 710 1080 739 est,
1096 713 1150 740 quo
1166 705 1293 740 splendor
1306 705 1406 738 Patris,
1422 705 1468 732 lux
1485 704 1578 745 mundi
1590 711 1639 740 po-

41 746 99 779 pulis
110 747 261 781 jacentibus
275 749 303 776 in
322 750 441 778 tenebris
454 755 480 778 et
492 751 588 778 umbra
601 751 698 779 mortis
709 752 862 779 exoriretur
877 751 903 778 in
917 751 1007 778 terris.
1021 749 1080 778 Huc
1094 754 1184 778 autem
1200 755 1324 785 spectare
1336 750 1462 778 videntur
1476 750 1558 776 verba
1567 748 1640 783 Apo-

41 794 92 820 stoli
106 795 130 822 in
145 794 265 830 Epistola
282 797 316 823 ad
330 797 505 825 Corinthios:
523 796 583 824 Non
598 797 667 832 quod
681 798 834 832 sufficientes
846 797 928 824 simus
943 796 1059 831 cogitare
1075 795 1176 830 aliquid
1192 803 1224 822 ea:
1241 795 1325 828 nobis,
1344 795 1420 831 quasi
1436 803 1469 822 ea;
1487 795 1579 827 nobis;
1596 794 1641 821 sed

39 842 176 876 Str/ﬁdentia
191 849 283 871 nostra
305 852 338 871 ex
354 844 406 871 Deo
422 849 472 876 est.
490 845 534 879 qui
549 851 574 872 et
588 845 693 872 idoneos
705 853 751 872 nos
769 845 830 879 fecit
851 844 987 871 ministros
1002 842 1071 870 Navi
1088 842 1256 871 Testamenti.
1275 850 1324 868 non
1349 841 1455 873 littera,
1469 840 1513 867 sed
1526 840 1620 875 spiritu
1630 847 1640 866 .-

41 886 113 915 littera
123 890 188 916 enim
203 890 311 923 occidit,
327 893 437 925 spiritus
451 899 539 920 autem
555 893 669 928 viviﬁcat
684 892 723 925 “;
737 896 764 920 et
780 892 860 927 paulo
870 891 983 918 inferius
996 900 1002 918 :
1018 890 1053 917 Et
1067 898 1118 917 non
1131 891 1199 917 sicut
1218 889 1321 925 Moyses
1335 889 1446 923 ponebat
1465 887 1582 916 velamen
1594 896 1641 915 su-

40 939 77 964 per
86 933 173 967 facient
184 943 273 969 suam,
285 942 314 964 ut
329 946 380 964 non
397 938 559 966 intenderent
574 939 624 973 ﬁlii
646 937 733 965 Israel
745 938 771 965 in
785 938 880 972 [aciem
901 937 968 972 ejus,
982 936 1052 971 quod
1074 941 1217 963 evacuatur
1229 944 1237 962 :
1251 936 1296 962 sed
1311 934 1397 962 obtusi
1411 939 1472 961 sunt
1491 942 1581 961 sensus
1596 942 1643 962 eo-

42 987 97 1006 rum.
113 980 194 1016 Usque
215 983 244 1010 in
261 983 414 1015 hodiernum
432 987 503 1013 enim
523 986 590 1013 diem
606 986 634 1012 id
650 986 736 1020 ipsum
749 985 863 1012 velamen
875 985 903 1011 in
918 984 1026 1011 lectione
1044 983 1142 1011 Veteris
1156 982 1317 1009 Tcstamenti
1331 985 1418 1007 manet
1435 988 1486 1007 non
1500 980 1642 1008 revelatum

41 1024 157 1058 (quoniam
168 1028 195 1054 in
207 1027 314 1055 Christo
323 1030 487 1066 evacuatur),
499 1030 544 1057 sed
558 1038 639 1065 usque
653 1031 679 1057 in
692 1030 846 1057 hodiernum
859 1030 939 1062 diem,
953 1037 1012 1056 cum
1025 1029 1122 1064 legitur
1135 1028 1249 1063 Moyses.
1261 1027 1376 1055 velamen
1388 1027 1503 1062 positum
1514 1031 1551 1054 est
1565 1033 1643 1061 super

42 1078 78 1096 tor
87 1079 203 1102 eorum...
225 1074 283 1102 Nos
297 1084 356 1103 vero
370 1085 458 1104 omnes
471 1077 586 1104 revelata
599 1077 666 1111 facie
678 1077 791 1112 gloriam
804 1076 909 1103 Domini
926 1075 1088 1111 speculantes
1099 1076 1126 1102 in
1140 1075 1257 1103 eamdem
1269 1075 1408 1109 imaginem
1422 1074 1644 1109 transformamur

40 1124 54 1142 ι
64 1117 173 1146 claritate
185 1121 212 1146 in
229 1120 390 1155 claritatem,
406 1127 531 1158 tanquam
542 1131 559 1149 a
580 1122 686 1150 Domini
701 1121 801 1157 Spiritu
813 1122 844 1148 ¹².
861 1121 902 1149 Ad
921 1121 965 1148 illa
979 1125 1068 1148 autem
1085 1121 1204 1155 Apostoli
1220 1120 1301 1148 verba
1311 1120 1345 1147 de
1360 1120 1491 1147 velamine
1504 1127 1585 1155 super
1596 1127 1644 1147 eor

41 1162 187 1199 Judaeorum,
201 1174 266 1193 cum
280 1167 376 1202 legitur
384 1167 500 1204 Moyses,
511 1169 547 1196 ita
560 1172 759 1196 commentatur
768 1167 898 1203 Origenes
909 1167 1035 1195 refellens
1046 1167 1153 1195 Celsum
1164 1167 1232 1202 (54),
1241 1166 1299 1201 qui.
1310 1164 1466 1192 Iudaeorum
1476 1171 1573 1192 sensus
1584 1172 1644 1194 eos-

41 1209 89 1236 dem
102 1219 157 1238 esse
172 1220 204 1240 ac
216 1212 437 1241 Christianorum
454 1215 480 1241 in
499 1214 601 1242 sanctis
615 1214 764 1250 Scripturis
780 1213 1001 1248 interpretandis,
1016 1218 1117 1240 temere
1131 1212 1291 1239 allirmabat.
1317 1220 1326 1236 ι
1341 1210 1479 1243 Dicemus,
1495 1212 1592 1247 inquit,
1613 1211 1643 1238 in

41 1257 150 1286 confesso
164 1267 226 1287 esse
237 1260 308 1295 apud
325 1265 466 1296 utrosque,
484 1261 569 1289 libros
582 1261 675 1289 divino
691 1261 792 1296 Spiritu
805 1260 891 1288 fuisse
910 1260 1044 1296 scriptos;
1059 1261 1093 1288 de
1110 1261 1216 1288 illorum
1231 1265 1320 1288 autem
1339 1261 1468 1288 librorum
1483 1260 1643 1294 interpreta-

42 1302 103 1330 tione
114 1311 161 1332 nos
174 1312 239 1332 cum
254 1304 356 1333 ludatis
368 1306 524 1334 dissentire.
539 1306 643 1341 Quippe
656 1313 709 1333 non
723 1311 752 1333 ut
761 1305 846 1334 Judaei
860 1306 984 1339 vivimus,
1001 1314 1184 1341 negamusque
1199 1311 1315 1334 mentem
1325 1306 1392 1341 legis
1403 1306 1536 1334 contineri
1551 1313 1644 1340 sensu,

41 1356 107 1383 quem
118 1350 203 1385 legum
219 1351 309 1378 littera
322 1359 377 1386 pne
388 1360 417 1380 se
425 1352 485 1380 l'ert.
497 1352 625 1386 Quinimo
642 1353 818 1385 allirmamus,
829 1361 890 1381 cum
905 1353 1004 1388 legitur
1015 1352 1132 1388 Moyses,
1146 1353 1267 1380 velamen
1286 1354 1405 1388 positum
1423 1361 1483 1382 esse
1500 1360 1581 1388 super
1598 1361 1646 1380 cor

41 1402 132 1427 eorum,
144 1404 204 1423 eam
220 1397 256 1424 ob
269 1404 392 1429 causam,
408 1398 472 1432 quia
486 1398 553 1434 legis
570 1398 695 1426 Mosaicae
712 1406 789 1426 mens
803 1398 955 1426 occultatur
973 1398 1016 1431 iis,
1032 1399 1078 1433 qui
1090 1399 1160 1425 viam
1176 1407 1190 1426 a
1205 1398 1268 1426 Jesu
1288 1398 1399 1426 Christo
1414 1403 1590 1426 monstratam
1603 1398 1646 1426 in-

40 1442 102 1475 gredi
115 1447 288 1470 recusarunt.
303 1442 410 1471 Scimus
424 1448 526 1475 autem.
542 1445 650 1479 quando
670 1452 700 1472 se
718 1444 780 1480 quis
793 1445 826 1472 ad
841 1444 996 1477 Dominum,
1008 1445 1053 1479 qui
1070 1444 1189 1479 Spiritus
1207 1449 1259 1477 est.
1273 1445 1449 1478 converterit,
1461 1445 1583 1472 velamen
1598 1452 1646 1472 au-

40 1487 104 1521 ferri,
117 1497 236 1524 eumque
247 1494 343 1516 retecta
357 1490 424 1524 {acie
438 1490 546 1518 Domini
560 1491 683 1527 gloriam,
698 1490 765 1518 velut
779 1491 806 1518 in
818 1490 934 1525 speculo,
949 1491 1047 1517 intueri
1060 1491 1087 1517 in
1102 1491 1156 1518 illis
1172 1491 1309 1522 sensibus.
1323 1499 1394 1526 quos
1407 1491 1496 1518 littera
1505 1491 1572 1526 legis
1581 1490 1645 1518 abs-

40 1535 166 1567 condebat,
178 1535 242 1562 etin
253 1543 330 1563 suam
342 1536 428 1571 ipsius
438 1537 650 1573 gloriamglorim
661 1537 759 1565 divinae
772 1537 930 1572 participem
941 1536 1010 1564 ﬁeri.
1024 1536 1090 1564 Nam
1105 1537 1142 1571 id,
1154 1538 1227 1573 quod
1238 1538 1281 1564 hic
1294 1538 1463 1574 perliguram
1478 1541 1591 1564 vocatur
1605 1537 1647 1570 fa-

40 1580 98 1611 cies,
112 1585 202 1616 aperte
218 1581 339 1616 loquenti
357 1587 398 1611 est
409 1583 573 1618 intellectus,
588 1584 614 1610 in
632 1592 686 1619 quo
703 1587 744 1612 est
755 1584 894 1611 interioris
909 1583 1028 1611 hominis
1040 1583 1133 1616 lacies,
1144 1592 1214 1618 quae,
1228 1588 1370 1619 perspecto
1381 1591 1446 1610 vero
1455 1583 1543 1618 legum
1552 1590 1645 1614 sensu,

39 1631 86 1653 tota
101 1627 200 1654 lumine
222 1631 249 1654 et
269 1628 355 1662 gloria
369 1631 532 1665 resplendet.
549 1641 558 1657 ι
586 1630 768 1664 Quamobrem
784 1631 862 1666 juxta
882 1629 964 1657 verba
980 1631 1051 1659 beati
1069 1631 1193 1666 Apostoli
1210 1632 1342 1666 spiritalis
1359 1639 1499 1660 sacrarum
1525 1629 1647 1664 Scriptu-

40 1681 118 1703 rarum
137 1678 325 1713 intelligentia,
343 1682 369 1705 et
386 1677 553 1705 sublimioris
574 1677 681 1705 illarum
695 1685 793 1705 sensus
807 1677 926 1712 perfecta
949 1685 1063 1714 prorsus
1080 1683 1161 1712 atque
1181 1677 1306 1705 absoluta
1327 1678 1445 1713 cognitio
1467 1684 1561 1704 revera
1580 1675 1646 1704 solis

40 1724 168 1757 apostolis,
182 1725 343 1759 sanctisque
357 1723 494 1756 Patribus,
509 1727 537 1751 et
550 1723 678 1751 Ecclesiae
693 1723 739 1752 Dei
758 1724 823 1756 vivi,
837 1732 898 1758 quae
913 1729 955 1752 est
968 1724 1108 1754 colunma,
1124 1729 1150 1750 et
1164 1723 1365 1751 ﬁrmamentum
1381 1723 1504 1751 veritatis
1517 1722 1550 1754 ",
1564 1727 1591 1749 et
1612 1720 1646 1748 ad

40 1774 111 1801 quam
126 1778 159 1798 ex
176 1772 329 1806 apostolica
345 1771 491 1799 traditione
508 1771 669 1803 dimanavit,
686 1771 768 1798 tribui
785 1771 873 1799 debet.
889 1771 955 1798 Nam
975 1779 1009 1798 ex
1025 1771 1058 1798 iis
1071 1778 1132 1805 quae
1150 1771 1222 1798 circa
1243 1770 1382 1799 Christum
1400 1770 1545 1798 Dominum
1560 1767 1648 1796 conti-

40 1821 136 1847 lierunt,
153 1825 256 1852 magna
270 1817 316 1844 lux
331 1824 416 1845 sacrae
431 1816 589 1852 Scriptura,
606 1820 633 1843 et
645 1816 780 1851 praecipue
795 1817 962 1852 propheticis
975 1817 1093 1844 oraculis
1106 1817 1187 1844 allata
1204 1821 1254 1844 est.
1274 1816 1406 1844 Praeterea
1427 1816 1554 1844 Christus
1571 1819 1647 1850 post-

39 1868 110 1894 quam
122 1862 149 1889 in
165 1863 267 1891 coelum
284 1863 415 1894 ascendit,
431 1861 561 1897 Spiritum
579 1866 714 1893 sanctum,
726 1870 807 1897 quem
831 1862 994 1896 promiserat
1015 1862 1145 1897 apostolis
1156 1882 1163 1894 ,
1181 1862 1264 1894 miSit,
1281 1862 1328 1897 qui
1351 1862 1460 1889 doceret
1473 1868 1521 1888 eos
1538 1867 1646 1888 omnem

39 1908 184 1943 veritatem;
198 1909 261 1937 ideo
272 1909 386 1937 docente
399 1909 501 1943 Spiritu
517 1909 640 1937 veritatis
652 1909 794 1944 pervenire
806 1908 920 1944 apostoli
933 1913 1080 1944 potuerunt
1094 1909 1128 1936 ad
1142 1909 1317 1944 allegoricum
1333 1916 1380 1936 seu
1396 1907 1545 1943 spiritalem
1557 1914 1648 1934 sacra-

39 1959 90 1979 rum
111 1955 317 1990 Scripturarum
341 1963 452 1983 sensum
471 1955 687 1990 percipiendum,
703 1960 730 1982 et
750 1962 784 1982 eo
808 1955 961 1990 pertingere
983 1963 1038 1990 quo
1059 1955 1187 1983 Patribus
1199 1955 1306 1983 Veteris
1322 1953 1487 1983 Testamenti
1499 1957 1527 1981 et
1543 1953 1648 1987 magnis

40 1999 167 2031 prophetis
181 2005 325 2035 penetrare
342 2009 395 2029 non
412 2001 500 2028 licuit.

69 2043 173 2073 XXVII.
192 2047 386 2081 Aposmlorum
403 2048 488 2083 igitur
502 2047 627 2082 exemplo
639 2047 782 2079 excitatos,
794 2055 945 2082 eorumque
960 2048 1079 2083 vestigiis
1089 2052 1116 2075 et
1129 2047 1259 2075 doctrinae
1272 2046 1435 2073 inhaerentes
1448 2044 1649 2073 vetustissimos

40 2089 170 2120 orientalis
185 2092 318 2121 Ecclesiae
334 2093 430 2122 Patres
448 2095 562 2130 mystico
585 2094 799 2128 Scripturarum,
822 2093 914 2121 sensui
927 2094 1071 2129 aperiendo
1083 2093 1253 2129 potissimum
1274 2092 1422 2124 studuisse,
1439 2090 1519 2118 iidem
1535 2090 1648 2122 faciunt,

40 2139 65 2160 ιιι
77 2139 201 2171 superius
218 2139 285 2173 dixi,
303 2145 401 2175 praeter
423 2140 565 2176 Origenem
581 2145 608 2168 ct
623 2141 788 2169 Clementem
801 2141 1015 2168 Alexandrinum
1034 2141 1150 2176 epistola
1173 2148 1234 2175 quae
1249 2139 1380 2167 Barnabte
1392 2138 1555 2170 ascribitur;
1569 2136 1648 2164 Com-

40 2185 163 2212 mentaria
180 2185 209 2212 in
220 2191 335 2220 quatuor
346 2185 492 2221 Evangelia
505 2187 649 2222 Theophili
665 2188 785 2222 episcopi
801 2188 974 2221 Antiocheni,
997 2188 1039 2215 vel
1057 2186 1168 2214 alterius
1183 2187 1286 2221 antiqui
1306 2185 1458 2220 scriptoris,
1473 2184 1518 2219 qui
1530 2183 1650 2217 Evange-

40 2224 99 2254 lium
117 2230 233 2264 mystica
251 2230 474 2265 interpretatione
487 2232 616 2267 explicat,
633 2237 689 2260 tum
713 2234 794 2260 etiam
809 2232 940 2260 llcbraica
955 2234 1065 2261 nomina
1079 2241 1140 2268 quae
1154 2233 1181 2260 in
1197 2232 1273 2260 Novo
1290 2231 1464 2259 Testamento
1477 2230 1650 2258 continentur

40 2271 174 2308 diligenter
185 2276 390 2311 interpretatur,
405 2283 434 2305 et
448 2277 622 2312 allegoricum
639 2285 749 2305 sensum
766 2279 808 2313 pie
825 2287 856 2306 ac
876 2280 991 2306 solerter
1005 2279 1133 2314 exponit;
1148 2283 1204 2306 tum
1224 2278 1276 2305 alia
1291 2278 1412 2312 ejusdem
1425 2275 1566 2311 Theophili
1584 2275 1651 2302 alio—

40 2326 149 2355 rumque
166 2326 291 2350 veterum
305 2323 434 2352 Ecclesia:
446 2324 558 2352 Patrum
571 2325 702 2360 opuscula
718 2333 778 2360 quae
793 2325 826 2353 ad
844 2334 895 2354 nos
908 2330 1099 2361 pervenerunt.
1117 2324 1172 2352 Cur
1189 2328 1278 2351 autem
1301 2323 1405 2358 antiqui
1419 2321 1539 2350 Orientis
1558 2321 1652 2349 Patres

40 2363 63 2390 in
76 2368 272 2399 Perscrutando
295 2370 410 2404 mystico
427 2378 475 2397 Seu
499 2371 613 2406 spiritali
636 2371 840 2405 Scripturarum
865 2379 947 2399 sensu
964 2371 1031 2398 adeo
1045 2371 1187 2405 diligentes
1202 2374 1230 2397 et
1248 2369 1349 2398 assidui
1369 2369 1480 2401 fuerint,
1496 2367 1595 2403 duplici
1618 2375 1650 2395 ex

40 2417 114 2439 causa
132 2413 268 2445 evenisse,
282 2415 409 2450 quisque,
427 2420 457 2443 ιιι
468 2424 540 2449 reor,
554 2416 697 2451 judicabit.
717 2416 820 2449 Prima,
840 2418 904 2452 quia
921 2417 1077 2452 huiusmodi
1094 2416 1344 2452 interpretationem
1362 2415 1494 2450 aptiorem
1513 2413 1654 2443 existima-

78 2493 97 2509 “
108 2494 130 2521 ll
145 2495 211 2523 Cor.
224 2504 265 2529 nr,
277 2496 304 2531 3,
319 2496 345 2525 6.
385 2498 406 2513 "
421 2497 487 2525 ibid.
502 2497 593 2525 15-18.
633 2497 655 2513 ¹³
674 2496 765 2524 lTim.
779 2497 873 2531 nt,15.

41 2562 154 2601 fpllegit,
170 2562 328 2597 librumque
340 2563 443 2590 Miseno
451 2563 581 2601 confecit,
591 2571 606 2591 a
629 2571 684 2598 quo
703 2571 765 2601 curn
779 2562 923 2601 _Gltem_art‘t
933 2563 1079 2601 conjuncta
1103 2563 1422 2601 _Talmud_'componitur_.
1437 2561 1551 2601 Talmud
1564 2565 1654 2601 autem

42 2595 139 2637 llr-bimi
164 2605 242 2637 mque
253 2595 299 2637 “at;
310 2606 431 2637 Isauriam
449 2595 851 2637 Scripturamanagniiaciunt;
869 2599 928 2637 imo
941 2595 1031 2637 etiam
1043 2598 1199 2637 praeierunt.
1210 2597 1268 2637 _Est
1286 2595 1374 2626 autem
1392 2597 1461 2637 liber
1477 2596 1572 2637 plenus
1590 2595 1652 2637 ridi-

41 2632 104 2670 nulis
127 2636 158 2671 et
188 2630 287 2671 putidis
308 2633 425 2671 fabulis,
441 2630 703 2671 superstitionibus,
724 2630 901 2671 blasphemiis
922 2638 948 2660 et
968 2630 1154 2671 impietatibus
1176 2635 1355 2671 refertus,_ut
1368 2632 1465 2660 merito
1477 2630 1655 2671 pl'uries'fue-

41 2667 71 2705 rit
102 2675 115 2708 a
139 2665 272 2708 Ret—nanis
295 2665 484 2708 pontiﬁcibus'
499 2669 679 2708 proscriptus,
712 2673 738 2708 et
756 2665 1032 2708 igpindamnantusLet
1055 2669 1134 2708 longe
1158 2669 1292 2708 anteauab
1313 2665 1488 2708 imperatore
1500 2665 1655 2708 Jtrt‘stiniano

40 2701 94 2734 ejus
107 2703 188 2740 lectio
199 2699 317 2730 Ilcbrreis
329 2699 588 2740 interdictavidetur
602 2699 629 2740 in
648 2703 753 2740 novella
766 2699 842 2740 “1’46,
862 2704 904 2740 tit.
920 2704 958 2730 De
974 2699 1117 2740 Hebraeis:
1129 2704 1219 2740 verbis
1235 2703 1305 2730 illis:
1321 2712 1330 2740 ς
1346 2699 1500 2740 Quat_vero_
1523 2699 1655 2740 Peutero-

41 2737 184 2775 sus._quasi
205 2739 362 2775 secundaria
384 2737 502 2775 eruditio
523 2739 558 2765 ab
579 2738 646 2775 ipsis
662 2738 772 2770 dicitur,
792 2738 819 2764 in
838 2738 997 2775 universum
1020 2738 1263 2775 interdicimus,rut
1282 2738 1329 2775 qui
1354 2737 1440 2764 sacris
1473 2735 1550 2775 libris
1574 2741 1655 2775 com:

43 2772 175 2808 prehensa
185 2779 239 2798 non
252 2773 297 2805 sit,
312 2781 399 2807 neque
423 2773 540 2808 desuper
569 2773 667 2800 tradita
694 2781 741 2808 per
769 2773 924 2808 prophetas.
939 2775 985 2801 sed
1003 2778 1129 2808 excerpta
1152 2774 1275 2808 quacdam
1300 2773 1419 2801 virorum
1443 2772 1593 2803 conﬁnem.
1610 2772 1656 2803 qui

43 2807 292 2844 terrenaguntaxat
307 2808 463 2844 loquantur,
483 2807 730 2844 ucquegquidquam
749 2807 775 2836 in
791 2817 819 2836 se
837 2809 922 2836 divini
938 2809 1055 2837 habeant
1066 2807 1200 2840 Numinis,
1217 2813 1269 2836 etc.

81 2841 226 2876 (διλογίε.
238 2848 327 2869 contra
340 2843 408 2870 Cels.
423 2843 470 2871 lib.
482 2851 508 2876 v,
525 2841 551 2870 it.
564 2841 608 2870 60.
