1919 3051
257 144 309 172 627
687 146 714 172 S.
736 145 922 173 ATHANASII
938 146 1014 174 OPP.
1036 146 1126 174 PARS
1146 145 1188 173 Ill.
1208 162 1241 166 ——
1259 145 1462 174 EXEGETICA.
1833 143 1880 170 σεε

258 201 323 228 bant
338 202 370 228 ad
382 202 505 230 alendam
521 203 638 230 fideliqu
661 204 787 238 pietatem
809 208 836 231 et
851 204 936 239 magis
963 204 1195 231 accommodatam
1212 204 1373 231 Christiana:
1389 204 1529 239 religioni,
1549 212 1609 238 quae
1627 204 1786 231 adoratorcs
1799 202 1880 237 exigit

258 246 284 272 in
303 247 400 281 spiritu
417 253 443 275 et
460 249 585 281 veritate;
602 253 657 275 tum
670 250 751 276 ctiam
763 251 826 284 quia
843 250 956 276 omnino
978 250 1160 276 necessariam
1184 257 1244 276 esse
1267 250 1413 277 censebant
1429 254 1532 277 rectam
1556 248 1759 284 Scripturarum
1780 248 1879 275 intelli-

256 295 385 330 gentiam,
409 303 469 322 cum
486 297 609 331 quaedam
637 297 664 324 in
686 296 776 324 Veteri
793 297 969 324 Testamento
987 302 1145 328 occurrant,
1160 304 1221 331 qum
1240 296 1292 324 nisi
1317 296 1447 331 spiritalis
1469 296 1656 330 interpretatio
1669 295 1837 322 adhibeatur
1852 296 1877 322 in

257 341 405 368 absurdum
423 350 533 370 sensum
547 344 631 378 accipi
648 348 772 378 possunt.
789 344 880 371 Altera
899 349 988 371 autem
1005 344 1076 370 haud
1090 344 1171 370 dubie
1191 351 1222 370 ea
1235 348 1287 374 est,
1305 344 1369 377 quia
1387 351 1434 377 per
1450 343 1474 369 id
1489 347 1596 377 tempus
1609 347 1701 369 exorta
1715 347 1775 368 erat
1790 342 1875 367 luere-

256 386 295 415 sis
311 387 511 420 Gnosticorutn,
530 389 577 423 qui
593 389 788 416 catholicorum
808 389 953 424 magistros
969 394 995 415 et
1010 389 1144 419 doctores,
1161 389 1241 415 veluti
1261 389 1343 414 rudes
1359 392 1441 421 atque
1457 387 1596 422 imperitos
1614 387 1801 420 traducentes,
1819 394 1878 421 spe-

257 434 420 468 eiequadam
436 435 602 462 sublimioris
618 436 739 462 scientia».
753 435 786 462 ad
803 443 832 462 se
847 435 1002 462 alliciebant
1015 434 1199 467 Christianos,
1217 439 1244 461 et
1255 434 1333 460 novis
1347 433 1503 467 allegoricis
1520 433 1790 467 interpretationibus
1803 435 1877 460 adul-

257 484 375 507 terantes
388 479 555 514 Scripturas,
568 479 675 507 fabulas
692 488 757 507 suas
781 488 829 514 pro
849 487 917 506 nova
937 479 1055 513 quadam
1075 478 1271 513 reconditaque
1290 479 1415 506 doctrina
1435 478 1624 510 venditabant,
1639 483 1665 505 et
1683 487 1736 506 non
1753 487 1836 507 secus
1849 488 1878 508 ac

258 526 386 555 Pharismi
400 528 426 554 in
445 526 528 554 veteri
549 527 606 562 lege
627 534 734 554 errores
756 535 820 554 suos
842 534 874 553 ac
890 526 1067 553 deliramenta
1092 525 1305 560 simplicioribus
1324 525 1515 552 obtrudebant.
1532 524 1656 552 Profecto
1676 525 1871 552 Gnosticorum

257 572 367 600 [κει-θεὶς
381 579 396 599 a
411 572 610 599 Pharisaeorum
625 572 767 604 fermento,
783 580 798 599 a
814 580 869 606 quo
882 575 910 598 ut
926 576 1063 603 caverent,
1078 572 1216 606 apostolos
1231 572 1338 598 monuit
1350 571 1475 599 Christus
1486 571 1628 604 Dominus,
1645 568 1780 607 origin-em
1795 580 1875 599 suam

255 618 380 646 ducebat.
404 618 494 652 Neque
505 619 576 646 enim
599 618 790 645 Gnosticorum
809 618 1060 652 pseudo-theologia
1080 617 1153 644 aliud
1167 622 1235 650 erat,
1248 622 1277 645 ut
1290 618 1372 645 etiam
1392 618 1437 645 alii
1453 618 1641 650 observarunt,
1658 626 1740 652 quam
1757 619 1877 653 philoso-

256 666 317 699 phia
333 664 522 700 Pythagorica,
535 670 615 699 atque
628 664 709 691 etiam
722 663 870 696 Platonica,
884 669 912 690 ut
929 663 963 690 ab
979 663 1098 691 Hebraeis
1118 663 1260 690 kabalistis
1285 665 1409 698 exposita
1419 668 1446 691 et
1461 664 1621 698 interpolata
1636 669 1688 697 est,
1707 669 1733 691 et
1751 665 1877 699 pluribus

258 712 367 744 additis,
380 711 505 742 inversis,
518 712 676 746 amputatis,
694 719 747 738 non
763 719 859 746 parum
878 711 1029 738 immutata.
1048 710 1115 738 Nam
1140 710 1297 738 Judceorum
1317 710 1429 744 Kabala,
1444 710 1478 737 de
1496 718 1549 745 qua
1567 710 1645 745 plura
1659 711 1785 745 superius
1803 711 1875 743 dixi.

254 757 482 792 quemadmodum
496 761 522 784 et
539 756 634 791 primis
650 756 779 784 Ecclesia:
793 757 901 784 saeculis
914 764 928 783 a
945 756 1067 783 rabbinis
1088 757 1254 789 tradebatur,
1274 761 1354 791 atque
1369 757 1516 783 etiamnum
1532 764 1547 783 a
1564 757 1703 784 nonnullis
1719 757 1878 785 rabbinica-

254 811 314 830 rum
328 803 505 830 traditionum
520 802 657 837 magistris
675 803 790 829 traditur
806 802 874 837 (55),
892 803 948 836 agit
971 803 1143 837 potissimum
1165 803 1198 830 de
1216 811 1308 831 rerum
1327 803 1432 837 origine
1447 807 1474 830 et
1491 803 1607 834 ratione,
1621 811 1653 830 ac
1670 803 1750 830 modo
1763 811 1877 838 genera-

255 849 336 877 tionis
348 857 395 876 seu
409 849 610 884 progressionis
627 853 654 876 et
671 848 760 875 fluxus
776 856 867 875 rerum
890 856 904 876 a
919 849 1007 883 primo
1029 855 1098 882 ente,
1114 856 1140 877 et
1159 851 1191 878 de
1211 851 1367 878 earumdem
1387 858 1477 877 rerum
1500 850 1629 885 gradibus
1649 850 1840 886 descensuque
1862 860 1876 878 a

254 897 370 924 summis
381 897 414 923 ad
427 896 492 923 ima.
509 895 568 923 Non
585 901 676 922 autem
690 895 823 923 dissimile
838 894 889 922 fuit
909 895 1047 923 Guostica:
1068 897 1325 932 pseudo-theologia:
1343 901 1545 932 argumentum,
1563 901 1593 923 ut
1608 896 1698 924 videre
1721 896 1785 924 licet
1806 898 1876 932 apud

254 944 385 970 Irenaeum
400 947 427 969 et
441 942 512 976 apud
527 941 721 976 Epiphanium,
737 941 862 976 aliosque
886 946 992 969 veteres
1008 941 1137 970 Ecclesiae
1155 943 1316 977 'scriptores.
1331 942 1399 969 'Non
1419 947 1472 969 tam
1498 942 1644 970 Gnosticos
1666 949 1747 977 quam
1770 948 1876 970 veteres

253 989 407 1016 Kabalistas
419 988 492 1016 circa
507 988 576 1014 duos
592 987 765 1022 potissimum
781 991 905 1015 versatos
918 987 1002 1015 fuisse
1013 988 1081 1023 (56),
1097 996 1130 1015 ex
1146 993 1266 1015 veterum
1285 988 1474 1023 scriptisque:
1486 988 1518 1014 ad
1532 995 1581 1015 nos
1593 992 1784 1023 pervenerunt,
1799 997 1872 1016 com-

252 1038 365 1073 peritur.
379 1036 511 1067 Primum,
525 1041 555 1062 ut
569 1034 701 1062 fabulosis
716 1034 774 1062 suis
787 1034 950 1061 commentis
966 1039 1143 1069 exponerent,
1160 1043 1214 1069 quo
1230 1035 1334 1066 ordine,
1352 1038 1379 1062 et
1394 1042 1448 1069 qua
1463 1035 1534 1062 serie
1547 1041 1590 1061 res
1604 1041 1698 1061 omnes
1712 1042 1727 1061 a
1741 1034 1798 1061 Deo
1809 1035 1873 1066 sint,

252 1089 383 1120 tanquam
398 1092 412 1111 a
428 1083 517 1120 prima
532 1090 625 1113 causa,
644 1089 706 1116 quae
723 1081 879 1108 necessario
893 1080 1014 1112 exsistit;
1028 1080 1189 1113 secundum,
1202 1086 1230 1108 ut
1252 1081 1427 1108 ostenderent
1440 1087 1550 1107 causam
1567 1079 1680 1114 primam
1697 1086 1724 1107 et
1738 1080 1870 1115 originem

253 1131 329 1158 mali.
344 1130 423 1163 Quod
439 1131 472 1157 de
484 1128 623 1157 Gnosticis
636 1127 781 1154 manifesto
807 1130 914 1154 constat
927 1134 959 1153 ex
974 1126 1096 1160 ejusdem
1111 1126 1197 1153 sancti
1212 1125 1306 1154 frenati
1321 1126 1398 1153 libris
1417 1126 1548 1152 Adversus
1574 1125 1694 1158 hereses,
1724 1126 1769 1152 ubi
1793 1126 1876 1153 refert

252 1175 328 1210 impii
345 1175 481 1202 Valentini
498 1183 617 1203 errores.
637 1175 674 1203 De
685 1174 832 1202 Kabalistis
849 1181 914 1201 vero
929 1182 961 1202 ex
977 1182 1072 1201 eorum
1088 1175 1165 1202 libris
1185 1175 1233 1210 qui
1250 1175 1283 1202 ad
1299 1182 1350 1202 nos
1366 1179 1558 1209 pervenerunt,
1572 1179 1600 1202 et
1616 1174 1716 1209 quibus
1737 1175 1876 1210 explican-

251 1220 294 1248 dis
308 1227 362 1247 non
376 1220 464 1247 solum
483 1221 533 1255 ipsi
549 1220 645 1252 Judtei,
659 1220 705 1248 sed
721 1220 804 1247 etiam
823 1219 907 1254 aliqui
931 1220 1031 1247 eruditi
1047 1220 1097 1247 viri
1119 1228 1153 1248 ex
1174 1219 1340 1248 Christianis
1354 1220 1483 1248 inanibus
1500 1221 1582 1248 variae
1598 1221 1718 1248 scientia:
1732 1222 1876 1256 promissis

252 1269 413 1303 decepti,ex
436 1268 614 1303 mnigmaticis
637 1268 765 1296 sensibus
781 1275 813 1295 ac
834 1267 977 1303 praestigiis
997 1268 1071 1295 illusi
1090 1268 1286 1296 allaborarunt.
1302 1267 1429 1296 Profecto
1448 1268 1528 1303 primi
1551 1268 1742 1296 Gnosticorum
1763 1269 1876 1296 haeresis

253 1319 379 1342 auctores
400 1314 486 1342 Judaei
505 1314 625 1347 fuerunt,
641 1322 674 1342 ac
690 1315 805 1349 proinde
822 1314 849 1340 in
863 1313 1033 1342 kabalisticis
1048 1313 1149 1342 fabulis
1167 1319 1196 1342 et
1212 1314 1405 1349 aenigmatibus
1426 1316 1535 1342 versati.
1550 1315 1643 1350 itaque
1662 1315 1700 1342 nil
1720 1316 1822 1342 mirum
1835 1322 1876 1343 est

253 1360 420 1393 siGnostici,
436 1368 548 1387 suorum
560 1361 752 1396 magistrorum
766 1362 936 1396 zenigmatica
953 1361 1078 1388 doctrina
1094 1360 1202 1393 imbuti,
1225 1368 1318 1388 sacras
1339 1360 1495 1395 Scripturas
1509 1361 1700 1395 aenigmatibus
1717 1365 1801 1395 atque
1817 1369 1875 1388 am-

253 1407 366 1442 bagibus
387 1407 543 1440 verborum,
562 1408 685 1443 mysticis
709 1412 791 1442 atque
809 1408 905 1435 alienis
919 1408 1044 1435 sensibus
1069 1408 1320 1442 interpretarentur,
1333 1411 1361 1434 et
1380 1407 1426 1434 Dei
1439 1407 1558 1435 Verbum
1580 1407 1712 1436 fabulosis
1727 1408 1787 1435 suis
1803 1415 1875 1436 coma

253 1455 352 1482 mentis
365 1460 582 1490 corrumperent.
602 1455 785 1489 Quamobrem
800 1455 906 1490 antiqui
922 1455 960 1482 illi
975 1456 1125 1490 primorum
1144 1456 1305 1483 szeculorum
1324 1455 1427 1488 Patres,
1441 1460 1471 1482 ut
1493 1455 1685 1484 Gnosticorum
1707 1455 1873 1490 impietatem

252 1506 280 1528 et
292 1501 434 1528 audaciam
451 1502 478 1529 in
491 1501 642 1529 adulterina
656 1509 688 1528 ac
704 1509 833 1536 perversa
852 1500 931 1527 Verbi
949 1500 996 1528 Dei
1014 1501 1237 1536 interpretatione
1252 1501 1366 1529 rudibus
1381 1509 1413 1528 ac
1429 1501 1599 1536 simplicibus
1612 1502 1781 1530 obtrudenda
1794 1508 1872 1529 coer-

252 1552 356 1581 oerent,
373 1552 401 1575 et
414 1547 550 1582 pestifera:
563 1554 658 1574 eorum
673 1546 804 1573 doctrina:
816 1545 971 1572 clanculum
989 1546 1109 1580 serpenti
1125 1546 1232 1573 obviam
1250 1546 1331 1578 irent,
1348 1546 1536 1582 investigando
1549 1547 1721 1581 potissimum
1735 1553 1874 1575 sacrarum

254 1594 458 1629 Scripturarum
484 1594 601 1629 mystico
624 1593 717 1621 sensui
731 1593 852 1620 studium
868 1600 949 1620 omne
971 1599 1004 1619 ac
1026 1592 1193 1627 diligentiam
1210 1592 1393 1620 adhibuerunt
1410 1597 1438 1619 et
1457 1600 1629 1627 summopere
1644 1597 1786 1625 curarunt,
1801 1592 1875 1628 quod

251 1640 396 1675 pastoralis
406 1647 501 1668 eorum
515 1639 636 1667 muneris
651 1638 818 1674 praecipuum
834 1642 904 1671 erat,
921 1641 950 1664 ut
968 1636 1171 1672 Scripturarum
1189 1637 1335 1672 allegorieo
1354 1645 1436 1665 sensu
1454 1637 1532 1672 juxta
1550 1637 1676 1666 Ecclesiae
1690 1638 1724 1665 ab
1738 1637 1872 1672 apostoh's

252 1692 390 1722 acceptam
404 1687 568 1719 doctrinam,
583 1691 610 1713 et
621 1685 851 1721 praedecessorum
869 1684 977 1719 regulas
994 1685 1130 1719 exposito,
1149 1684 1343 1712 Gnosticorum
1357 1685 1519 1712 commentis
1533 1693 1566 1712 ac
1575 1684 1676 1712 fabulis
1687 1685 1821 1720 spiritalis
1834 1686 1876 1712 in-

253 1733 457 1768 terpretationis
467 1732 608 1760 veritatem
623 1735 801 1766 opponerent.
817 1730 882 1763 Quae
894 1738 957 1757 cum
971 1730 1008 1756 ita
1021 1730 1087 1762 sint,
1103 1735 1132 1757 ut
1147 1731 1242 1764 paucis
1259 1730 1433 1762 concludam,
1447 1731 1584 1758 netninem
1601 1739 1662 1759 esse
1673 1736 1750 1766 puto,
1761 1733 1810 1767 qui
1824 1739 1877 1759 non

253 1780 396 1816 intelligat,
410 1779 621 1814 explicattonem
638 1777 833 1806 Hebraicorum
853 1776 997 1804 nominum
1017 1781 1044 1804 et
1059 1777 1233 1811 allegoricam
1250 1776 1452 1812 Scripturarum
1473 1778 1722 1814 interpretationem
1740 1783 1769 1806 et.
1781 1780 1873 1814 patriae

252 1831 334 1860 atque
356 1824 482 1852 instituto
505 1823 662 1856 Athanasii,
679 1827 736 1859 tum
761 1823 843 1850 etiam
859 1823 919 1857 ejus
936 1822 1010 1850 aetati
1024 1829 1056 1849 ac
1068 1822 1199 1849 doctrinae
1220 1822 1367 1850 admodum
1391 1828 1604 1851 consentaneam
1619 1832 1689 1857 esse,
1709 1825 1876 1861 minimeque

252 1871 403 1899 adversari.

287 1917 405 1945 XXV'lll.
426 1917 527 1945 Verum
550 1925 597 1952 per
617 1917 711 1944 eadem
732 1920 864 1950 tempora,
893 1915 994 1950 quibus
1014 1914 1114 1942 claruit
1134 1914 1315 1947 Athanasius,
1341 1921 1435 1944 exorta
1463 1918 1540 1952 impii
1563 1918 1619 1945 Arii
1639 1918 1749 1951 haeresi,
1771 1927 1881 1948 necesse

252 1967 305 1994 fuit
322 1966 478 1994 accuratius
499 1965 645 1993 litteralem
673 1964 878 1999 Scripturarum
902 1971 1013 1991 sensum
1036 1967 1164 1991 excutere
1189 1967 1271 1998 atque
1292 1964 1450 1999 explicare;
1465 1966 1594 2000 quoniam
1610 1966 1703 1993 Ariani
1721 1971 1881 1994 context-um

252 2014 456 2048 Scripturarum
484 2013 597 2040 subdole
622 2013 861 2048 interpungcntes,
887 2012 931 2039 vel
952 2012 1007 2039 vim
1035 2011 1182 2039 verborum
1211 2016 1300 2039 astute
1325 2020 1357 2039 ac
1379 2013 1514 2040 subtiliter
1536 2018 1715 2048 exponentes,
1738 2022 1880 2042 sacrarum

252 2059 457 2094 Scripturarum
474 2059 637 2086 auctoritate
652 2059 685 2086 ad
699 2066 756 2086 suae
772 2059 919 2094 impietatis
938 2059 1174 2086 confirmationem
1199 2059 1393 2086 abutebantur.
1413 2059 1507 2094 Itaque
1522 2060 1599 2087 novis
1618 2059 1734 2087 subinde
1749 2069 1881 2088 enascen-

253 2106 326 2133 tibus
339 2105 490 2137 erroribus,
516 2109 545 2132 et
559 2105 630 2131 inter
657 2104 830 2132 Christianos
857 2104 1050 2132 effervescente
1079 2104 1276 2139 disputatione,
1317 2111 1380 2132 cum
1407 2104 1453 2131 alii
1479 2112 1529 2139 pro
1559 2105 1681 2136 veritate,
1708 2105 1756 2132 alii
1789 2111 1880 2133 contra

251 2155 366 2183 starent,
387 2155 414 2178 et
438 2151 545 2185 utrique
572 2151 599 2177 in
625 2150 752 2178 humanis
773 2150 944 2185 disciplinis,
966 2155 994 2178 et
1020 2151 1162 2178 dialectica
1187 2150 1332 2185 facultate,
1351 2156 1378 2178 et
1403 2150 1606 2186 Scripturarum
1622 2152 1740 2179 lectione
1759 2154 1880 2187 apprime

251 2198 352 2226 versati
373 2201 476 2230 essent,
499 2201 681 2231 accurateque
703 2197 843 2231 propriutn
869 2195 1074 2232 Scripturarum
1094 2205 1207 2225 sensum
1233 2198 1266 2225 ad
1290 2199 1477 2233 grammaticae
1497 2199 1570 2234 leges
1589 2199 1774 2234 expenderent
1801 2205 1879 2235 atque

252 2245 401 2279 exigerent,
418 2244 445 2270 in
459 2250 541 2270 causa
561 2242 613 2270 fuit
633 2251 682 2270 cur
701 2243 809 2274 deinde,
829 2243 1024 2277 disputationis
1049 2243 1213 2271 necessitate
1230 2244 1371 2278 suadente,
1387 2245 1513 2272 litteralis
1527 2244 1733 2280 Scripturarum
1746 2246 1880 2280 expositio

253 2298 304 2317 usu
317 2295 424 2325 recepta
442 2290 469 2316 in
484 2288 596 2317 Oriente
611 2289 656 2322 sit,
671 2289 698 2316 in
714 2296 767 2323 qua
780 2289 850 2316 inter
869 2289 1019 2316 catholicos
1043 2290 1169 2318 doctores
1181 2290 1312 2318 excelluit
1324 2290 1354 2318 S.
1372 2290 1492 2319 Joannes
1505 2292 1731 2327 Chrysostomus.
1751 2291 1834 2322 Nam.
1852 2297 1878 2319 ut

251 2337 391 2364 memoriae
408 2336 537 2364 traditum
551 2341 593 2364 est
609 2336 678 2372 (57),
693 2341 720 2363 et
732 2336 843 2363 Patrum
856 2336 958 2371 scripta
973 2344 1034 2372 quat
1046 2337 1080 2364 ad
1096 2346 1146 2365 nos
1165 2339 1327 2366 transmissa
1345 2344 1420 2372 sunt,
1435 2339 1592 2373 ostendunt,
1609 2340 1635 2367 in
1655 2340 1766 2367 litterali
1785 2348 1873 2368 saera-

256 2389 317 2409 rum
332 2381 536 2418 Scripturarum
557 2382 779 2416 interpretatione
792 2382 911 2409 maxime
925 2382 1018 2410 ﬂoruit
1033 2383 1128 2411 schola
1140 2383 1321 2412 Antiochena.
1341 2384 1482 2420 Siquidem
1498 2385 1631 2413 Eusebius
1655 2385 1812 2418 Einiscnus,
1830 2387 1874 2421 qui

252 2430 397 2466 magistros
413 2429 508 2457 habuit
526 2429 712 2464 Patrophilum
736 2428 992 2464 Scythopolitauum
1005 2434 1032 2457 et
1051 2429 1200 2458 Eusebium
1222 2431 1429 2464 Caesariensem,
1444 2433 1594 2460 Antiochia:
1615 2433 1661 2461 diu
1687 2439 1810 2461 versatus
1827 2439 1875 2465 est,

252 2479 344 2513 ibique
379 2480 473 2511 etiam,
499 2483 528 2505 ut
550 2482 626 2513 puto,
646 2477 751 2510 docuit,
777 2477 949 2504 familiariter
970 2486 1036 2506 usus
1051 2477 1222 2513 ‘Euphrouio
1233 2486 1260 2507 et
1283 2479 1395 2507 Flaeillo
1416 2481 1538 2516 ejusdem
1563 2481 1639 2508 urbis
1660 2481 1798 2517 episcopis
1813 2482 1876 2517 (58).

252 2524 384 2559 Exemplo
398 2529 489 2551 autem
507 2529 533 2551 et
549 2523 721 2551 institutione
736 2523 847 2551 Eusebii
861 2523 1016 2556 historiam,
1029 2524 1081 2551 hoc
1099 2531 1142 2552 est
1157 2533 1268 2553 sensum
1285 2526 1429 2554 litteralem
1447 2527 1494 2561 (ita
1508 2527 1580 2554 enim
1597 2527 1769 2562 intelligenda
1787 2528 1876 2555 viden-

254 2575 301 2598 tur
322 2571 404 2598 verba
430 2570 597 2607 Hieronymi,
621 2580 682 2606 qua:
697 2571 812 2599 inferius
833 2571 968 2607 afferam),
990 2572 1114 2600 studiose
1131 2578 1295 2607 prosecutus
1310 2578 1353 2601 est
1371 2573 1505 2601 Diodorus
1527 2573 1681 2607 Tarsensis,
1699 2574 1829 2609 magister
1848 2573 1874 2599 S.

256 2617 370 2646 Joannis
385 2618 586 2654 Chrysostomi,
604 2618 946 2655 TbeodoriMopsuesteni,
962 2619 1074 2647 Maximi
1085 2620 1280 2654 Seleuciensis,
1298 2626 1324 2649 et
1335 2620 1453 2649 Nestorii
1470 2620 1675 2657 (59-60),quem
1685 2625 1776 2648 tamen
1791 2620 1878 2656 potius

288 2710 344 2745 (55)
357 2710 474 2746 Burnet.
490 2711 654 2746 Arclueolog.
670 2710 766 2745 philos.
781 2718 806 2738 c.
822 2711 848 2737 7.

287 2746 342 2779 (56)
355 2745 592 2781 YitriugZObserv.
608 2745 689 2779 seen,
702 2747 812 2774 dissert.
827 2755 858 2778 ιι,
874 2746 920 2773 hn.
936 2755 955 2779 t,
975 2746 1036 2778 αἳ,
1059 2746 1086 2773 in
1103 2751 1159 2771 not.

287 2781 347 2816 (5'1)
361 2780 438 2808 Socr.
455 2780 526 2807 Hist.
546 2781 610 2808 eccl.
627 2782 673 2808 lib.
692 2789 721 2814 Il,
737 2789 762 2808 c.
778 2781 804 2808 9.

300 2814 344 2851 58)
361 2816 470 2843 Sozom.
489 2816 560 2843 Hist.
577 2816 653 2848 ett-1.,
671 2816 716 2843 lib.
732 2824 773 2847 tu,
785 2824 809 2844 c.
822 2815 855 2849 6;
872 2815 948 2844 Socr.
965 2815 1036 2844 llist.
1053 2815 1128 2847 εει-ιη
1146 2814 1185 2842 lib
1201 2822 1239 2851 v1,
1252 2823 1275 2841 e.
1295 2815 1312 2842 5

300 2818 344 2851 58)
361 2818 470 2843 Sozom.
489 2818 560 2843 Hist.
577 2818 653 2848 ινα-1.,
671 2818 716 2843 lib.
732 2824 773 2847 tu,
785 2824 809 2844 c.
822 2818 855 2849 6;
872 2818 948 2844 Socr.
965 2818 1036 2844 llist.

287 2818 397 2886 259-60)
411 2852 520 2878 Sozom.
537 2851 607 2878 (list.
627 2851 705 2884 each,
724 2851 771 2879 lib.
790 2859 850 2885 vm,
862 2860 887 2879 c.
905 2851 939 2885 2;
960 2850 1037 2879 Socr.

517 2818 560 2843 ist.
577 2818 653 2848 ινα-1.,
671 2818 716 2843 lib.
732 2824 773 2847 tu,
785 2824 809 2844 c.
822 2818 855 2849 6;
872 2818 948 2844 Socr.
965 2818 1036 2844 llist.
1053 2818 1128 2847 εει-ιη
1146 2818 1185 2842 tib
1201 2822 1237 2844 Vt,
1252 2823 1267 2841 e

515 2873 520 2878 .
537 2851 607 2878 (list.
627 2851 705 2884 each,
724 2851 771 2879 lib.
790 2859 887 2885 vm,c.
905 2851 939 2885 2;
960 2850 1037 2879 Socr.
1055 2851 1103 2879 lib.
1123 2859 1172 2882 vn,
1190 2858 1214 2877 ι’.
1227 2850 1271 2877 29.
