1919 3051
37 185 83 212 629
377 185 422 214 DE
441 185 579 235 TlTllLlS
599 184 827 214 PSALMORUM.
848 200 884 206 —
900 185 1095 214 ANTONELLI
1116 186 1309 215 PREFATIO.
1593 188 1647 216 630

36 242 209 277 Theodorum,
222 251 237 270 a
251 251 304 275 quo
317 245 398 271 etiam
412 253 535 273 errorum
548 253 661 273 suorum
681 246 758 273 virus
783 245 884 278 hausit,
901 246 942 273 vel
960 249 1033 274 certe
1051 250 1196 282 utrumque
1216 247 1354 274 audivisse
1369 247 1542 276 crediderim.
1561 248 1645 276 Joan-

35 297 79 316 nes
101 289 207 323 quidem
234 289 447 324 Chrysostomus
469 299 484 318 a
510 291 540 319 Β.
557 291 723 327 Hieronymo
748 296 862 319 vocatur
892 291 948 327 (61)
974 301 984 317 ‹
1005 292 1114 320 Eusebii
1141 292 1273 324 Emiseni,
1294 292 1460 328 Diodorique
1482 297 1611 321 sectator.
1633 303 1644 320 ι

35 334 197 363 Theodorum
214 343 277 363 vero
293 337 512 371 Mopsuestenum
534 338 704 373 inauspicato
728 339 892 374 magistrum
914 339 1010 366 habuit
1033 339 1220 367 Theodoretus
1239 339 1383 374 episcopus
1397 339 1472 374 Cyri,
1493 339 1540 374 qui
1566 345 1593 368 et
1616 339 1645 367 S.

34 380 155 408 Joannem
172 381 396 418 Chrysostomum
413 383 527 415 audivit,
544 384 657 418 ejusque
673 383 855 418 eloquentiam
873 384 994 412 imitattrs
1006 389 1048 412 est
1067 394 1073 418 ;
1088 385 1230 412 amborum
1252 390 1340 412 autem
1363 385 1522 413 meminisse
1543 386 1648 414 videtur

35 430 58 456 in
71 430 222 464 praefatione
237 439 348 458 suorum
366 432 624 459 commentariorum
642 433 676 459 ad
689 432 823 467 Epistolas
836 432 927 466 Pauli,
941 434 986 460 ubi
1001 434 1038 461 ait
1055 444 1061 461 :
1081 444 1089 457 ι
1103 433 1154 461 Sed
1170 434 1286 461 fortasse
1297 442 1339 461 me
1353 435 1514 468 arrogantia:
1525 439 1552 462 et
1564 440 1650 463 teme-

35 478 115 505 ritatis
126 479 302 511 accusabunt,
317 479 390 514 quod
405 485 465 514 post
479 480 553 507 hunc
566 484 593 507 et
608 479 696 512 illum,
712 481 759 515 qui
775 480 860 508 totius
881 481 956 508 orbis
973 485 1037 508 sunt
1060 481 1176 513 lumina,
1194 482 1310 508 audeam
1324 482 1502 516 apostolicam
1516 482 1649 517 interpre-

34 525 151 552 tationem
168 527 285 561 aggredi.
306 527 376 554 Ἀλλ’
387 527 531 559 αὐθαδείας
550 536 583 563 με
598 528 689 563 τυχὸν,
705 528 752 555 καὶ
768 528 937 564 θρασύτητος
951 529 1112 564 γράφονται,
1128 529 1197 564 μετὰ
1208 528 1252 555 τὸν
1262 529 1335 556 δεῖνα
1351 529 1413 560 τοὺς
1426 529 1475 564 τῆς
1488 529 1650 564 οἰκουμένης

34 573 178 608 φωστῆρας,
192 573 242 608 τῆς
252 573 434 609 ἀποστολικῆς
448 575 596 610 ἑρμηνείας
611 575 792 610 κατατολμῶν

911 575 1047 602 Theodori
1063 575 1180 610 quidem
1202 575 1375 610 Mopsuestia:
1391 575 1521 610 episcopi,
1545 578 1572 602 et
1588 583 1649 604 ma-

35 617 102 651 gistri
120 619 160 646 sui
177 627 285 647 errores
297 620 379 646 etiam
397 620 507 655 scriptis
519 621 651 648 adversus
665 620 693 647 S.
709 621 842 656 Cyrillum
860 621 959 648 libellis
981 621 1124 649 infeliciter
1140 625 1244 648 tutatus
1256 625 1308 652 est,
1323 620 1506 655 laudibusque
1520 621 1647 648 immodi—

34 663 68 691 cis
79 664 102 690 in
116 673 162 692 sua
181 665 369 693 Ecclesiaslica
380 666 492 692 historia
505 667 613 693 ornavit
626 666 693 700 (62).
711 667 747 694 De
764 666 882 695 Diodoro
898 672 988 694 autem
1007 667 1136 695 Tarsensi
1151 667 1209 694 haec
1225 667 1365 695 memoria
1385 667 1496 694 tradidit
1513 666 1649 703 Hierony-

36 717 88 738 mus
104 711 157 746 (65)
173 721 178 738 :
201 721 210 737 ι
233 712 348 740 Exstant
368 713 427 747 ejus
443 713 469 740 in
481 713 640 748 Apostolum
653 714 853 744 commentarii,
870 719 896 741 et
909 713 994 740 multa
1009 713 1061 740 alia
1080 714 1113 740 ad
1132 713 1240 741 Eusebii
1262 714 1349 748 magis
1366 712 1486 740 Emiseni
1509 711 1650 740 characte-

35 765 81 784 rem
92 758 250 791 pertinentia
268 770 273 786 :
289 760 368 794 cujus
392 768 454 787 cum
478 768 588 788 sensum
610 765 720 788 secutus
742 760 787 791 sit,
806 761 990 795 eloquentiam
1013 760 1115 787 imitari
1137 767 1193 787 non
1214 761 1301 795 potuit
1321 765 1432 795 propter
1460 758 1646 794 ignorantiam

34 805 190 832 saecularium
215 806 380 834 litterarum.
400 817 409 833 ι
426 807 494 834 Cum
512 807 674 843 Hieronymo
694 809 868 835 consentiunt
884 808 1013 835 Socrates
1035 808 1104 843 (64),
1132 816 1163 836 ac
1188 808 1358 836 Sozomeuus
1383 808 1450 844 (65),
1465 816 1581 843 quorum
1594 807 1650 842 pri-

35 858 85 878 mus
102 860 108 877 :
130 860 139 876 ε
164 851 311 885 Diodorus,
332 862 341 879 ι
360 853 458 887 inquit,
475 862 484 878 ‹
498 853 532 880 ad
549 854 734 888 episcopatum
747 853 823 881 Tarsi
840 858 982 888 promotus
996 853 1095 880 multos
1113 855 1277 888 conscripsit
1292 854 1387 885 libros,
1406 853 1558 888 simplicem
1579 852 1650 880 dun-

35 901 104 930 taxat,
118 903 197 932 atque
212 898 324 926 obvium
338 899 541 934 Scripturarum
552 908 662 928 sensum
677 900 828 935 inquirens,
843 900 1018 934 allegoricam
1029 908 1092 927 vero
1102 908 1195 927 earum
1209 900 1460 935 interpretationem
1472 899 1621 934 refugiens.
1637 908 1647 925 ι

34 945 146 981 Διόδωρος
157 946 185 973 δὲ
197 947 347 979 ἐπίσκοπος
363 948 471 983 Ταρσοῦ
485 948 631 983 γενόμενος
647 948 731 974 πολλὰ
748 948 838 983 βιϐλία
856 947 1020 984 συνέγραψε,
1035 947 1105 983 ψιλῷ
1127 948 1165 983 τῷ
1184 948 1327 984 γράμματι
1341 948 1394 975 τῶν
1410 948 1489 974 θείων
1508 947 1649 983 προσέχων

34 991 143 1026 Γραφῶν,
157 994 206 1026 τὰς
219 995 337 1030 θεωρίας
346 995 435 1023 αὐτῶν
449 996 660 1032 ἐκτρεπόμενος.
679 996 755 1023 Alter
768 1004 792 1022 vr

891 1004 900 1023 ι
917 996 1053 1024 absimilia
1066 996 1177 1023 tradidit
1191 996 1314 1024 scribens
1331 1005 1337 1022 :
1354 1006 1363 1023 ‹
1380 996 1540 1028 Diodorum,
1555 996 1602 1030 qui
1623 999 1649 1022 et

35 1037 162 1067 Tarsensis
183 1041 315 1068 Ecclesiae
338 1042 483 1076 episcopus
505 1042 566 1073 fuit,
590 1043 702 1074 multos,
721 1042 825 1075 audivi,
850 1042 934 1070 libros
954 1042 1071 1077 posteris
1095 1043 1212 1077 scriptos
1235 1043 1397 1077 reliquisse,
1420 1048 1447 1070 et
1469 1051 1547 1071 sacra
1571 1043 1649 1069 volu-

34 1087 94 1114 mina
105 1088 135 1115 ad
149 1089 269 1117 litteram
281 1090 455 1125 exposuisse,
466 1091 616 1125 repudiatis
627 1091 776 1125 allegoriis.

892 1099 924 1117 >ov
933 1091 978 1117 τὸν
992 1091 1165 1126 ἡγησάμενον
1177 1091 1226 1125 τῆς
1238 1091 1266 1117 ὲν
1278 1091 1377 1126 Ταρσῴ
1389 1091 1536 1125 ἐκκλησίας
1545 1099 1552 1106 ·
1563 1091 1577 1117 ὃ
1588 1091 1650 1117 ἐπυ-

34 1134 105 1170 θόμην
121 1135 191 1163 ἰδίων
207 1137 435 1172 συγγραμμάτων
451 1137 552 1169 πολλὰς
570 1137 730 1164 καταλιπεῖν
755 1137 862 1172 βίϐλους
873 1146 879 1152 ’
897 1138 961 1172 περ).
983 1137 1011 1163 δὲ
1036 1137 1067 1164 τὸ
1083 1137 1163 1173 ῥητὸν
1179 1137 1233 1164 τῶν
1249 1137 1330 1173 ἱερῶν
1344 1137 1431 1172 λόγων
1446 1137 1495 1169 τὰς
1506 1137 1650 1174 ἐξηγήσεις

34 1181 190 1215 ποιήσασθαι,
200 1182 252 1214 τὰς
266 1183 382 1218 θεωρίας
397 1183 596 1218 ἀποφεύγοντα.
609 1183 680 1217 Quin
695 1184 777 1211 etiam

893 1192 919 1211 m
944 1183 1092 1211 Diodorum
1108 1184 1190 1211 refert
1206 1184 1303 1211 Suidas
1319 1184 1375 1220 (66)
1391 1184 1461 1211 inter
1475 1183 1544 1212 alios
1558 1185 1648 1218 plures

34 1225 115 1253 librum
127 1228 327 1263 composuisse,
345 1229 389 1256 cui
404 1230 478 1257 hunc
494 1230 600 1257 titulum
620 1230 703 1257 fecit:
720 1230 769 1262 Τίς
783 1230 792 1256 ἓ

892 1230 902 1256 lt
917 1230 1035 1266 θεωρίας
1053 1230 1100 1256 καὶ
1116 1230 1300 1266 ἀλληγορίας;
1318 1239 1327 1256 α
1346 1229 1412 1263 Quae,
1439 1229 1591 1257 diﬂerentia
1614 1230 1650 1258 sit

34 1273 91 1301 inter
106 1275 240 1304 theoriam
261 1281 289 1304 et
307 1278 465 1313 allegoriam
481 1279 492 1306 ?
512 1288 521 1304 ι
538 1277 682 1313 Ludolpho
700 1277 829 1310 Kustero,
850 1278 898 1313 qui
915 1278 1109 1306 nitidissimam
1138 1277 1229 1305 Suidae
1242 1279 1390 1306 editionem
1405 1278 1559 1311 adornavit,
1578 1285 1650 1313 aqua

34 1321 111 1356 haeret,
127 1332 175 1352 nec
196 1324 280 1352 facile
294 1332 324 1352 se
337 1325 446 1360 expedit
460 1326 488 1352 in
504 1325 672 1357 assignando
686 1324 847 1352 discrimine
862 1325 935 1352 inter
957 1325 1091 1352 theoriam
1112 1328 1141 1351 et
1155 1324 1324 1360 allegoriam.
1343 1324 1373 1352 ln
1393 1326 1467 1353 notis
1484 1326 1568 1358 enim,
1586 1326 1651 1360 qui-

34 1367 75 1396 bus
92 1368 177 1398 Suidaa
194 1379 267 1406 opus
283 1371 440 1404 illustravit,
460 1372 492 1398 ad
510 1371 590 1398 verba
611 1371 656 1398 illa
682 1371 774 1399 Suidae
798 1371 862 1398 talia
883 1371 1001 1398 scribit:
1028 1380 1037 1396 ‹
1056 1371 1172 1408 Θεωρία,
1191 1371 1295 1399 theoria
1313 1372 1394 1406 igitur
1418 1372 1482 1406 quid
1499 1372 1644 1407 signiﬁcet,

33 1415 85 1443 hinc
99 1422 179 1451 patet.
198 1419 242 1446 Ab
257 1426 290 1446 ea
309 1418 400 1446 diﬂ‘ert
417 1419 556 1454 allegoria,
578 1418 651 1453 quod
669 1418 728 1446 haec
749 1419 776 1445 in
799 1418 976 1446 inferioribus
999 1418 1142 1451 subsistat,
1163 1427 1213 1446 nec
1228 1419 1255 1446 in
1278 1423 1332 1446 tam
1354 1419 1465 1446 sublimi
1488 1423 1651 1455 argumento

32 1471 140 1494 versetur
155 1475 239 1502 quam
258 1467 364 1495 theoria
382 1477 389 1496 :
407 1475 468 1503 quae
489 1468 562 1495 ratio
575 1471 628 1499 est,
649 1475 735 1502 quare
751 1467 897 1499 Diodorus,
920 1471 950 1494 ut
968 1466 1070 1494 Suidas
1085 1467 1131 1495 hic
1147 1472 1273 1500 testatur,
1286 1468 1320 1494 de
1336 1467 1488 1494 differentia
1501 1468 1614 1496 theoriae
1624 1471 1652 1495 et

33 1512 151 1548 allegoriae
167 1514 322 1549 scripserit.
343 1523 351 1540 ι
370 1514 428 1549 Ego
449 1522 514 1542 vero
533 1515 660 1542 mendum
676 1519 742 1550 puto
761 1522 791 1542 es

890 1517 973 1545 textu,
992 1517 1019 1540 et
1035 1520 1085 1548 pro
1102 1513 1218 1549 θεωρίας
1239 1521 1286 1541 seu
1310 1513 1480 1548 ἀλληγορίας
1505 1514 1648 1549 legendum

33 1558 146 1595 ἱστορίας,
162 1561 231 1588 adeo
248 1565 278 1588 ut
303 1561 397 1588 titulus
425 1561 486 1588 libri
510 1560 614 1589 fuerit:
641 1562 689 1592 Τίς
707 1561 791 1596 διαφογ

889 1560 960 1596 ›ρίας
978 1560 1027 1586 καὶ
1044 1559 1173 1595 ἱστορίας,
1192 1560 1241 1587 vel'
1255 1560 1296 1591 τίς
1308 1559 1425 1595 διαφορὰ
1450 1559 1570 1594 ἱστορίας
1601 1561 1647 1587 καὶ

33 1605 190 1642 ἀλληγορίας.
215 1617 225 1633 ι
249 1607 288 1635 De
304 1608 456 1635 differentia
471 1616 569 1636 sensus
584 1608 733 1644 allegorici,
754 1614 780 1636 et
800 1607 934 1636 litteralis.
961 1617 971 1633 ι
991 1607 1058 1634 Nam
1074 1607 1146 1642 apud
1161 1606 1271 1634 Graecos
1285 1607 1486 1635 ecclesiasticos
1500 1608 1649 1642 scriptores

34 1653 130 1681 theorize
150 1655 266 1683 nomine
279 1655 427 1690 signiﬁcari
446 1655 624 1683 consuevisse
641 1663 754 1683 sensum
781 1655 931 1690 spiritalem
950 1658 977 1681 et
1000 1654 1175 1690 allegoricum
1195 1653 1371 1681 manifestum
1392 1654 1421 1681 fit
1441 1658 1498 1680 tum
1511 1660 1544 1680 ex
1560 1653 1650 1681 allatis

33 1699 109 1728 verbis
139 1701 266 1729 Socratis
298 1706 325 1728 et
349 1701 506 1734 Snznmeni,
539 1701 711 1736 aliorumque
741 1701 922 1736 plurimorum
959 1699 1139 1735 scriptorum‘,
1163 1704 1220 1726 tum
1240 1708 1273 1727 ex
1309 1700 1402 1727 multis
1421 1700 1489 1727 locis
1511 1700 1650 1735 hujusmet

33 1747 205 1774 commentarii
232 1747 264 1775 S.
284 1747 437 1775 Athanasii.
455 1747 476 1774 Ε
488 1748 597 1775 diverso
611 1747 732 1783 ἱστορίας
749 1755 797 1775 seu
811 1747 934 1775 historia:
946 1747 1057 1773 nomine
1075 1754 1186 1773 sensum
1200 1746 1344 1773 litteralem
1358 1751 1384 1773 et
1400 1746 1560 1774 historicum
1575 1746 1650 1774 Gur—

32 1800 71 1821 cos
83 1796 226 1830 scriptores
239 1803 425 1830 nuncupasse,
446 1803 490 1823 res
513 1795 603 1823 notior
617 1799 669 1826 est,
687 1791 770 1830 quam
792 1795 847 1822 ulla
868 1794 1031 1829 probatione
1047 1793 1180 1828 indigeat,
1195 1801 1257 1820 cum
1280 1793 1357 1827 plura
1369 1797 1490 1820 veterum
1504 1798 1648 1821 auctorum

33 1838 80 1867 loca
96 1841 167 1869 adid
186 1842 361 1876 probandum
385 1841 513 1868 omnibus
539 1841 566 1868 in
583 1845 710 1876 promptu
735 1841 790 1869 sint
806 1840 874 1874 (67).
891 1840 943 1867 Sed
967 1839 1049 1867 redeo
1073 1839 1107 1866 ad
1133 1838 1342 1873 Hieronymum,
1368 1838 1482 1873 ejusque
1508 1838 1588 1865 verba
1615 1838 1650 1867 de

32 1883 133 1915 Eusebio
152 1887 285 1916 Emiseno
300 1887 421 1915 afferam.
435 1887 633 1915 Sanctissimus
654 1887 738 1923 igitur
750 1887 846 1915 doctor
861 1887 886 1914 in
900 1885 1029 1920 Catalogo
1042 1885 1158 1912 virorum
1178 1884 1324 1912 illustrium
1338 1884 1392 1920 (68)
1406 1884 1439 1912 de
1452 1884 1547 1912 eodem
1565 1883 1650 1911 Euse-

34 1930 78 1965 bio,
89 1941 165 1968 quem
177 1934 316 1962 Diodorus
330 1934 381 1961 sibi
395 1933 565 1968 sequendum
586 1934 806 1968 imitandumque
830 1931 984 1968 proposuit,
1000 1931 1060 1959 hzec
1073 1931 1171 1959 litteris
1190 1931 1331 1958 mandavit
1345 1940 1350 1958 :
1366 1941 1375 1956 (
1391 1931 1527 1958 Eusebius
1544 1929 1649 1957 Emise-

34 1987 74 2007 nus
83 1982 223 2017 episcopus
240 1982 373 2016 elegantis
387 1986 414 2009 et
428 1981 558 2010 rhetorici
574 1981 688 2019 ingenii,
706 1980 930 2011 innumerabiles,
943 1983 971 2007 et
983 1979 1030 2014 qui
1045 1979 1083 2006 'ad
1102 1979 1229 2014 plausum
1245 1979 1338 2014 populi
1360 1979 1507 2013 pertinent,
1529 1976 1650 2005 confecit

37 2023 117 2058 libros,
133 2029 279 2064 magisque
295 2029 436 2056 historiam
453 2033 575 2060 secutus,
591 2027 626 2055 ab
641 2027 684 2055 his
695 2027 742 2061 qui
756 2026 910 2054 declamare
927 2025 1032 2058 volunt,
1051 2025 1257 2053 studiosissime
1275 2025 1384 2060 legitur.
1405 2034 1414 2050 1
1432 2024 1532 2051 Verum
1546 2025 1597 2052 hac
1613 2024 1648 2052 de

34 2080 58 2099 re
76 2073 142 2103 haud
155 2076 248 2110 plura,
264 2084 327 2103 cum
341 2076 374 2103 ad
390 2084 448 2103 rem
466 2074 634 2110 propositam
650 2081 746 2108 parum
760 2073 897 2108 pertinere
913 2072 1042 2107 cuiquam
1058 2072 1145 2100 videri
1160 2072 1277 2107 possint.
1291 2071 1329 2099 Ac
1344 2079 1408 2099 vero
1423 2081 1438 2099 a
1454 2078 1498 2098 me
1514 2072 1571 2099 haec
1588 2078 1648 2098 om-

34 2119 70 2145 nia
85 2120 212 2149 hactenus
228 2128 263 2149 eo
285 2121 399 2149 consilio
415 2121 553 2156 disputata
569 2123 633 2146 sunt
648 2123 678 2146 ut
690 2117 874 2149 ostenderem,
895 2117 1006 2144 modum
1034 2125 1067 2145 ac
1082 2118 1217 2145 rationem
1250 2125 1342 2145 sacras
1355 2116 1512 2152 Scripturas
1536 2117 1562 2144 in
1582 2117 1647 2145 alle-

34 2166 141 2197 goricum
155 2167 313 2203 exponendi
327 2175 448 2200 sensum,
463 2174 518 2194 non
534 2166 624 2194 solum
645 2165 797 2192 Athanasio
820 2164 963 2199 aequalem,
984 2163 1032 2191 sed
1051 2163 1134 2191 etiam
1153 2164 1214 2199 ejus
1235 2169 1314 2192 aetate
1337 2165 1521 2199 antiquiOrem
1550 2163 1646 2192 fuisse.

33 2208 160 2247 Praeterea,
178 2218 209 2242 ut
223 2212 399 2242 manifestum
422 2213 539 2241 facerem
558 2211 658 2247 quibus
674 2210 834 2238 auctoribus
854 2214 881 2237 et
905 2217 961 2245 quo
980 2213 1103 2244 tempore
1126 2210 1243 2245 intraque
1267 2218 1362 2239 sacros
1381 2210 1466 2239 libros
1496 2211 1648 2245 explicandi
1673 2225 1676 2228 ‹

33 2258 92 2285 ratio
107 2264 161 2287 tum
180 2260 326 2295 allegorica
348 2268 397 2287 seu
420 2259 546 2295 mystica,
568 2263 625 2286 tum
643 2256 773 2285 historica
796 2264 845 2284 seu
865 2255 991 2283 litteralis
1017 2255 1130 2290 coeperit
1149 2264 1181 2284 ac
1197 2256 1329 2284 ﬂoruerit.
1350 2256 1417 2284 Nam
1438 2257 1466 2285 id
1483 2265 1648 2293 magnopere

33 2301 157 2340 intererat,
183 2310 215 2334 ut
232 2310 355 2333 nostrum
369 2306 604 2333 Commentarium
633 2304 695 2340 jure
719 2304 819 2332 merito
844 2306 939 2330 sancto
965 2301 1127 2335 Athanasio,
1145 2302 1225 2336 cuius
1261 2310 1359 2331 nomen
1381 2303 1500 2339 praefert,
1528 2304 1648 2332 vindica-

34 2357 123 2378 remus.

61 2405 148 2434 XXIX.
163 2406 292 2434 Profecto
305 2405 375 2432 inter
387 2407 484 2432 caetera
505 2411 644 2430 sacrarum
660 2401 864 2438 Scripturarum
883 2405 1022 2433 volumina
1039 2406 1213 2441 potissimum
1240 2406 1412 2435 Psalmorum
1433 2406 1505 2434 libro
1519 2406 1648 2440 allegori-

33 2458 85 2478 eum
98 2452 242 2480 convenire
256 2458 367 2479 sensum
387 2448 547 2476 testimonio
563 2452 686 2475 veterum
704 2447 830 2480 Patrum,
847 2449 895 2484 qui
915 2449 942 2476 in
956 2457 989 2478 eo
1002 2446 1149 2485 aperiendo
1162 2459 1273 2487 operam
1292 2460 1370 2480 suam
1385 2451 1554 2480 collocarunt
1579 2452 1647 2478 alla-

34 2498 62 2525 tis
75 2498 162 2527 Hilarii
183 2505 210 2528 et
229 2497 374 2535 Augustini
391 2496 493 2529 verbis,
510 2504 525 2523 a
540 2496 618 2524 nobis
641 2503 724 2530 Supra
739 2499 882 2524 ostensum
905 2502 958 2530 est,
970 2497 1013 2525 ‘et
1033 2498 1114 2527 latius
1132 2499 1155 2526 si
1177 2507 1246 2534 opus
1265 2504 1348 2531 esset,
1369 2499 1450 2528 facile
1465 2498 1646 2527 demonstrari

33 2551 114 2579 posset
128 2556 136 2580 ;
150 2547 198 2576 sed
212 2547 294 2574 inane
306 2553 338 2573 ac
351 2543 518 2580 superﬂuum
535 2547 578 2571 est
592 2543 619 2570 in
631 2550 661 2571 re
674 2543 789 2571 minime
809 2543 892 2571 dubia
911 2545 1026 2573 testibus
1049 2545 1088 2572 uti
1109 2553 1163 2573 non
1180 2546 1355 2575 necessariis.
1372 2547 1463 2575 Clavis
1476 2551 1564 2574 autem
1580 2553 1631 2580 ape

63 2633 114 2669 (fil)
129 2635 157 2662 ln
173 2635 264 2663 Catal.
277 2635 326 2663 vir.
342 2634 439 2665 illiut;
458 2632 575 2669 Niceph.
587 2632 636 2660 lib.
650 2640 686 2665 Iv,
703 2640 726 2660 c.
741 2631 785 2659 54.

62 2667 112 2701 (62)
124 2669 225 2698 Theod.
242 2670 314 2697 Hist.
327 2669 389 2697 eccl.
408 2670 454 2696 lib.
468 2677 494 2700 ν,
506 2675 530 2695 c.
545 2668 590 2694 40.

62 2704 112 2737 (65)
125 2705 236 2733 Hieron.
257 2706 345 2732 Catal.
362 2706 411 2732 uir.
423 2704 521 2731 illustr.
535 2711 560 2731 c.
576 2702 638 2730 “9.

63 2739 112 2773 (65)
129 2740 190 2767 Lib.
204 2739 315 2768 vt-Hist.
326 2743 402 2773 eccl.,
419 2748 442 2767 (ε.
459 2739 486 2766 5.

63 2774 114 2806 (65)
130 2775 189 2803 Lib.
206 2783 266 2806 vm,
284 2784 309 2803 (ι.
327 2776 354 2803 2.

74 2808 393 2847 (ἓίέδὲειννορθΔιόδωρος-
435 2844 465 2847 ..
550 2843 574 2847 _.
609 2843 624 2847 -
689 2841 695 2847 .
740 2841 758 2847 ..
831 2840 837 2847 .
878 2835 884 2844 .

18 2854 20 2858 ν
126 2833 443 2909 ἓῖιίξῖίέχῖέῖἶιῖἓῇξιενὶ
459 2845 486 2872 in
502 2843 591 2872 verbis
606 2841 725 2877 Θεωρία,
740 2841 776 2868 Ὶσ

400 2844 443 2873 :eri
459 2845 486 2872 in
502 2843 591 2872 verbis
606 2841 725 2877 Θεωρία,
740 2840 867 2876 Ἱστορίαι,
878 2834 1028 2869 Ἀναγωγή,
1042 2833 1158 2861 Διάνοια-
