1919 3051
263 191 309 219 651
674 190 702 218 S.
723 189 906 222 ATllANASll
927 188 1000 217 OPP.
1019 213 1021 217 ι

1129 190 1170 218 III.
1189 206 1223 211 —-
1242 190 1447 219 EXEGETICL
1833 189 1876 218 65‘!

263 248 350 277 riendi
366 248 495 283 mysticos
508 255 649 275 sacrorum
663 248 832 275 canticorum
849 256 958 280 sensus,
971 252 998 276 et
1012 248 1097 283 janua
1109 248 1268 283 penetrandi
1281 256 1380 276 arcana
1399 248 1592 276 Davidicorum
1606 248 1778 283 psalmorum
1793 247 1875 282 adyta,

263 301 306 325 est
321 296 416 323 titulus
427 295 559 330 cujusque
575 296 682 330 psalmi,
699 300 766 323 teste
785 297 869 323 veteri
889 297 1033 332 scriptore,
1050 297 1129 331 cujus
1151 297 1340 324 commentarii
1355 298 1381 324 in
1398 296 1519 324 Psalmos
1533 298 1584 325 sub
1601 298 1711 324 nomine
1726 296 1877 332 llicroaymi

261 345 327 373 editi
342 349 405 372 sunt
420 354 426 371 ε
445 354 454 369 ‹
473 343 543 376 Quid
557 348 598 371 est
611 344 717 376 titulus,
735 344 834 379 inquit,
848 345 901 372 nisi
919 345 1022 372 clavis?
1033 343 1068 372 Ut
1082 345 1118 372 ita
1132 345 1259 377 dixerim,
1278 345 1305 372 in
1319 347 1430 372 domum
1448 353 1502 372 non
1518 345 1677 380 ingreditur,
1696 345 1750 372 nisi
1764 352 1813 379 per
1827 344 1876 371 cla-

263 399 322 419 vem
337 401 343 419 :
359 392 395 419 ita
415 396 443 419 et
462 391 677 427 uniuscujusque
701 392 798 426 psalmi
821 393 984 423 intellectus,
1010 401 1057 427 per
1075 393 1190 425 clavem,
1217 392 1269 421 hoc
1293 398 1335 420 est
1358 401 1404 428 per
1429 393 1536 421 titulum
1563 393 1731 428 intelligitur,
1750 393 1778 419 in
1806 391 1878 426 cujus

262 444 380 472 persona
419 441 560 470 cantatur,
595 442 642 464 aut
678 437 705 464 in
743 445 859 472 persona
894 438 1014 469 Christi,
1051 442 1098 465 aut
1125 438 1151 465 in
1188 446 1303 473 persona
1337 437 1487 471 Ecclesiie,
1520 443 1566 465 aut
1597 438 1623 465 in
1656 445 1774 472 persona
1809 436 1867 463 Pru-

261 483 358 518 pheue.
386 493 395 509 ι
425 482 458 510 Et
480 482 509 510 S.
539 483 683 519 Augustini
711 481 819 510 titulum
848 485 946 519 psalmi
979 492 1130 520 praeconem
1157 485 1240 512 totius
1271 485 1366 519 psalmi
1393 490 1470 512 vocat
1502 485 1528 511 in
1565 484 1743 519 expositione
1786 482 1874 517 psalmi

261 537 371 561 cxxxtv,
397 534 425 556 et
448 529 520 556 idem
535 529 706 564 Augustinus
727 530 761 558 de
785 530 865 557 titulo
895 530 992 565 psalmi
1006 538 1065 563 LIII,
1091 538 1170 565 quem
1198 531 1225 558 in
1247 531 1421 566 allegoricum
1440 539 1550 559 sensum
1570 531 1603 558 de
1617 530 1726 558 Christo
1741 530 1872 564 exponit:

263 587 273 604 ι
289 577 353 606 Inde
364 579 448 612 enim,
460 578 559 613 inquit,
568 578 666 613 pendet
677 578 771 606 omnis
786 586 883 606 versus
895 579 941 614 qui
951 583 1087 606 cantatur.
1101 578 1128 606 Si
1139 579 1201 614 quis
1214 579 1305 614 itaque
1317 583 1457 614 agnoscat,
1471 579 1543 614 quod
1555 579 1582 606 in
1593 578 1690 606 domus
1705 578 1796 605 fronte
1811 585 1875 612 pra-

261 628 345 654 tixum
359 630 412 660 est,
424 633 539 654 securus
553 626 676 659 intrabit,
693 634 743 654 nec
763 634 825 654 cum
843 626 995 660 intraverit,
1009 627 1112 654 errabit.
1127 636 1134 660 ;
1150 627 1202 654 hoc
1220 627 1292 654 enim
1311 628 1338 654 in
1363 627 1422 662 ipso
1444 632 1520 660 poste
1539 630 1716 662 praenotatum
1733 630 1786 658 est,
1807 632 1874 660 quo-

262 673 343 700 modo
355 673 470 700 interius
484 680 538 700 non
550 677 659 700 erretur
679 682 684 700 :
707 683 717 699 r
731 672 764 700 Et
778 681 874 701 rursus
891 673 918 700 in
935 674 1133 701 commentario
1148 674 1182 701 ad
1206 674 1338 709 psalmum
1351 682 1424 707 thv,
1436 675 1514 709 cujus
1529 674 1635 701 titulum
1652 673 1679 700 in
1697 673 1873 708 allegoricum

262 726 371 747 sensum
385 719 576 747 Sanctissimus
596 719 696 746 Doctor
719 720 933 754 interpretatur:
953 729 963 744 ι
980 719 1158 754 Aguoscenda
1172 724 1223 752 est,
1245 720 1293 751 ait,
1317 728 1368 747 vox
1391 725 1492 748 sancta:
1510 720 1656 755 prophetiae
1666 727 1700 746 ex
1717 720 1777 754 ipso
1799 718 1874 746 titulo

261 766 372 802 psalmi.
389 775 398 791 ι
412 765 519 793 Titulos
535 770 626 792 autem
644 766 792 801 inscriptos
807 766 890 794 fuisse
911 766 1001 800 potius
1022 766 1055 793 ad
1072 766 1275 801 intelligendum
1297 766 1552 801 percipiendumque
1577 765 1743 801 psalmorum
1769 772 1877 792 sensum

261 813 435 848 atlegoricum
456 818 482 840 et
503 812 665 847 spiritalem,
691 821 774 848 quam
793 813 937 840 litteralem
958 817 986 840 et
1008 813 1181 849 historicum,
1201 814 1316 849 ideoque
1340 814 1373 841 ad
1389 822 1451 841 eum
1466 813 1638 849 potissimum
1656 813 1791 847 respicere
1806 816 1834 839 et
1847 811 1876 838 ad

261 862 335 889 illum
351 861 494 896 pertinere,
513 856 670 888 testimonio
686 865 749 889 sunt
763 869 824 896 qua:
838 861 931 889 scribit
945 861 1015 888 idem
1030 861 1199 904 Augustinus
1214 862 1242 889 in
1258 862 1327 890 locis
1352 870 1437 897 nuper
1452 870 1467 889 a
1486 870 1529 889 tne
1545 861 1672 893 laudatis,
1687 865 1744 887 tum
1756 859 1840 887 etiam
1853 859 1875 885 in

259 910 429 945 expositione
441 909 538 945 psalmi
557 918 611 942 ιη,
626 909 671 936 ubi
691 915 782 937 monet
799 917 853 945 qua
868 914 958 937 mente
977 913 1003 937 et
1023 909 1147 943 consilio,
1165 909 1267 944 Spiritu
1286 914 1382 938 sancto
1394 910 1522 941 dictante,
1539 909 1609 937 tituli
1623 908 1735 944 psalmis
1751 907 1873 941 inscripti

259 954 335 982 sint:
357 964 366 980 ε
390 953 580 983 Verumtamen
604 955 674 982 sicut
700 955 768 982 solet
790 955 963 990 propheticus
985 955 1098 989 spiritus
1127 956 1153 982 in
1175 956 1343 990 psalmorum
1369 955 1455 983 titulis
1471 955 1596 982 recedere
1615 953 1815 989 aliquantulum
1840 952 1872 978 ab

259 1001 435 1036 expressione
449 1009 538 1029 rerum
555 1005 703 1036 gestarum,
726 1007 753 1028 et
769 1001 870 1037 aliquid
888 1001 978 1029 dicere
993 1001 1066 1036 quod
1083 1002 1110 1028 in
1129 1001 1242 1028 historia
1268 1009 1321 1028 non
1337 1001 1483 1032 invenitur,
1496 1007 1523 1029 et
1541 1001 1604 1028 hinc
1620 1001 1710 1035 potius
1731 999 1878 1026 admonere

259 1056 312 1075 non
328 1054 437 1084 propter
451 1049 653 1084 cognoscendas
664 1057 707 1076 res
721 1054 811 1084 gestas
823 1057 883 1076 esse
901 1049 1058 1084 liujusmodi
1075 1049 1170 1076 titulos
1185 1049 1342 1084 inscriptos,
1355 1049 1400 1077 sed
1415 1055 1522 1084 propter
1535 1048 1625 1075 futura
1642 1045 1852 1082 praefiguranda,
1867 1054 1874 1068 ι

258 1101 311 1123 etc.
348 1095 500 1131 Augustino
534 1096 561 1123 in
602 1097 653 1124 hac
687 1096 778 1122 eadem
816 1096 951 1122 sententia
992 1096 1025 1122 de
1063 1095 1148 1123 titulis
1183 1096 1351 1130 psalmorum
1385 1096 1489 1130 punivit
1518 1096 1546 1122 S.
1580 1094 1710 1125 Hilarius,
1751 1092 1798 1127 qui
1842 1091 1872 1118 ad

257 1141 393 1176 psalmum
422 1149 488 1167 Lllll
505 1148 512 1167 :
532 1150 541 1166 ε
575 1140 688 1173 Psalmi,
710 1141 759 1172 ait,
794 1140 990 1174 superscriptio
1024 1139 1165 1167 historiam
1202 1147 1255 1166 non
1291 1140 1428 1170 continet,
1455 1140 1567 1174 simplex
1593 1144 1644 1171 est,
1672 1143 1699 1166 et
1721 1135 1871 1173 prophetali

259 1187 356 1221 spiritu
389 1187 512 1214 editus...
541 1195 603 1214 cum
634 1187 707 1214 enim
742 1186 780 1213 illi
803 1186 856 1220 ipsi
884 1185 994 1220 psalmi,
1022 1186 1069 1219 qui
1086 1185 1237 1213 secundum
1255 1185 1396 1213 titulorum
1420 1186 1610 1221 inscriptiones
1631 1195 1675 1214 res
1692 1190 1782 1222 gestas
1811 1194 1875 1214 cou—

258 1231 345 1258 u'nere
357 1231 518 1262 creduntur,
540 1231 567 1257 in
583 1231 710 1266 plurimis
731 1238 745 1257 a
761 1229 834 1257 tituli
857 1230 899 1257 sui
924 1234 951 1257 et
975 1237 1078 1263 rerum,
1102 1237 1134 1257 ac
1155 1237 1333 1265 personarum
1358 1231 1523 1265 proprietate
1551 1231 1722 1264 dissentiant,
1741 1231 1880 1267 magisque

257 1285 306 1312 per
318 1277 451 1305 editiones
466 1278 617 1310 nominum,
633 1281 714 1311 atque
735 1281 883 1312 gestorum,
907 1277 1088 1309 spiritualium
1110 1278 1298 1312 operationum
1314 1278 1468 1313 significent
1483 1278 1604 1307 eil’ectus.
1625 1287 1634 1303 ι
1651 1277 1699 1305 llis
1713 1282 1807 1304 autem
1823 1277 1880 1304 addi

259 1322 339 1350 debet
352 1322 542 1355 Cassiodorus,
557 1323 605 1358 qui
622 1323 650 1350 in
665 1322 827 1350 Praefatione
851 1323 885 1349 ad
902 1321 1024 1349 Paalntos
1044 1323 1207 1350 sententiam
1230 1323 1322 1358 magni
1345 1323 1490 1358 Augustini
1513 1331 1589 1350 more
1612 1330 1663 1350 suo
1686 1327 1811 1353 secutus,
1828 1322 1882 1348 lure

260 1369 342 1396 habet
358 1378 364 1395 :
383 1379 392 1394 ι
413 1368 552 1402 Quasdam
568 1368 816 1403 superscriptiones
833 1368 1002 1403 psalmorum
1017 1375 1065 1403 per
1085 1368 1246 1396 allusionem
1265 1369 1436 1396 consimilem
1453 1373 1561 1396 constat
1576 1368 1757 1403 spiritualiter
1772 1368 1881 1394 intuen-

259 1416 309 1444 das
322 1425 329 1443 :
343 1417 408 1451 quia
425 1417 447 1444 si
458 1417 574 1444 litteram
594 1417 761 1445 consideras,
779 1420 940 1444 extraneum
954 1420 1007 1449 est,
1024 1424 1085 1443 cum
1113 1424 1167 1444 non
1192 1423 1224 1444 ea
1241 1417 1366 1444 invenias
1386 1416 1414 1443 in
1438 1417 1551 1451 psalmis
1577 1424 1638 1450 quae
1657 1415 1838 1442 continentur
1858 1414 1882 1440 in

259 1463 346 1490 titulis
360 1472 368 1497 ;
384 1463 407 1490 si
423 1470 487 1490 vero
498 1463 643 1490 trahantur
658 1463 691 1490 ad
705 1462 841 1498 trppicum
851 1461 1029 1494 intellectum,
1040 1462 1123 1490 nimis
1133 1462 1260 1490 videntur
1273 1463 1474 1490 accommoden
1485 1462 1574 1495 Quare
1589 1461 1766 1497 paraplirasis
1778 1466 1882 1491 nostra.

260 1510 287 1536 in
304 1515 358 1544 qua
381 1508 549 1543 psalmorum
565 1507 699 1543 cujusque
713 1508 808 1535 titulus
821 1508 849 1534 in
867 1507 1042 1542 allegoricum
1064 1515 1176 1536 sensum
1192 1509 1349 1543 exponitur,
1366 1516 1399 1535 ac
1415 1508 1512 1535 deinde
1531 1513 1605 1535 totus
1624 1507 1746 1542 psalmus
1763 1505 1792 1533 iu
1809 1515 1884 1534 eum-

259 1555 320 1582 dem
342 1562 453 1582 sensum
465 1554 639 1589 allegoricum
657 1561 705 1582 seu
719 1554 864 1588 mysticum
879 1553 913 1581 de
927 1554 1048 1587 Christo,
1069 1559 1096 1582 et
1123 1554 1256 1588 Ecclesia,
1274 1556 1389 1590 ejusque
1406 1555 1536 1582 membris
1558 1555 1625 1582 mira
1644 1555 1777 1582 brevitate
1801 1555 1886 1589 expli-

259 1607 347 1634 catur,
369 1601 542 1629 sanctissimo
563 1601 692 1636 episcopo
714 1600 874 1630 Athanasio.
889 1600 969 1634 cujus
985 1608 1083 1627 nomen
1101 1601 1264 1636 inscriptum
1299 1600 1417 1636 prtefert,
1441 1609 1495 1627 non
1517 1600 1605 1628 solum
1627 1599 1708 1634 digna
1734 1601 1884 1635 reputanda

259 1654 311 1682 cst,
326 1649 373 1678 sed
387 1650 469 1677 etiam
487 1649 573 1676 multo
584 1649 612 1675 in
626 1648 715 1684 pretio
725 1653 807 1683 atque
823 1648 1024 1675 existimatione
1044 1649 1078 1676 ab
1092 1650 1222 1676 omnibus
1241 1649 1364 1676 habenda
1385 1650 1500 1680 videtur,
1522 1656 1583 1676 cum
1606 1653 1729 1675 veterum
1757 1648 1886 1676 Ecclesia

261 1696 371 1724 Patrum
387 1697 471 1724 menti
487 1704 519 1724 ac
536 1696 678 1723 sententia;
695 1695 722 1722 in
735 1701 809 1723 recte
823 1696 993 1730 exponendis
1011 1696 1250 1731 intelligendisque
1266 1696 1379 1732 psalmis
1393 1696 1512 1723 maxime
1532 1695 1697 1723 conveniens
1711 1695 1758 1727 sit,
1775 1700 1805 1723 et
1820 1704 1887 1723 con-

260 1748 399 1771 sentanea.

294 1790 379 1818 XXX.
403 1789 538 1817 Caeterum
555 1788 625 1815 inter
641 1787 694 1814 alia
716 1790 875 1822 argumenta
903 1794 965 1821 quae
992 1786 1026 1813 ad
1053 1789 1216 1814 vetustatem
1245 1790 1346 1813 nostra;
1371 1785 1561 1813 translatiou’s
1587 1793 1634 1813 seu
1653 1786 1886 1821 interpretationis

261 1837 492 1873 comprobandam
513 1835 603 1863 atl‘erri
619 1839 745 1870 possunt,
770 1833 836 1861 illud
859 1841 914 1861 non
930 1834 1036 1861 minimi
1057 1834 1187 1869 ponderis
1204 1839 1256 1866 est,
1271 1834 1346 1869 quod
1366 1834 1554 1868 interpretatio
1568 1834 1712 1862 versiculis
1727 1836 1884 1870 respondet,

264 1886 292 1912 in
309 1891 380 1920 quos
398 1882 570 1911 membratim
589 1881 711 1909 distincti
726 1888 774 1916 per
785 1880 845 1908 cola
860 1885 886 1906 et
900 1883 1037 1907 commata
1057 1879 1154 1914 psalmi
1168 1880 1320 1914 antiquitus
1335 1880 1418 1907 scribi
1437 1880 1571 1911 solebant,
1588 1888 1642 1907 non
1655 1885 1748 1908 autem
1765 1889 1816 1916 per
1829 1890 1885 1909 ver-

261 1939 309 1959 sus
324 1930 471 1966 longiores,
492 1934 522 1966 ut
536 1929 563 1956 in
579 1928 775 1956 recentioribus
790 1927 932 1955 codicibus
950 1927 1134 1962 reperiuntur,
1161 1932 1188 1954 et
1204 1927 1232 1954 in
1257 1927 1340 1955 editis
1363 1927 1452 1960 libris,
1473 1928 1575 1962 quibus
1599 1927 1722 1956 Ecclesia
1738 1933 1766 1956 et
1791 1937 1886 1957 omnes

261 1978 342 2012 vulgo
356 1985 429 2004 nunc
443 1965 566 2008 utuntur,
586 1975 748 2002 retinentur.
778 1974 902 2002 Profecto
928 1975 961 2002 de
989 1974 1124 2002 divisione
1149 1974 1283 2001 librorum
1302 1981 1388 2002 sacrae
1414 1973 1563 2009 Scriptura;
1580 1982 1627 2009 per
1646 1975 1812 2007 versiculos.
1838 1984 1882 2003 seu

264 2023 419 2060 στιχηροῡς,
431 2030 483 2049 nos
497 2022 576 2049 docet
591 2020 742 2056 Hesychius
757 2019 1031 2055 Hierosolymitanus,
1041 2019 1138 2054 qui,ut
1151 2019 1261 2053 quidatn
1275 2022 1382 2053 putant,
1398 2018 1498 2046 sazculo
1513 2023 1592 2046 sexto
1602 2019 1678 2052 vixit,
1692 2019 1718 2047 id
1734 2020 1885 2050 inventum.

263 2079 346 2107 atque
361 2071 515 2099 institutum
533 2070 618 2097 fuisse
639 2076 655 2096 a
681 2068 784 2096 sanctis
811 2067 939 2095 Patribus
962 2067 1074 2102 majoris
1101 2067 1301 2103 perspicuitalis
1318 2067 1414 2101 gratia,
1431 2071 1460 2094 ut
1478 2067 1570 2102 legens
1597 2067 1738 2101 periodum
1765 2076 1817 2103 per
1840 2076 1886 2096 sua

263 2121 383 2148 membra
397 2119 552 2146 distinctam
573 2117 682 2144 facilius
695 2116 828 2144 orationis
843 2116 1009 2143 intellectum
1025 2120 1214 2149 assequeretur
1237 2114 1304 2149 (69).
1330 2114 1388 2141 lmo
1408 2121 1472 2141 Vero
1497 2113 1553 2149 jam
1567 2118 1631 2142 ante
1650 2115 1751 2143 Christi
1773 2115 1882 2147 Domini

262 2169 408 2195 adventum
436 2165 613 2201 comperitur,
646 2171 698 2191 usu
722 2169 861 2198 receptum
889 2163 975 2190 fuisse
1004 2163 1074 2198 apud
1095 2162 1234 2197 llebraaos,
1256 2167 1286 2190 ut
1311 2161 1605 2196 Psalmorum‘aliique
1631 2169 1717 2189 sacrae
1739 2161 1888 2197 Scriptura:

261 2215 325 2242 libri
343 2214 487 2242 versiculis
512 2211 633 2240 distincti
651 2211 853 2244 Scriberentur;
878 2214 905 2238 et
921 2210 1037 2238 fortasse
1063 2210 1126 2237 inde
1146 2218 1206 2238 mos
1227 2211 1279 2238 iste
1300 2210 1333 2238 ad
1351 2209 1521 2237 Christianos
1546 2208 1664 2236 devenit.
1685 2209 1814 2235 Veterem
1829 2217 1887 2236 ver-

261 2269 342 2289 suum
358 2261 560 2289 distinctionem
575 2261 686 2287 Secutus
702 2263 745 2285 est
759 2257 890 2293 Origenes
906 2258 932 2284 in
947 2259 1004 2285 suis
1020 2256 1159 2292 Hexaplis,
1178 2266 1258 2293 quem
1275 2258 1396 2285 imitatus
1410 2261 1453 2285 est
1466 2255 1648 2293 Hieronymus
1663 2255 1729 2292 (70),
1748 2258 1796 2291 qui
1815 2257 1888 2284 Psal-

262 2308 359 2334 terium
375 2308 498 2342 aliosque
525 2315 609 2335 sacra:
626 2305 774 2340 Scripturze
790 2306 875 2333 libros
893 2314 940 2340 per
957 2313 1054 2334 versus
1069 2306 1209 2334 breviores
1228 2306 1375 2341 disposuit,
1403 2305 1559 2341 providens,
1576 2310 1605 2332 ut
1629 2306 1689 2340 ipse
1711 2306 1888 2340 inquit,utili-

232 2360 234 2365 '
261 2353 311 2380 tati
340 2354 510 2388 legentium;
541 2361 604 2381 nam
631 2362 679 2389 per
704 2354 763 2381 cola
786 2354 897 2388 scripti,
923 2359 950 2381 et
968 2361 1100 2382 commata
1120 2355 1332 2382 manifestiorem
1350 2355 1501 2388 legentibus
1523 2361 1633 2381 sensum
1652 2354 1785 2381 tribuunt.
1817 2356 1889 2382 Anti-

261 2399 372 2432 quiores
388 2399 482 2433 utique
497 2398 604 2426 codices
627 2398 713 2425 Graeci
737 2398 810 2425 mille
832 2403 858 2425 et
874 2398 936 2432 plus
962 2406 1049 2425 annos
1073 2403 1136 2425 ante
1161 2399 1255 2432 scripti
1274 2405 1402 2426 versuum
1417 2399 1617 2428 distinctionem
1633 2401 1770 2434 retinent;
1790 2407 1821 2429 et
1837 2410 1888 2430 non

262 2445 351 2471 solum
368 2444 473 2475 Graeca,
491 2445 536 2473 sed
555 2445 637 2472 etiam
652 2446 800 2473 vetustiora
819 2445 916 2473 Latina
930 2446 1097 2480 exemplaria
1115 2446 1273 2481 Iiujusniodi
1288 2446 1497 2482 descriptionem
1515 2456 1562 2483 per
1576 2449 1634 2476 cola
1648 2454 1675 2477 et
1685 2455 1827 2478 commata
1843 2452 1887 2478 ba-

262 2491 335 2518 bent.
352 2490 384 2517 Et
400 2491 510 2525 quidem
532 2490 695 2519 Psalterium
728 2499 760 2518 ex
783 2491 897 2526 antiquo
910 2491 1006 2518 codice
1023 2490 1154 2518 Vaticano
1168 2491 1313 2518 versiculis
1331 2493 1504 2522 brevioribus
1525 2495 1685 2522 distinctqu
1702 2496 1735 2523 ad
1749 2497 1888 2531 publicam

262 2536 405 2564 utilitatem
418 2543 447 2578 et
461 2537 581 2565 ﬁdelium
598 2539 707 2573 pietatis
735 2539 934 2566 incrementum
950 2538 976 2565 in
995 2539 1083 2566 lucem
1098 2539 1183 2565 edidit
1204 2547 1266 2566 ven.
1293 2547 1375 2567 mem.
1393 2542 1538 2570 cardinalis
1552 2541 1729 2576 Thomasius,
1742 2544 1790 2578 qui
1805 2545 1887 2572 etiam

208 2612 213 2619 _
262 2591 294 2609 cx
313 2582 377 2610 divo
398 2575 551 2617 Augustino
568 2584 594 2610 in
610 2583 789 2611 Enarratione
815 2585 933 2611 secunda
958 2584 983 2611 in
1013 2585 1148 2619 psalmum
1179 2593 1224 2611 xxi
1240 2586 1378 2620 observat,
1394 2588 1517 2616 eamdem
1536 2597 1664 2617 versuum
1681 2575 1887 2620 distiuctioncm

264 2627 412 2657 adhibitam
430 2627 515 2657 fuisse
543 2630 568 2656 in
585 2629 717 2664 Ecclesia,
734 2633 797 2659 dum
816 2637 912 2660 cantor
927 2641 961 2659 ex
987 2633 1103 2660 amborie
1127 2634 1260 2667 psalmum
1284 2635 1465 2669 particulatim
1490 2639 1670 2673 praecinebat;
1695 2641 1769 2675 quod
1796 2648 1886 2669 autem

261 2675 318 2707 ipse
335 2676 539 2708 pronuntiabat.
553 2677 718 2706 reddebatur
732 2687 747 2706 a
759 2678 803 2706 Dei
818 2680 905 2714 plebe.
917 2679 1004 2707 Verba
1018 2679 1162 2715 Augustini
1179 2681 1241 2708 talia
1258 2687 1322 2709 sunt
1341 2692 1347 2710 :
1367 2692 1376 2709 ι
1390 2682 1472 2712 Putas
1491 2685 1528 2712 ibi
1547 2691 1651 2720 ponunt
1670 2694 1763 2721 aures,
1778 2689 1888 2723 quando

289 2772 351 2821 39‘}?
527 2775 1227 2821 iussis???assesasses?sedasse.
1251 2782 1375 2821 στικηδδν
1402 2784 1440 2816 ὡς
1470 2785 1503 2811 τὰ
1514 2785 1609 2815 πολλά-
1627 2785 1695 2821 πρὸς
1711 2787 1762 2821 τὴν
1777 2787 1887 2821 nam

263 2810 350 2841 μένων
368 2812 515 2870 suggeras;
527 2810 575 2844 τὴς
591 2810 758 2846 προφητείας
773 2810 935 2838 ἐκτίθεσθαι.
949 2810 1019 2840 Husv

263 2850 327 2873 sua,
341 2850 401 2877 pag.
452 2863 460 2871 .

1135 2810 1182 2843 lib:
1201 2810 1333 2853 Στιχηρὄῦ
1356 2827 1393 2846 xn
1419 2810 1885 2855 lb‘oplietaruiii

309 2861 327 2873 Ἰ
341 2861 401 2873 ΙΙ¹¹Ἀ¹
416 2861 460 2871 ειν*

296 2890 351 2924 (70)
368 2890 446 2918 Prmf.
464 2893 490 2919 in
509 2891 640 2920 Enr/lict.
