1919 3051
58 174 120 202 635
453 170 495 197 DE
516 168 653 197 TITULIS
670 169 895 197 PSALMORUM.
915 184 949 188 —-
969 165 1167 195 ANTONELLI
1190 162 1385 201 PREFATIO.
1680 160 1734 188 εδι

60 233 162 260 lector
196 234 346 267 ipsorum
376 230 442 258 dicit
458 239 464 257 :
486 228 778 260 Commemorabuntur,
796 233 820 254 et
835 229 1018 254 convertentur
1037 225 1069 251 ab
1094 224 1237 251 Dominum
1257 221 1371 248 universi
1383 220 1460 267 ΔΙίηρε
1486 218 1582 267 terre?
1596 216 1643 267 Eia
1665 216 1734 244 forte

65 286 151 304 unus
168 264 289 305 versus
310 281 350 305 est
366 286 373 303 :
388 274 496 303 aliunde
511 273 660 308 cogitabas,
676 281 737 301 cum
757 273 841 300 fratre
858 274 908 300 tuo
929 271 1106 303 fabulabaris,
1121 270 1231 305 quando
1247 267 1312 294 illud
1335 265 1403 293 dixit
1417 274 1424 291 :
1439 264 1557 295 attende,
1573 264 1634 297 quia
1654 269 1732 296 repe-

60 324 110 354 tit,
130 327 162 351 et
177 324 305 351 surdos
331 323 420 358 pulsat
433 333 440 350 :
453 322 486 350 Et
506 323 655 350 adorabunt
683 324 709 350 in
735 328 873 358 conspectu
889 323 945 357 ejus
964 322 1091 349 universa
1101 320 1196 355 patrita
1214 318 1339 353 gentium.
1356 314 1452 341 Adhuc
1480 312 1580 339 surdus
1599 315 1651 343 est,
1677 318 1732 338 non

58 367 149 395 audit
166 377 176 401 ;
199 369 344 403 pulsetur
364 369 462 396 iterum
481 378 487 395 :
506 368 637 401 Quoniam
653 368 757 394 Domini
786 373 825 394 est
851 375 968 402 regnum,
997 371 1019 392 et
1052 366 1107 400 ipse
1131 363 1312 390 dominabitur
1329 363 1453 396 gentium.
1473 361 1539 387 Tres
1557 361 1624 387 istos
1636 366 1734 387 versus

62 420 180 449 tenete,
203 416 333 449 fratres,
344 420 395 443 etc.
417 425 426 442 ›
439 416 545 449 Quibus
562 416 731 443 clarissimus
745 416 892 443 cardinalis
906 416 964 442 haec
978 414 1087 449 subjicit
1105 423 1112 440 :
1131 421 1142 438 ι
1160 411 1199 439 Ex
1215 419 1270 446 quo
1288 411 1347 438 loco
1365 414 1475 445 apparet
1490 409 1516 436 in
1531 413 1612 436 cantu
1634 407 1731 442 psalmi

59 462 259 496 respnnsorii
280 462 350 489 olim
364 466 421 489 tum
442 463 469 489 in
482 461 602 496 Oriente,
619 467 674 489 tum
692 463 718 489 in
731 461 878 489 Occidente
893 461 1045 494 usitatiore,
1061 460 1088 486 in
1111 466 1166 494 quo
1180 458 1263 485 lector
1284 456 1446 492 praecinebat
1466 463 1572 487 versus,
1601 459 1628 481 et
1643 461 1730 489 popu-

60 510 110 536 lus
130 509 264 537 eosdem
287 511 363 545 ipsos
386 510 573 545 respondendo
587 511 733 545 repetebat,
753 515 910 545 usurpatam
934 510 1019 537 fuisse
1042 509 1182 544 antiquam
1199 507 1273 535 illam
1293 514 1422 534 versuum
1445 505 1657 538 distinctiouem,
1683 506 1730 538 qui

59 555 226 583 breviores
244 561 353 589 erant;
369 564 422 583 non
445 556 555 583 alteram
572 556 711 590 sequentis
738 556 788 583 aevi
815 564 941 583 versuum
967 556 1046 590 paulo
1071 555 1284 589 prolixiorum...
1308 552 1374 579 Nam
1400 557 1579 587 praeterquam
1604 550 1676 585 quod
1703 550 1730 593 id

59 602 245 636 postulabat
261 602 340 630 ratio
358 601 492 637 ejusmodi
512 601 701 635 institutionis,
725 609 822 637 nempe
842 606 871 628 ut
892 601 968 628 rudis
992 601 1108 635 populus
1132 600 1252 634 psalmos
1268 605 1389 632 caneret,
1408 606 1478 642 quos
1492 605 1542 625 nec
1558 598 1590 624 de
1606 597 1675 623 libro
1691 595 1731 622 le-

61 654 157 684 geret,
180 657 241 677 nec
254 651 394 677 memoria
409 654 510 677 teneret
524 659 531 682 ;
550 651 622 677 unde
644 654 671 677 et
685 658 795 678 necesse
810 655 868 677 crat
885 650 967 677 verba
981 649 1004 676 ei
1024 656 1110 684 pauca
1133 647 1247 683 praeberi
1272 646 1426 682 repetenda,
1440 649 1470 671 ut
1490 642 1659 671 membratim
1674 648 1728 668 cae-

61 698 186 733 simque
204 703 309 726 totum
327 698 461 734 psalmum
483 702 662 733 pereurreret.
682 707 691 724 )
707 698 759 726 Sed
775 698 808 725 de
821 698 978 734 hujusmodi
992 697 1127 725 divisione
1143 704 1190 732 per
1204 695 1312 730 στίχους
1327 694 1449 730 Pluribus
1473 692 1577 740 eru‘iile
1592 691 1730 740 ἀίεεθτυιπί

62 745 142 773 idem
157 748 330 775 cardinalis
347 747 525 780 Thomasius,
544 752 571 774 et
584 746 719 775 Henricus
734 747 859 775 Valesius
872 752 899 774 et
911 747 994 774 Pater
1011 746 1144 774 Martiano
1161 745 1227 781 (7|).
1243 745 1354 778 aliique,
1377 748 1446 776 quos
1463 738 1605 767 consume
1618 738 1728 771 Ροιετην

63 792 114 826 qui
142 793 202 820 hac
221 793 262 821 de
281 801 312 821 re
327 794 405 828 plura
423 794 494 821 scire
507 794 652 821 desiderat.
676 793 755 827 Quod
779 794 852 821 enim
867 794 984 828 pertinet
1000 793 1033 820 ad
1053 800 1120 826 rem,
1145 792 1178 819 de
1194 799 1248 826 qua
1265 791 1365 826 agitur,
1382 789 1447 816 illud
1460 792 1511 820 est,
1535 784 1608 820 quod
1634 786 1729 818 praeter

66 840 321 874 antiquissimum
334 840 496 868 Vaticanum
516 841 650 874 codicem,
665 849 719 876 quo
735 841 861 868 laudatus
885 840 1035 868 cardinalis
1052 839 1218 867 Thomasius
1243 846 1310 866 usus
1325 842 1377 868 est.
1395 835 1476 863 etiam
1500 833 1586 861 codex
1610 831 1729 858 Alexan-

65 884 172 913 drinus
189 886 305 913 eodem
329 886 412 914 modo
427 886 507 913 habet
528 885 691 914 Psalterium
708 887 851 914 versiculis
867 886 1041 914 distinctum.
1055 885 1147 914 Codex
1165 889 1257 912 autem
1272 882 1473 911 Alexandrinus
1488 880 1608 914 scriptus
1631 882 1684 910 est,
1700 882 1729 904 ut

68 930 162 959 fertur
180 931 263 968 (72),
284 941 367 960 manu
391 933 499 962 Thecla
525 935 625 962 nobilis
648 934 756 962 femina:
771 935 905 971 :Egyptiae
919 936 1001 971 paulo
1016 940 1078 970 post
1094 935 1241 963 concilium
1261 934 1413 966 Nicaanum,
1430 935 1508 959 aetate
1525 929 1630 957 scilicet
1642 928 1728 955 Atha-

67 976 156 1009 nasii,
176 985 274 1011 quem
307 978 482 1011 Alexandria,
510 980 581 1007 unde
610 981 811 1008 Alexandrinus
828 981 928 1015 dictus,
963 989 1056 1008 secum
1085 980 1350 1015 Constantinopolim
1365 979 1460 1007 detulit
1478 978 1595 1013 Cyrillus
1610 976 1726 1011 Lucary,

68 1022 198 1056 primum
213 1024 244 1050 in
261 1024 320 1055 illa,
337 1029 396 1058 post
409 1025 436 1051 in
450 1025 501 1052 hac
519 1025 584 1053 urbe
598 1026 754 1054 Graecorum
779 1028 1017 1055 schismaticorum
1033 1028 1201 1062 patriarcha,
1219 1035 1234 1054 a
1250 1034 1305 1062 quo
1320 1026 1418 1054 deinde
1432 1024 1553 1053 Carolol
1573 1023 1726 1058 Anglorum

68 1070 130 1104 regi
148 1071 235 1098 dono
258 1072 365 1100 missus
379 1077 429 1100 est.
459 1072 549 1105 Quare
574 1081 636 1100 cum
665 1074 807 1101 translatio
835 1079 926 1102 nostra
943 1083 1072 1103 versuum
1098 1075 1266 1102 distinctioni
1284 1073 1386 1101 codicis
1409 1071 1585 1099 Alexandrini
1605 1070 1728 1105 apprime

71 1116 268 1149 respondeat,
288 1121 315 1144 et
333 1123 504 1149 vetustatem,
519 1122 546 1145 et
560 1123 701 1145 auctorem
717 1126 777 1146 esse
794 1120 986 1154 Athanasium,
1000 1121 1079 1155 cujus
1102 1127 1199 1147 nomen
1222 1119 1339 1155 pnefert,
1353 1120 1434 1147 etiam
1449 1127 1481 1146 ex
1496 1119 1547 1145 hac
1566 1121 1647 1152 parte
1655 1124 1724 1150 quo-

71 1159 233 1189 dammodo
251 1163 436 1190 demonstrat.
453 1162 513 1191 Non
529 1169 620 1191 autem
636 1167 712 1200 parvi
730 1166 832 1194 laboris
849 1166 909 1200 fuit,
924 1176 987 1194 cum
1011 1168 1036 1194 id
1057 1168 1322 1200 animadvertissem,
1343 1168 1380 1195 ita
1396 1167 1543 1202 disponere
1559 1163 1726 1194 sanctissimi

73 1208 202 1244 episcopi
221 1211 449 1246 translationem,
473 1217 504 1239 ut
530 1213 646 1248 singulis
672 1213 841 1248 psalmorum
861 1215 1004 1242 versiculis
1030 1215 1154 1249 subjecta
1178 1214 1302 1249 ejusdem
1317 1214 1460 1241 Athanasii
1479 1210 1667 1246 interpretatio
1682 1217 1726 1236 re-

76 1257 248 1289 sponderet.
271 1257 339 1284 Erat
352 1258 425 1285 enim
442 1258 556 1286 confuse
572 1259 685 1293 seripla,
704 1267 775 1295 saepe
792 1261 945 1287 connuistis
961 1260 1132 1288 Psalmorum
1149 1268 1212 1288 cum
1230 1260 1316 1295 ipsius
1331 1259 1509 1294 expositionis
1525 1257 1626 1289 verbis,
1646 1261 1673 1283 et
1689 1256 1725 1282 ila

75 1302 216 1337 disposita
232 1325 240 1336 ,
264 1310 296 1332 ut
311 1305 400 1340 potius
415 1314 477 1333 cum
497 1306 642 1334 recentiori
661 1306 814 1341 longiorum
830 1315 958 1334 versuum
972 1307 1155 1339 distinctione,
1170 1315 1230 1341 qua:
1244 1315 1316 1334 nunc
1328 1307 1354 1334 in
1369 1314 1419 1333 usu
1436 1305 1506 1339 apud
1521 1311 1617 1331 omnes
1631 1301 1725 1329 Eccle-

77 1347 134 1375 sias
148 1355 205 1383 est,
221 1351 397 1379 conveniret.
414 1351 495 1380 Plura
512 1358 640 1388 przetcrea
658 1352 782 1386 aderant,
803 1358 831 1380 ut
851 1353 907 1387 jam
922 1360 937 1379 a
960 1352 1094 1387 principio
1117 1352 1223 1385 monui,
1238 1352 1336 1379 menda
1356 1356 1383 1378 et
1399 1354 1505 1382 errata;
1531 1347 1578 1376 sed
1593 1347 1627 1374 de
1649 1351 1725 1373 textu

77 1397 191 1429 quidem
209 1399 285 1426 nihil
303 1400 448 1427 immutare
469 1408 553 1428 ausus
566 1410 648 1436 sunt;
669 1408 743 1428 meas
761 1408 824 1428 vero
842 1400 1024 1435 conjecturas,
1042 1400 1150 1428 notulas
1172 1404 1200 1427 et
1213 1399 1419 1429 cmendatioues
1443 1400 1471 1426 in
1487 1398 1621 1433 margine,
1636 1403 1724 1432 appo-

78 1444 133 1471 Iilo
158 1447 304 1474 asterisco
324 1455 371 1475 seu
401 1447 531 1478 litterula,
558 1447 684 1481 ascripsi.

113 1490 216 1518 XXXI.
250 1493 287 1520 Ut
304 1501 368 1521 vero
383 1502 439 1521 rem
457 1493 524 1520 mihi
537 1493 705 1528 propositam
721 1499 881 1528 prosequar,
905 1492 976 1519 hanc
997 1492 1251 1528 interpretationem
1265 1497 1312 1520 aut
1327 1492 1450 1521 Grmcum
1467 1492 1636 1519 Psalmorum
1647 1499 1724 1520 com-

80 1539 268 1571 mentarium,
288 1548 369 1574 quem
385 1541 412 1567 in
428 1541 517 1568 lucem
536 1541 645 1572 damus,
666 1541 826 1568 recentiOris
843 1548 909 1568 usus
925 1544 972 1567 aut
987 1541 1118 1575 temporis
1135 1541 1206 1568 haud
1231 1541 1376 1576 quisquam
1392 1541 1477 1569 fuisse
1500 1546 1634 1573 autumet.
1660 1541 1724 1576 quia

82 1583 111 1611 in
127 1593 161 1613 eo
178 1587 287 1622 legitur
306 1588 496 1624 inscriptiones
516 1598 563 1617 seu
589 1590 682 1617 titulos
698 1590 865 1625 psalmorum
884 1590 968 1617 rubro
997 1591 1087 1617 colore
1103 1598 1150 1618 seu
1167 1591 1309 1618 cinnabari
1335 1591 1451 1625 scriptos
1470 1589 1565 1618 fuisse.
1582 1589 1722 1624 Siquidem

82 1639 187 1661 morem
205 1636 355 1664 adhibendi
373 1645 539 1672 purpureum
557 1638 676 1665 colorem
693 1637 778 1664 minio
791 1637 833 1663 vel
856 1636 997 1664 cinnabari
1022 1636 1174 1664 confectum
1199 1638 1224 1664 in
1240 1638 1393 1665 scribendis
1411 1637 1554 1670 librorum,
1574 1644 1622 1664 seu
1646 1635 1721 1671 capi-

83 1687 151 1713 tum,
179 1689 229 1711 aut
247 1685 397 1712 lectionum
419 1685 506 1712 titulis
524 1685 604 1720 longe
627 1690 688 1712 ante
704 1685 845 1712 Athanasii
869 1689 975 1712 aetatem
1001 1691 1140 1720 receptum
1157 1685 1241 1713 fuisse
1258 1691 1316 1713 tum
1341 1686 1413 1720 apud
1438 1684 1561 1716 Latinos,
1577 1689 1633 1711 tum
1650 1684 1723 1718 apud

85 1729 205 1764 Graecos,
222 1738 251 1760 et
266 1734 384 1768 probant
396 1734 575 1760 vetustissimi
601 1734 720 1767 codices,
742 1738 770 1760 et
784 1733 909 1769 pluribus
929 1733 1079 1761 ostendunt
1098 1734 1162 1762 .duo
1191 1734 1368 1762 eruditissimi
1387 1734 1436 1761 \‘iri
1461 1734 1584 1768 ejusdem
1608 1732 1724 1760 Benedi-

84 1778 164 1806 clinze
184 1781 408 1816 congregationis
429 1780 601 1808 Mabillonius
615 1786 642 1808 et
672 1781 970 1816 Montfauconus'(75).
990 1780 1023 1808 Et
1055 1782 1164 1817 quidem
1184 1782 1210 1808 in
1235 1782 1294 1816 ipso
1311 1782 1492 1809 Alexandrino
1508 1781 1601 1809 codice
1624 1780 1718 1808 titulos

87 1826 259 1858 psalmorum
271 1829 358 1856 rubro
368 1828 460 1856 colore
474 1829 622 1863 inscriptos
638 1837 698 1856 esse
712 1834 826 1857 testatur
841 1829 958 1856 Joannes
972 1829 1104 1857 Ernestus
1122 1829 1212 1857 Grabe
1224 1830 1266 1857 his
1283 1831 1373 1858 verbis
1387 1839 1395 1857 :
1414 1840 1423 1856 (
1454 1829 1584 1865 Sequitur
1599 1829 1661 1857 inde
1679 1829 1722 1864 ip-

89 1877 147 1898 sum
159 1871 341 1907 Psalterium,
360 1875 388 1901 in
400 1877 456 1910 quo
467 1875 721 1910 cujuslibetpsalmi
740 1875 891 1910 inscriptio,
908 1880 954 1902 aut
972 1875 1018 1902 ubi
1034 1875 1108 1903 nulla
1121 1876 1211 1908 datur,
1226 1877 1307 1903 veluti
1325 1876 1422 1911 psalmi
1437 1876 1528 1911 primi,
1546 1875 1634 1911 prima
1651 1875 1722 1902 linea

88 1919 173 1947 minio
189 1923 295 1958 scripta
309 1927 360 1955 est,
384 1930 434 1950 nec
447 1930 502 1949 non
519 1930 571 1950 vox
585 1923 735 1959 διάψαλμα,
750 1925 969 1959 quandocuuque
985 1924 1113 1958 occurrit,
1138 1925 1174 1958 id,
1208 1925 1282 1960 quod
1303 1926 1385 1953 etiam
1402 1926 1436 1953 de
1447 1925 1533 1953 titulis
1548 1926 1673 1963 odarum,
1694 1931 1722 1953 et

90 1967 245 1996 orationum
263 1970 377 2004 psalmis
392 1970 578 1998 subnexarum
598 1971 742 1998 dicendum
762 1977 812 1999 est.
833 1982 842 1998 ι
865 1971 1002 1999 Encausto
1024 1978 1125 2005 autem,
1144 1973 1217 2008 quod
1237 1981 1324 2008 genus
1340 1974 1486 2001 atramenti
1502 1978 1562 2001 erat
1591 1975 1720 2014 pprpurei

91 2010 187 2060 Eoioris
205 2022 238 2041 ex
254 2016 326 2042 cocti
339 2015 461 2047 muricis,
477 2015 517 2042 vel
541 2016 598 2042 triti
619 2017 755 2051 conchylii
771 2025 869 2044 cruore
887 2017 1055 2050 confectum,
1073 2023 1102 2045 ut
1118 2019 1221 2046 nemini
1238 2024 1336 2054 praeter
1354 2020 1546 2054 imperatorem
1563 2010 1720 2060 utiiliceret,

92 2053 208 2106 ill—“dque
222 2059 334 2093 habere,
356 2066 405 2088 aut
425 2071 557 2098 quaerere,
576 2065 634 2100 lege
659 2070 769 2092 cautum
782 2070 824 2094 est
837 2074 851 2093 a
870 2066 962 2094 Leone
976 2067 1140 2102 imperatore
1164 2068 1191 2095 in
1217 2069 1410 2098 constitutione
1427 2070 1566 2098 Hilariano
1588 2053 1723 2106 magistro

94 2103 253 2152 0-biciorum,
269 2114 296 2136 et
309 2111 426 2144 patricio
441 2113 572 2148 inscripta
586 2114 654 2148 (74).
670 2114 782 2142 Exstant
794 2115 943 2142 etiamnum
958 2115 986 2142 iu
1006 2116 1120 2143 archiva
1131 2117 1212 2144 castri
1236 2116 1328 2144 Sancti
1348 2117 1443 2152 Angeli
1460 2103 1648 2151 professiones
1658 2115 1722 2143 ﬁdei

94 2148 246 2184 Graecorum
272 2157 468 2192 imperatorum
494 2160 589 2188 Graece
603 2165 722 2194 tantum,
738 2162 779 2189 vel
793 2162 886 2190 Graace
912 2167 939 2190 et
966 2161 1063 2190 Latine
1080 2164 1107 2191 in
1122 2164 1216 2191 charta
1237 2173 1399 2200 pergamena
1424 2165 1540 2199 scripta},
1569 2171 1724 2199 eorumque

96 2205 172 2228 manu
189 2210 321 2233 encausto
338 2208 508 2242 subscripta,
534 2217 602 2243 quas
627 2209 660 2236 ad
676 2209 827 2237 Romanam
844 2211 948 2246 sedem,
969 2217 1100 2247 tanquam
1115 2212 1149 2240 ad
1167 2217 1247 2247 caput
1270 2214 1351 2240 totius
1371 2212 1510 2240 catholica
1525 2211 1652 2240 Ecclesia:
1669 2211 1724 2239 mi~

96 2254 184 2279 56mm
201 2264 208 2282 :
228 2255 275 2282 sed
299 2263 332 2283 eo
349 2261 478 2290 revertor,
493 2257 565 2285 unde
583 2257 722 2292 digressus
741 2266 812 2287 sum.

128 2294 231 2327 XXXII.
254 2300 396 2329 Neminem
415 2303 447 2330 ad
464 2309 565 2330 temere
578 2302 787 2337 abjudicandam
803 2312 901 2339 magno
922 2306 1077 2334 Athanasio
1092 2310 1213 2334 nostram
1230 2307 1435 2342 metaphrasim.
1451 2314 1498 2334 seu
1512 2307 1719 2335 translationem

98 2346 126 2386 t‘x
140 2350 170 2369 eo
182 2347 347 2374 commoveri
361 2347 454 2380 velim,
471 2347 544 2382 quod
561 2347 587 2374 in
604 2355 635 2374 ea
651 2355 705 2374 non
731 2348 858 2382 leguntur
879 2357 939 2382 qua:
954 2357 986 2376 ex
1011 2349 1040 2377 S.
1064 2350 1218 2377 Athanasio
1238 2351 1331 2378 laudat
1346 2350 1375 2378 S.
1392 2351 1546 2378 Germanus
1564 2352 1718 2386 patriarcha

100 2385 350 2435 lliemsoiymitanus
370 2396 397 2423 in
411 2396 529 2432 epistola
544 2396 577 2423 ad
595 2395 728 2423 Thomam
745 2397 772 2423 in
784 2397 857 2423 hunc
870 2397 981 2424 modum
996 2398 1053 2433 (75)
1069 2408 1075 2425 ;
1097 2407 1106 2424 ‹
1126 2398 1227 2426 Beatus
1239 2400 1406 2428 Athanasius
1419 2400 1483 2427 illud
1502 2385 1600 2435 psalmi
1615 2400 1717 2428 dictum

99 2433 270 2484 ltilefpretans
298 2452 304 2469 :
328 2442 381 2475 Qui
407 2443 480 2471 sedes
516 2451 594 2478 super
619 2443 773 2476 cherubim,
801 2452 920 2479 apparo,
948 2446 1030 2473 talem
1068 2446 1102 2474 de
1132 2447 1187 2475 illis
1210 2447 1321 2475 tradidit
1345 2433 1562 2483 intelligentiam.
1588 2447 1622 2475 Et
1645 2453 1719 2476 certe

101 2479 198 2530 illorum
213 2488 356 2516 cherubim
372 2490 534 2525 principalia
548 2489 691 2525 ἀρχέτυπα
703 2490 794 2526 ignota
807 2496 872 2518 sunt
888 2492 1054 2520 omnimodis
1076 2498 1173 2520 natura
1193 2494 1349 2522 hominibus
1366 2504 1372 2522 :
1391 2479 1502 2530 spiritus
1522 2496 1594 2522 enim
1611 2499 1637 2522 et
1648 2494 1718 2529 ignis

101 2528 235 2566 exsistunt,
252 2536 324 2562 etab
340 2537 414 2564 omni
434 2536 568 2571 corporali
582 2536 746 2564 formatione
761 2541 843 2572 atque
856 2544 953 2565 natura
970 2543 1111 2567 extranea.
1131 2550 1141 2566 ι
1158 2540 1186 2567 Si
1202 2545 1293 2568 autem
1313 2540 1370 2568 hare
1383 2528 1510 2569 Germani
1528 2541 1608 2569 verba
1623 2528 1715 2569 consi~

102 2573 227 2614 darentur,
245 2583 358 2611 evidens
371 2588 424 2616 est,
444 2592 508 2612 eum
527 2584 639 2611 minime
653 2584 797 2617 allirmare,
813 2593 873 2620 qum
889 2593 921 2613 ex
940 2585 968 2613 S.
987 2586 1138 2614 Athanasio
1155 2587 1257 2621 laudat,
1280 2588 1315 2616 ab
1332 2596 1365 2616 eo
1383 2589 1410 2616 in
1431 2590 1627 2617 commentario
1640 2597 1718 2624 super

199 2693 466 2736 (Pard:_TIIOIIIas.__in
480 2697 556 2731 pra3f.
571 2697 690 2736 adUPsal.
703 2706 773 2726 vers.
792 2699 872 2733 dist.;
894 2699 972 2728 Mart.
991 2700 1098 2736 Prolcg.
1116 2711 1153 2736 Iv,
1165 2703 1192 2730 in
1208 2703 1279 2730 Bibl.
1304 2704 1333 2731 S.
1370 2703 1464 2736 llier.;
1486 2702 1574 2730 Vales.
1606 2703 1634 2730 in
1657 2709 1713 2731 not.

105 2721 234 2765 tdI‘Eyiseh.
254 2721 631 2765 ΗίειξγέεεΙλ-Ιίῦ.’θεῖ-ἐπεί
642 2721 690 2725 mm
708 2721 773 2726 mw
793 2721 855 2727 mm

708 2721 773 2726 .-.ιη
793 2721 872 2733 ...υ-π,
894 2721 972 2728 ,νη-ι..
991 2721 1098 2738 --υινδ-
1117 2721 1191 2736 ιν,υι
1208 2721 1279 2730 υιυο.
1304 2721 1333 2731 υ.
1371 2721 1463 2738 ιιιι.;ιο³

197 2763 292 2808 ἐνίψει.
309 2765 373 2808 tarn.
389 2759 472 2808 Grai):
487 2759 560 2808 ξέοιζ
574 2768 609 2794 ad
623 2759 680 2808 Vat.
694 2768 761 2808 Text:
878 2769 992 2808 interpr.
1007 2778 1040 2808 ex
1057 2770 1122 2798 Cod.
1135 2772 1211 2800 Alex.
1224 2780 1250 2799 c.
1266 2772 1290 2802 1,
1308 2772 1321 2808 §
1336 2772 1360 2800 vl.

137 2793 185 2828 (75)
197 2797 294 2826 Mabill.
313 2802 353 2841 De
367 2809 393 2827 re
408 2801 487 2836 Ilipl.,
500 2802 546 2829 lib.
566 2810 585 2834 I,
600 2810 624 2829 c.
641 2793 684 2834 id,
774 2793 1211 2842 inﬁgam-iiii:
1225 2793 1250 2841 it

135 2827 183 2859 (74)
198 2832 257 2859 Leu.
277 2835 353 2859 Sacri
371 2836 469 2859 aﬂ'ntus
497 2837 562 2859 (Ind.
580 2837 616 2859 Ηρ
628 2838 721 2859 diuum.
741 2841 849 2859 rain-rint

198 2832 257 2873 lfeq.
277 2835 353 2873 Sacri
371 2830 486 2873 aﬂ'ot'us,’
497 2837 562 2864 Cod.
579 2830 616 2864 De
628 2830 727 2873 diversi
741 2830 858 2873 τρέω-ἱρά.

135 2863 183 2900 (⁷⁵)
196 2863 249 2898 Act,
270 2878 294 2896 Iv
309 2863 464 2899 Conci'Nic.
475 2863 512 2906 ’1ιᾷ
527 2863 591 2900 tom.
605 2863 640 2900 VIV
656 2863 893 2911 ζοιξείίίῇὶιῖάᾲιι

270 2878 294 2896 Iv
309 2863 464 2899 Conci'Nic.
475 2863 512 2906 ’1ιᾷ
527 2863 591 2900 tom.
605 2863 640 2900 VIV
656 2863 937 2911 ζοιὶείίίῇὶιῖάξηιτις.
949 2874 1009 2902 258.
