1919 3051
199 156 251 184 655
619 156 646 183 S.
669 156 855 185 ATHANASII
876 157 951 186 OPP.
970 158 1059 186 PARS
1080 158 1122 186 Ill.
1140 174 1175 178 ——
1194 158 1399 187 EXEGETICA.
1775 162 1825 189 636

200 215 322 243 Psarmos
337 221 437 251 scripta
454 216 548 244 fuisse.
561 217 654 252 Itaque
669 218 872 253 Iieripotest,ut
885 220 966 247 verba
987 220 1032 247 illa
1055 220 1180 247 Davidica
1201 230 1207 246 τ
1232 219 1285 252 Qui
1310 220 1382 247 sedes
1408 229 1486 255 super
1507 221 1639 248 cherubim
1665 222 1707 250 ":
1732 223 1761 250 in
1773 223 1824 249 alio

198 261 290 297 0pere,
300 261 372 295 quod
388 261 646 296 B.archiepiscopns
661 263 818 296 scripserat,
828 265 1027 298 explanaverit,
1041 269 1068 292 et
1083 265 1155 300 quod
1171 265 1236 292 illud
1252 265 1283 292 ad
1296 271 1416 294 nostram
1425 270 1531 293 atatem
1541 267 1652 295 minime
1659 268 1821 302 pervenerit;

198 309 276 343 plura
298 308 371 335 enim
390 313 488 343 praeter
501 315 533 334 ea
549 316 609 342 qua:
628 309 698 344 typis
711 309 844 344 impressa
861 314 936 342 sunt,
953 310 982 337 S.
998 311 1178 338 Athanasium
1201 311 1353 346 scripsisse,
1362 316 1418 338 tum
1436 320 1469 339 ex
1486 313 1622 340 veteribus
1633 314 1823 348 scriptoribus,

199 360 256 382 tum
275 363 309 383 ex
324 355 444 390 antiquis
459 354 560 384 Gracis
577 355 718 384 codicibus
741 357 916 386 manifestum
933 362 985 390 est,
1000 362 1026 386 et
1044 358 1216 393 potissimum
1232 367 1264 385 ex
1282 359 1467 386 vetustissima
1483 364 1577 387 eatena
1592 360 1748 388 Gnecorum
1770 360 1823 387 Pa-

199 406 282 434 trum,
296 409 377 437 quam
392 402 447 430 fere
470 407 552 443 totam
570 411 629 430 mea
645 412 726 430 manu
739 403 870 439 descripsi
884 414 917 432 ex
937 406 991 432 alio
1007 406 1154 440 antiquiori
1169 406 1263 433 codice
1285 407 1365 434 annis
1382 407 1416 434 ab
1442 407 1506 435 hinc
1522 408 1686 443 octingentis
1709 409 1823 443 scripta,

199 451 243 477 uhi
258 451 409 486 fragmenta
424 451 574 478 afferuntur
587 460 618 479 ex
642 452 704 479 aliis
718 453 883 480 sanctissimi
902 455 1022 489 episcopi
1046 454 1186 488 operibus,
1214 460 1310 488 praeter
1332 463 1364 482 ea
1389 463 1450 490 quae
1474 464 1489 482 a
1508 455 1587 483 Patre
1610 455 1823 488 Montfaucono,

197 497 343 525 Guillelmo
355 497 454 530 Caveo,
470 497 624 530 Lambecio,
649 498 784 531 Fabricio,
806 499 914 526 Oudino
929 501 1046 535 aliisque
1068 505 1265 528 memorantur.
1285 501 1423 528 Adrianus
1440 502 1521 528 ctiam
1540 509 1609 537 papa
1634 503 1685 530 hoc
1711 504 1825 530 nomine

197 545 302 580 primus
322 545 349 572 in
362 545 477 580 epistola
491 546 525 573 ad
541 545 670 573 Carolum
688 545 816 582 Magnum
839 548 1028 575 auctoritatem
1042 548 1121 575 affert
1139 556 1172 576 ex
1188 549 1385 576 commentario
1401 549 1429 576 S.
1445 550 1587 577 Athanasii
1601 558 1677 585 super
1700 550 1824 578 Psalmos

197 594 241 621 his
258 594 347 621 verbis
362 603 369 621 :
385 603 394 619 ‹
412 595 478 621 Item
494 594 533 638 _S.
557 595 699 623 Athanasii
712 596 745 623 de
766 597 991 631 interpretatione
1007 597 1174 631 psalmorum
1191 597 1261 624 inter
1281 602 1376 624 cetera
1395 606 1401 624 :
1417 597 1519 625 Civitas
1533 597 1604 625 enim
1630 598 1749 630 Domini,
1763 607 1824 633 quae

197 649 307 669 sursum
322 641 472 668 Jerusalem
496 642 518 657 “’
539 651 545 668 τ
563 642 651 677 imago
669 647 759 670 autem
774 651 869 670 eorum
891 645 1038 672 terrestris.
1061 644 1138 677 Quod
1159 644 1231 671 enim
1249 644 1326 676 dicit,
1355 644 1407 672 tale
1422 648 1464 671 est
1481 653 1486 670 :
1513 643 1647 675 Quoniam
1673 643 1822 675 terrestris,

196 690 296 726 inquit,
312 691 398 717 induti
415 696 479 717 sunt
499 689 656 724 imaginem,
673 693 700 715 rt
717 697 769 715 non
789 689 918 722 ctelestis,
941 695 1051 725 propter
1075 690 1128 717 hoc
1147 690 1180 716 ad
1206 690 1320 716 nihilum
1346 690 1513 724 redigentur.
1539 688 1658 715 Audient
1684 689 1757 715 enim
1777 689 1823 716 illo

196 742 340 773 tempore:
367 737 462 764 Nescio
489 745 532 763 vos
562 736 608 762 ηε
635 740 727 770 utpote
741 744 795 762 non
821 736 932 763 indutos
951 736 1045 763 eadem
1069 735 1175 762 Domini
1205 736 1331 771 imagine.
1351 745 1360 762 ι
1393 736 1512 763 Adriano
1541 735 1649 763 additur
1673 735 1823 763 Chronican

196 785 416 816 Alexandrinum,
432 784 511 819 cujus
526 784 620 816 verba,
635 788 691 810 tum
706 784 788 810 etiam
806 783 919 811 Adriani
934 791 987 811 non
1008 784 1135 818 leguntur
1152 783 1179 810 in
1198 788 1290 811 nostra
1307 783 1495 815 translatione.
1517 783 1562 811 sed
1579 783 1606 809 in
1624 783 1824 809 commentario

195 843 272 869 super
288 832 409 860 Psalmos
424 833 611 865 inveniuntur,
632 833 703 867 quod
720 832 825 859 editum
842 839 883 860 est
899 833 970 860 inter
983 832 1035 861 alia
1051 840 1133 867 opera
1151 840 1165 859 a
1179 832 1209 859 P.
1226 831 1419 859 Montfaucono
1440 832 1554 867 ejusque
1569 831 1661 858 sociis.
1680 830 1733 858 Sed
1751 831 1822 857 haud

195 882 302 910 diilicile
317 886 359 909 est
378 883 541 916 respondere
556 885 653 915 praeter
670 881 876 908 translationem
899 888 947 908 seu
965 881 1135 916 μετάῳρασιν
1160 888 1242 915 quam
1265 880 1382 912 edimus,
1401 879 1429 906 S.
1448 880 1628 907 Athanasium
1645 879 1725 906 etiam
1745 879 1822 905 illum

195 928 434 958 commentarium,
452 927 474 954 si
494 927 531 953 ita
553 926 689 960 aliquibus
705 926 803 960 placet,
825 926 1028 959 composuisse;
1047 926 1089 952 vel
1110 930 1192 956 certe,
1219 925 1291 959 quod
1316 925 1360 951 ille
1376 928 1447 952 esset
1472 924 1626 955 Athanasii,
1649 931 1711 950 cum
1736 924 1823 958 ipsius

195 983 293 1003 nomen
308 975 447 1010 praeferret
468 974 646 1008 inscriptione
659 973 803 1007 deceptum
819 972 969 999 Adrianum
992 980 1100 1007 papam.
1124 977 1153 999 ut
1168 972 1198 999 P.
1219 971 1413 998 Montfaucono
1429 971 1546 1005 aliisque
1561 971 1620 1005 ejus
1637 970 1718 998 sociis
1734 971 1823 998 conti-

195 1023 267 1058 gisse
278 1022 394 1055 videtur,
417 1021 572 1049 crediderit.
591 1021 668 1054 Quod
685 1028 760 1053 sane,
779 1024 808 1047 ut
829 1021 896 1047 mihi
919 1021 1109 1055 persuadeam,
1123 1027 1157 1046 eo
1172 1019 1259 1054 magis
1276 1019 1390 1046 inducor
1405 1019 1467 1054 quia
1486 1019 1512 1045 in
1529 1019 1622 1045 eadem
1637 1018 1752 1053 epistola
1769 1019 1823 1045 alia

195 1075 259 1098 sunt
274 1077 334 1105 quae
346 1078 439 1097 eorum
454 1073 610 1096 sanctorum
625 1077 696 1100 esse,
711 1076 829 1103 quorum
843 1068 1001 1095 nominibus
1018 1068 1203 1100 ascribuntur,
1216 1074 1296 1094 nemo
1313 1071 1388 1094 certo
1399 1074 1522 1094 asserere
1537 1073 1569 1093 ac
1585 1069 1715 1101 praestare
1727 1066 1822 1093 volue-

195 1117 240 1143 rit.
265 1116 331 1149 Quae
354 1123 417 1142 vero
429 1115 456 1141 in
474 1115 603 1142 Chronico
620 1114 802 1141 Alexandrino
826 1113 971 1145 habentur,
988 1118 1017 1140 ut
1035 1113 1116 1140 etiam
1129 1113 1163 1140 de
1185 1113 1231 1140 illo
1248 1112 1350 1147 aliquid
1365 1112 1466 1144 dicam,
1487 1113 1589 1148 integra
1603 1120 1656 1139 non
1673 1116 1782 1139 exstant
1794 1111 1821 1137 in

195 1167 395 1192 commentario
413 1165 524 1192 Patrum
538 1164 786 1197 Benedictinorum,
800 1163 960 1198 et'insupcr
977 1162 1126 1190 Chronicon
1144 1162 1209 1189 illud
1233 1163 1311 1197 plura
1333 1162 1531 1198 apocryphalet
1548 1161 1719 1196 supposititia
1734 1160 1823 1187 conti-

195 1215 250 1237 net.
266 1210 380 1238 Demum
396 1211 665 1240 animadvertendum
682 1215 734 1243 est,
751 1219 812 1246 qum
829 1210 985 1238 referuntur
1003 1211 1083 1238 veluti
1097 1218 1130 1237 ex
1144 1210 1173 1237 S.
1193 1210 1344 1237 Athanasio
1359 1217 1374 1236 a
1389 1209 1419 1238 S.
1439 1209 1586 1242 Germano,
1599 1213 1626 1237 et
1641 1209 1675 1236 ab
1689 1208 1821 1235 Adriano,

194 1260 352 1294 hujusmodi
368 1264 442 1290 sunt.
465 1265 494 1287 ut
514 1261 685 1288 translationi
703 1268 751 1287 seu
768 1260 934 1295 μετάφρασι,
950 1267 1044 1294 parum
1070 1263 1132 1294 apta
1148 1268 1209 1287 esse
1224 1259 1377 1292 videantur,
1393 1259 1440 1287 sed
1465 1257 1661 1286 commentario
1688 1257 1782 1291 potius
1794 1260 1823 1282 et

194 1307 292 1335 fusiori
310 1307 481 1337 Psalmorum
503 1308 666 1343 exp05itioni
689 1308 777 1343 magis
793 1308 967 1338 conveniant,
986 1315 1018 1334 ac
1038 1307 1152 1342 proinde
1168 1307 1287 1334 validum
1311 1307 1372 1333 inde
1386 1310 1576 1341 argumentum
1592 1304 1663 1331 sumi
1680 1303 1775 1338 nequit
1787 1303 1820 1329 ad

193 1354 372 1388 quaestionem
386 1354 545 1381 movendam
568 1354 602 1381 de
617 1358 728 1381 auctore
743 1357 843 1380 nostra;
859 1353 1059 1384 translationis,
1078 1353 1101 1380 si
1129 1352 1155 1378 in
1175 1360 1206 1379 ea
1223 1360 1276 1379 non
1302 1352 1472 1386 reperiantur
1487 1359 1548 1386 quae
1571 1350 1741 1377 translationi
1768 1348 1820 1376 mi-

195 1402 269 1429 nime
286 1406 455 1437 congruunt;
473 1402 529 1428 imo
551 1402 642 1436 potius
667 1402 700 1428 ab
725 1400 884 1435 hujusmodi
902 1400 1031 1427 brevibus
1056 1405 1083 1427 et
1102 1400 1303 1434 compendiosis
1322 1399 1541 1434 expositionibus
1570 1398 1658 1424 aliena
1683 1397 1819 1428 videntur,

194 1448 256 1475 ideo
268 1447 308 1475 vel
322 1448 464 1475 Athanasii
486 1455 540 1474 non
555 1452 630 1479 sunt,
651 1447 697 1474 sed
718 1455 766 1482 per
781 1455 902 1474 errorem
918 1446 943 1474 ei
959 1447 1088 1482 ascripta,
1105 1447 1145 1474 vel
1166 1447 1192 1473 in
1207 1446 1412 1474 commentariis
1434 1445 1530 1473 fusiori
1547 1446 1616 1480 stylo
1633 1444 1753 1479 scriptis,
1773 1444 1821 1478 qui

194 1498 348 1528 temporum
367 1493 435 1521 forte
447 1494 558 1529 injuria,
574 1499 603 1522 ut
622 1495 699 1529 plura
722 1495 773 1521 alia
790 1495 974 1530 deperierunt,
991 1495 1137 1530 quaerenda
1153 1500 1227 1522 sunt.
1249 1495 1314 1527 Quae
1334 1494 1443 1530 quidem
1459 1498 1530 1520 recte
1547 1501 1606 1520 mea
1620 1491 1755 1519 sententia
1768 1492 1820 1518 dici

194 1545 311 1577 possunt
324 1542 357 1568 de
369 1542 498 1569 omnibus
509 1542 570 1570 aliis
585 1551 646 1577 qua:
657 1544 708 1570 sub
726 1542 835 1570 nomine
850 1543 993 1570 Athanasii
1011 1543 1136 1577 leguntur
1150 1542 1176 1569 in
1191 1543 1296 1570 catenis
1307 1541 1417 1569 Patrum
1436 1541 1516 1569 editis
1531 1549 1546 1567 a
1564 1540 1740 1566 Balthazarre
1754 1538 1822 1566 Cor-

194 1588 270 1616 derio
284 1588 408 1623 aliisque.
425 1587 557 1616 Przeterea
573 1597 620 1624 pro
637 1590 833 1617 commentario
849 1594 941 1616 nostro
955 1597 1003 1616 seu
1025 1590 1249 1624 interpretatione
1267 1589 1368 1616 tuenda
1389 1592 1462 1615 certe
1486 1587 1553 1614 illud
1572 1586 1681 1614 silentio
1707 1590 1820 1620 praeter-

194 1636 358 1664 mittendum
373 1644 427 1664 non
447 1640 506 1669 est,
524 1637 596 1672 quod
613 1637 657 1670 iis,
675 1645 734 1672 quae
750 1645 764 1664 a
781 1637 810 1664 S.
826 1637 963 1665 Germano
979 1642 1108 1672 tanquam
1128 1645 1161 1664 ex
1184 1637 1326 1664 Athanasii
1354 1636 1463 1671 scriptis
1487 1635 1647 1669 allegantur,
1673 1632 1819 1660 admodum

193 1689 377 1712 consentanea
392 1688 530 1719 suntquae
546 1685 671 1720 leguntur
689 1685 715 1712 in
733 1689 826 1712 nostra
850 1685 1017 1720 metaphrasi
1036 1685 1068 1712 ad
1089 1685 1224 1720 psalmum
1245 1693 1310 1717 ctu,
1335 1685 1379 1712 ubi
1404 1684 1438 1712 ad
1453 1684 1534 1711 verba
1548 1684 1592 1710 illa
1609 1683 1629 1698 ”
1648 1692 1654 1709 :
1680 1681 1733 1713 Qui
1755 1679 1819 1714 facit

194 1730 301 1766 angelos
321 1739 382 1758 suos
395 1731 514 1766 spiritus,
533 1736 557 1758 et
573 1732 708 1758 ministros
719 1740 781 1758 suos
796 1732 864 1766 ignis
882 1732 1030 1766 ﬂammam,
1045 1732 1102 1759 haec
1114 1732 1259 1766 subjicitur
1275 1731 1461 1767 interpretatio
1476 1740 1483 1758 :
1498 1741 1506 1756 ‹
1521 1729 1693 1758 Manifestum
1708 1728 1816 1762 quidem

194 1782 246 1810 est,
259 1778 332 1812 quod
348 1778 434 1805 sancti
449 1778 507 1813 ejus
520 1778 626 1813 (nempe
643 1778 742 1813 angeli)
764 1778 877 1813 spiritus
895 1784 968 1810 sunt,
988 1782 1015 1806 et
1031 1778 1146 1806 virtutes
1164 1779 1350 1806 ministrantes
1367 1779 1391 1805 ei
1407 1782 1471 1806 sunt
1484 1777 1564 1813 ignis.
1592 1786 1601 1801 ι
1629 1774 1707 1801 Levis
1735 1773 1817 1799 etiam

195 1824 327 1851 momenti
349 1829 423 1857 sunt,
439 1830 466 1852 et
485 1826 587 1853 nullius
608 1825 664 1852 fere
680 1825 818 1860 ponderis,
833 1834 893 1860 qua-
909 1826 936 1852 in
957 1825 1070 1859 Manito,
1086 1826 1158 1860 quod
1174 1826 1348 1861 prmmiltitur
1362 1825 1557 1853 commentario
1574 1821 1714 1850 Athanasii
1730 1819 1816 1847 nomi-

195 1878 229 1897 ne
243 1870 384 1905 inscripto,
404 1871 438 1898 ab
454 1871 548 1899 iisdem
569 1871 696 1899 Patribus
709 1872 892 1900 Benedictinis
908 1878 1038 1907 tanquam
1050 1873 1269 1905 ex,Theodoreto
1287 1873 1447 1900 afferuntur.
1463 1872 1584 1898 Primum
1604 1870 1668 1905 quia
1685 1876 1740 1894 non
1757 1870 1821 1894 sunt

194 1916 370 1952 Theodoreti,
384 1923 414 1946 ut
429 1919 479 1953 ipsi
496 1920 622 1950 innuunt,
639 1919 685 1946 sed
701 1919 818 1954 alicujus
837 1919 1014 1946 amanuensis
1031 1919 1115 1954 ignoti
1133 1920 1264 1951 norninis,
1279 1927 1306 1946 et
1327 1920 1437 1946 incertae
1450 1918 1548 1949 aetatis,
1572 1924 1604 1943 ac
1618 1913 1732 1950 proinde
1761 1911 1821 1938 nul-

194 1965 249 1992 lius
266 1966 435 1994 auctoritatis
451 1975 457 1993 :
473 1966 579 1998 deinde,
597 1967 662 2001 quia
681 1967 726 1994 illa
751 1967 844 1994 omnia
859 1988 866 2000 ,
892 1975 953 2002 qua:
978 1967 1011 1995 de
1026 1967 1088 1995 aliis
1104 1969 1173 1995 dicta
1191 1973 1264 2000 sunt,
1286 1967 1319 1995 de
1343 1968 1426 2002 hujus
1441 1967 1582 2001 scriptoris
1607 1964 1759 1999 fragmento
1772 1967 1819 1987 seu

195 2011 352 2040 testimonio
367 2013 420 2040 dici
436 2017 551 2047 possunt
566 2022 573 2040 :
594 2012 704 2040 demum
721 2019 750 2040 ut
766 2013 916 2048 generatim
938 2021 970 2041 ac
992 2014 1111 2041 breviter
1132 2014 1324 2048 respondeam,
1343 2018 1370 2040 et
1383 2013 1477 2048 paucis
1490 2011 1630 2040 ostendam
1647 2017 1730 2046 quam
1746 2009 1821 2036 infir-

194 2065 271 2086 mum
287 2059 322 2086 sit
336 2063 527 2094 argumentum
541 2059 615 2093 quod
636 2059 699 2086 inde
715 2067 730 2086 a
745 2060 905 2087 clarissimis
928 2059 1054 2087 Patribus
1078 2059 1262 2088 Benedictinis
1286 2060 1405 2091 ducitur,
1429 2063 1458 2086 ut
1472 2056 1698 2086 commentarium
1715 2056 1750 2083 de
1766 2061 1819 2090 quo

195 2105 287 2138 agitur
303 2104 332 2132 S.
346 2105 497 2132 Athanasio
515 2105 680 2139 ascribatur,
694 2113 727 2133 ex
744 2114 777 2134 eo
792 2107 864 2141 quod
880 2115 952 2135 unus
965 2107 1006 2134 vel
1019 2107 1088 2134 alter
1104 2107 1181 2135 locus
1194 2113 1315 2135 veterum
1328 2108 1492 2142 scriptorum
1506 2105 1553 2141 qui
1563 2103 1706 2132 Athanasii
1718 2102 1819 2136 scripta

195 2151 352 2184 laudarunt,
365 2151 391 2178 in
409 2158 442 2178 eo
458 2150 632 2184 inveniatur;
651 2152 775 2186 exemplo
789 2157 851 2179 utar
874 2153 1132 2180 commentariorum
1148 2153 1174 2179 in
1190 2153 1323 2185 Psahnas,
1348 2153 1395 2188 qui
1418 2151 1574 2187 Hieronymi
1601 2157 1700 2178 nomen
1723 2148 1821 2176 inscri-

195 2200 272 2231 ptum
285 2196 395 2228 habent,
414 2196 441 2223 in
455 2197 554 2231 quibus
571 2197 622 2224 etsi
636 2205 665 2224 ea
683 2205 744 2232 qua:
758 2197 787 2226 S.
802 2199 972 2234 Augustinus
985 2204 1012 2227 et
1030 2199 1058 2226 S.
1075 2200 1224 2235 Gregorius
1241 2199 1282 2227 VII
1303 2204 1330 2227 et
1345 2200 1402 2235 ipse
1423 2198 1605 2234 Hieronymus
1620 2204 1652 2224 ex
1671 2195 1731 2224 suis
1746 2202 1820 2222 eom-

195 2242 335 2269 mentariis
349 2242 377 2268 in
388 2240 551 2268 Psalterium
570 2242 676 2278 allegat,
699 2243 894 2276 inveniantur;
912 2248 1003 2271 tamen
1027 2252 1101 2272 nunc
1117 2252 1214 2272 omnes
1236 2244 1291 2271 fere
1312 2243 1412 2271 eruditi
1431 2242 1552 2270 unanimi
1566 2247 1704 2268 consensu
1721 2247 1821 2267 conve-

194 2287 284 2319 niunt,
299 2295 352 2314 non
374 2294 435 2314 esse
451 2287 512 2314 illos
525 2286 556 2313 B.
574 2286 740 2322 Hieronymo
758 2287 947 2322 ascribendos,
969 2289 1016 2316 sed
1033 2289 1111 2317 alteri
1127 2289 1265 2324 scriptori,
1288 2289 1336 2324 qui
1357 2289 1497 2323 aliquanto
1514 2291 1576 2323 post
1593 2286 1681 2315 sancti
1699 2285 1821 2314 doctoris

194 2337 302 2360 aatatem
319 2333 439 2368 scripsit.

232 2406 352 2434 XXXIII.
374 2407 409 2434 At
424 2414 488 2434 vero
502 2406 573 2434 alius
586 2406 721 2442 qutspiam
737 2407 855 2435 fortasse
869 2408 922 2435 erit
939 2409 986 2443 qui
1000 2409 1033 2436 ad
1049 2409 1236 2444 denegandam
1249 2417 1350 2443 magno
1365 2409 1515 2436 Athanasio
1529 2412 1650 2436 nostram
1665 2407 1820 2442 metaphra-

195 2458 258 2489 sim,
271 2456 333 2483 inde
351 2455 402 2483 sibi
418 2463 472 2482 non
488 2455 574 2483 levem
595 2456 782 2491 conjecturam
800 2461 828 2483 et
843 2462 1032 2491 argumentum
1051 2463 1194 2493 suppetere
1216 2459 1329 2493 putabit,
1353 2458 1425 2493 qttod
1448 2462 1543 2484 auctor
1556 2456 1679 2490 ejusdem
1701 2455 1819 2482 transla-

195 2502 279 2529 tionis
292 2502 399 2528 bcatam
416 2500 552 2536 Virginem
569 2501 709 2535 Θεοτόκον,
725 2502 776 2528 hoc
789 2506 840 2534 est,
865 2502 1018 2537 Deiparam,
1042 2507 1192 2538 nuncupat.
1209 2512 1270 2531 cum
1285 2503 1404 2531 Joannes
1418 2503 1552 2531 Meursius
1569 2502 1596 2529 in
1617 2509 1668 2529 suo
1683 2500 1820 2529 Glossario

195 2547 320 2580 aﬂirmet,
340 2556 350 2572 σ
370 2547 483 2574 inditum
503 2555 564 2575 esse
583 2548 636 2575 hoc
647 2556 745 2576 nomen
759 2549 838 2576 Matri
856 2549 963 2577 Domini
982 2557 1014 2577 ac
1031 2549 1181 2578 Salvatoris
1197 2551 1282 2578 nostri
1299 2549 1362 2577 Jesn
1382 2550 1485 2578 Christi
1503 2558 1519 2577 a
1535 2548 1638 2584 synodo
1653 2556 1670 2575 v
1684 2547 1817 2575 Constan-

197 2595 376 2629 tinopolitana
391 2599 512 2630 tempore
523 2594 680 2623 Iustiniani.
697 2606 706 2622 ι
722 2595 869 2624 Enimvero
882 2597 904 2625 si
921 2597 984 2632 quis
1000 2597 1036 2624 ita
1050 2598 1102 2625 sibi
1124 2598 1311 2632 persuaderet,
1323 2598 1404 2632 longe
1420 2605 1434 2624 a
1446 2597 1560 2624 veritate
1571 2597 1718 2624 aberraret.
1735 2595 1818 2630 Quip-

195 2647 230 2673 pc
245 2640 329 2668 multo
344 2647 407 2669 ante
427 2641 569 2670 Athanasii
587 2649 694 2672 aetatem
716 2652 747 2672 ea
768 2653 833 2673 voce
855 2653 921 2673 usos
935 2654 997 2674 esse
1012 2650 1115 2674 veteres
1130 2645 1236 2679 Patres,
1254 2646 1435 2674 indubitatum
1452 2650 1503 2674 cst.
1520 2646 1609 2679 Quare
1623 2644 1752 2673 Socrates
1763 2643 1816 2681 (76)

230 2754 252 2772 “
267 2755 340 2783 Psal.
357 2763 449 2789 Lxxtx,
464 2755 492 2783 2.
531 2756 552 2772 ¹³
571 2756 659 2784 Galat.
676 2765 714 2790 tv,
740 2757 783 2786 26.
837 2758 858 2773 ’⁸
890 2758 985 2786 Matth.

584 2756 714 2790 Ialat.tv,
740 2757 783 2786 26.
837 2758 858 2773 ’⁸
890 2758 985 2786 Matth.
1012 2765 1073 2791 xxv,
1109 2757 1153 2784 I2.
1192 2755 1342 2786 "VersJ.

233 2847 289 2881 (76)
305 2847 378 2876 Hist.
396 2850 457 2877 (εει.
475 2849 521 2877 lib.
540 2857 587 2883 vn,
605 2857 628 2877 c.
645 2850 689 2877 52.
