1919 3051
67 160 118 188 6ῗοῖ
392 162 434 191 DE
455 161 594 191 TITULIS
613 162 837 191 PSALMORUM.
858 179 893 184 —-
910 164 1110 193 ANTONELLI
1133 165 1328 194 PREFATIO.
1648 165 1700 194 638

67 220 187 248 inscitiae
204 221 296 256 arguit
313 220 483 254 Nestorium,
507 223 553 257 qui
579 222 649 249 hanc
667 230 760 249 vocem
783 222 913 249 Θεοτόκον
930 227 1059 258 tanquam
1074 231 1171 251 novam
1188 224 1338 259 rejiciebat,
1360 226 1491 261 quoniam
1505 224 1599 253 eadem
1621 231 1702 251 usum

69 266 154 295 fuisse
171 266 289 299 afﬁrmat
302 266 446 303 Origenem
459 272 486 296 et
509 267 656 295 Eusebium
682 267 890 296 Cassariensem.
915 269 1041 298 Profecto
1068 271 1163 298 eadem
1192 278 1242 298 vox
1256 271 1355 306 legitur
1379 272 1406 299 in
1430 271 1551 307 Epistola
1577 270 1700 305 Dionysii

68 312 258 345 Alexandrini,
276 321 357 347 quam
374 313 499 339 adversus
512 312 628 340 Paulum
656 312 858 341 Samosatenttm
871 315 989 349 scripsit,
1007 320 1033 342 et
1061 316 1088 342 in
1104 316 1220 351 epistola
1249 324 1330 352 quam
1359 318 1486 345 adversus
1505 318 1564 344 Arii
1580 317 1701 344 Itwresim

70 357 225 384 Alexander
239 357 412 384 Alexandriae
427 358 584 392 episcopus,
601 362 628 384 et
641 357 783 385 Athanasii
798 359 825 385 in
848 359 1031 387 Alexandrina
1048 362 1112 389 sede
1134 362 1319 396 praedecessor
1337 362 1370 389 ad
1386 363 1544 398 episcopum
1565 361 1702 390 Constan-

69 403 291 437 tinopolitanum,
312 403 502 438 cognominem
524 411 615 436 suum,
634 405 755 439 aliosque
773 405 914 440 episcopos
929 408 1062 434 adversus
1081 407 1175 433 Arium
1201 407 1316 442 ejusque
1332 415 1440 435 errores
1456 409 1545 442 misitf;
1570 415 1631 443 quae
1649 407 1702 435 uti-

71 456 132 483 que,
147 453 281 484 quantum
297 457 346 485 ego
366 457 475 482 censeo,
491 451 592 485 scripta
611 455 653 478 est
675 452 709 478 ab
734 454 793 486 ipso
807 451 969 486 Athanasio,
987 462 1042 487 quo
1058 454 1212 488 defensore,
1229 459 1266 487 et,
1283 459 1313 482 ut
1333 455 1370 482 ita
1390 455 1490 489 dicam,
1507 455 1635 483 catholici
1652 455 1702 482 do-

70 498 167 532 gmatis
179 498 313 525 advocato
324 503 350 526 et
362 503 478 533 patrono
494 499 521 526 in
534 498 643 526 Nicaana
668 500 771 535 synodo
794 501 851 535 ipse
865 500 1020 529 Alexander
1037 510 1104 530 usus
1128 507 1185 536 est;
1212 511 1274 530 cum
1301 504 1373 531 enim
1390 503 1576 531 archidiaconi
1601 509 1702 530 munus

71 544 96 571 in
113 543 237 571 Ecclesia
252 537 604 577 Alexandrinaoblitteret,
628 546 776 573 verisimile
793 551 835 573 est
856 546 938 574 etiam
963 548 1169 576 seribentlarum
1195 549 1371 583 epistolarum
1393 558 1488 577 curam
1508 550 1543 583 ei,
1559 550 1617 584 qui,
1635 554 1703 577 teste

71 591 176 619 Rufiin
194 591 263 625 (77),
287 591 431 619 Alexandri
448 592 568 627 episcopi
585 594 708 621 consiliis
726 595 830 626 aderat,
844 595 1036 623 demandatam
1053 596 1148 623 fuisse.
1168 596 1297 624 Profecto
1314 598 1458 632 epistolam
1471 597 1544 624 illam
1562 601 1701 624 auctorem

70 639 169 665 habere
182 637 374 669 Athanasium,
389 645 449 664 eam
473 643 575 665 attente
594 639 791 672 consideranti,
808 645 834 666 et
852 648 914 667 cum
934 641 995 669 aliis
1021 641 1165 669 Athanasii
1183 642 1312 677 operibus
1335 642 1486 670 conferenti
1501 642 1579 669 facile
1590 648 1702 676 persua-

71 684 187 712 debitur.
206 684 261 711 Sed
278 684 387 711 domum
403 684 455 711 hac
469 684 503 711 de
518 692 548 711 re
570 685 646 712 nulla
664 685 691 711 in
716 685 871 721 cujuspiam
889 687 982 714 animo
1000 687 1135 715 dubitatio
1157 688 1277 716 insidere
1299 693 1398 724 potest,
1413 689 1434 716 si
1448 689 1519 716 edita
1536 687 1564 716 S.
1581 688 1702 723 episcopi

72 739 150 765 opera
170 731 343 765 inspexerit;
361 731 486 766 pluribus
500 731 573 758 enim
592 732 619 758 in
634 732 703 760 locis
723 732 836 760 Mariam
854 733 997 769 Virginem
1016 734 1146 762 Θεοτόκον
1160 740 1300 770 nuncupat
1321 736 1496 764 beatissimus
1514 734 1701 768 Athanasius;

73 777 106 804 ita
130 778 157 804 in
171 777 300 805 oratione
328 778 406 805 tertia
422 783 450 805 et
461 782 560 814 quarta
585 782 682 806 contra
714 779 843 814 Arianos,
864 780 892 807 in
916 780 988 808 libro
1005 781 1042 808 De
1067 781 1267 816 Incarnatione,
1296 786 1324 810 et
1349 783 1375 810 in
1392 783 1461 810 libro
1486 788 1576 809 contra
1597 780 1701 816 Apolli-

73 830 187 849 narrum.

105 866 225 895 XXXIV.
241 867 272 895 Si
285 867 347 903 quis
361 876 425 896 vero
443 869 508 896 mihi
525 870 662 905 negotium
680 870 813 898 facessere
827 871 908 905 velit,
924 872 1093 907 persuadens
1109 873 1161 900 sibi
1178 874 1422 906 commentarium,
1438 881 1484 901 seu
1501 872 1702 906 interpretatio—

75 923 142 948 nem,
158 916 248 950 quade
261 916 362 951 agitur,
376 917 497 952 sequiori
507 921 586 944 aetate
600 918 728 953 scriptam
741 917 827 945 fuisse
839 927 873 946 ex
886 919 920 946 iis
931 927 992 954 qure
1005 920 1132 947 adnotata
1146 925 1295 949 occurrunt
1306 922 1334 948 in
1351 925 1540 955 argumentum
1556 919 1651 954 psalmi
1664 926 1701 950 vr,

75 966 98 987 et
113 961 175 988 alibi
191 962 221 988 iu
237 962 313 989 hunc
327 963 456 991 modum:
476 973 484 989 ι
499 962 607 991 Titulus
622 964 782 999 prmpositus
795 965 916 992 continet
941 974 948 992 :
962 965 994 992 In
1012 966 1090 1001 ﬁnem
1112 968 1137 993 in
1156 967 1260 1002 hymnis
1284 976 1331 1002 pro
1357 972 1448 994 octava
1465 965 1588 993 Psalmus
1608 963 1701 991 Dauid.

76 1008 127 1037 Hoc
141 1015 231 1037 autem
248 1011 400 1045 signiﬁcat:
416 1011 445 1038 lu
469 1013 632 1040 seculorum
650 1013 888 1040 consummatione
904 1015 990 1041 sancti
1018 1015 1169 1049 rogabunt,
1188 1019 1218 1042 ut
1236 1015 1384 1042 liberentur
1404 1022 1419 1041 a
1443 1013 1562 1048 judicio,
1584 1016 1610 1039 et
1628 1011 1702 1046 digiti

76 1057 253 1085 liantwternae
267 1060 397 1088 mercedis
413 1061 608 1088 retributione:
626 1067 702 1088 serto
718 1061 790 1088 enim
804 1062 903 1089 saeculo
914 1068 1121 1090 consummatur
1134 1063 1252 1090 mundus
1264 1073 1270 1090 :
1285 1063 1399 1098 septimo
1412 1067 1501 1089 autem
1515 1061 1608 1088 orbem
1626 1065 1703 1086 terra:

75 1103 172 1138 judicat
186 1104 339 1132 Dominus:
357 1111 452 1133 octavo
465 1114 529 1134 vero
542 1107 570 1133 hi
585 1107 686 1134 abeunt
699 1107 726 1134 in
740 1108 822 1134 vitam
835 1113 975 1139 mternam,
987 1114 1014 1135 ct
1028 1109 1055 1135 hi
1073 1109 1098 1135 iu
1115 1109 1278 1144 supplicium
1296 1114 1437 1136 aeternum.
1454 1108 1600 1143 Propterea
1614 1106 1704 1141 dictu:

76 1156 114 1178 est
129 1154 251 1187 psalmus
262 1158 281 1180 ':
301 1152 333 1179 In
354 1153 431 1188 ﬁnem
448 1156 475 1180 in
489 1155 593 1189 hymnis
611 1163 657 1188 pro
672 1160 772 1187 octava,
791 1163 823 1183 eo
846 1156 918 1190 quod
943 1156 1093 1183 liberentur
1115 1156 1203 1184 sancti
1226 1156 1253 1183 in
1267 1160 1379 1189 octava;
1393 1165 1401 1181 ν
1415 1155 1440 1182 id
1455 1163 1470 1182 a
1485 1162 1528 1182 me
1544 1160 1703 1188 responsum

77 1197 154 1230 ferat,
170 1203 280 1226 tantum
296 1201 391 1228 abesse
401 1221 407 1233 ,
421 1205 450 1227 ut
468 1201 531 1228 hinc
543 1201 644 1236 aliquid
659 1206 754 1228 contra
769 1210 800 1228 ea
811 1209 872 1237 quae
884 1202 917 1229 de
929 1206 1041 1229 auctore
1054 1201 1242 1228 commentarii
1258 1201 1374 1228 disserui
1386 1221 1393 1233 ,
1411 1200 1500 1238 colligi
1514 1199 1598 1233 possit
1610 1218 1616 1230 ,
1636 1197 1703 1233 quin

78 1246 161 1279 potius
173 1247 299 1282 ejusdem
313 1248 462 1283 antiquitas
476 1253 626 1276 astruatur.
641 1248 734 1284 Neque
747 1250 820 1276 enim
834 1254 939 1277 veteres
953 1249 1048 1277 Patres
1061 1250 1114 1276 alia
1133 1249 1237 1276 ratione
1252 1249 1334 1275 locuti
1351 1252 1415 1275 sunt
1428 1248 1462 1274 de
1478 1246 1596 1274 Satibato
1606 1266 1613 1278 ,
1631 1250 1656 1272 et
1670 1245 1704 1272 de

78 1291 168 1321 Octava
180 1315 187 1327 ,
205 1299 230 1322 et
244 1294 280 1322 de
294 1295 404 1328 psalmis
422 1295 468 1330 qui
493 1297 547 1322 Pro
561 1301 653 1323 octava
671 1297 868 1324 inscribuntur.
886 1297 925 1324 lta
943 1297 1052 1332 quidem
1070 1296 1097 1323 S.
1117 1296 1256 1323 Barnabas
1280 1296 1306 1322 iu
1335 1303 1383 1322 sua
1408 1294 1528 1330 Epistola
1552 1292 1703 1324 catholica,

79 1339 92 1375 ᾗ
110 1340 155 1373 15,
169 1341 213 1367 ubi
230 1341 354 1375 loquitur
368 1341 401 1369 de
418 1341 536 1369 Sabbato
549 1343 663 1377 ejusque
681 1343 913 1376 sanctiﬁcatione;
926 1348 952 1369 ct
967 1343 994 1369 in
1013 1343 1085 1370 notis
1102 1343 1135 1370 ad
1151 1342 1233 1369 verba
1256 1341 1377 1376 ejusdem
1401 1340 1529 1375 Epistolas
1553 1338 1703 1366 Cotelerius

80 1386 149 1413 affert
161 1395 192 1414 ex
209 1387 307 1415 codice
321 1389 508 1423 manuscripto
523 1389 704 1424 fragmentum
722 1389 846 1417 Graecum
865 1390 892 1417 S.
909 1389 1014 1421 lrcnrei,
1029 1390 1106 1424 cujus
1125 1389 1218 1419 verba,
1233 1395 1294 1415 cum
1309 1386 1454 1414 admodum
1472 1386 1572 1413 similia
1594 1384 1648 1411 sint
1670 1382 1704 1411 iis

80 1442 133 1471 qua:
148 1435 174 1461 in
190 1440 287 1462 nostro
299 1437 496 1466 commentario
512 1437 656 1472 leguntur,
673 1445 726 1465 non
745 1438 862 1466 alienum
876 1438 928 1465 erit
942 1446 956 1465 a
974 1446 1003 1475 re
1022 1443 1113 1465 nostra
1130 1437 1226 1464 Latine
1242 1437 1346 1464 reddita
1364 1436 1416 1463 hoc
1431 1435 1491 1462 loco
1508 1434 1615 1462 afferre.
1628 1434 1657 1460 in
1671 1442 1704 1461 eo

80 1480 192 1515 quidem,
210 1482 300 1509 allatis
315 1482 463 1517 Scriptura:
474 1476 564 1511 verbis
580 1491 613 1511 ex
624 1484 712 1518 capite
728 1484 848 1512 secundo
863 1484 986 1516 Genesis,
1003 1485 1059 1511 haec
1072 1484 1243 1510 subduntur:
1262 1493 1270 1508 ι
1284 1482 1340 1510 Hoc
1355 1487 1445 1509 autem
1461 1486 1503 1509 est
1515 1488 1541 1509 et
1556 1481 1704 1508 antefacto-

81 1535 134 1554 rum
148 1529 267 1556 narratio
288 1534 316 1556 et
327 1528 480 1558 futurorum
493 1530 645 1565 prophetia.
662 1530 710 1558 Est
725 1531 797 1558 enim
809 1531 867 1558 dies
882 1531 988 1558 Domini
1002 1531 1080 1565 quasi
1095 1531 1168 1557 mille
1181 1530 1256 1557 anui.
1271 1530 1299 1557 In
1314 1538 1360 1557 scx
1374 1530 1456 1565 igitur
1465 1529 1561 1556 diebus
1573 1536 1703 1556 consum-

81 1577 146 1599 mata
162 1579 224 1600 sunt
239 1582 303 1610 quae
318 1573 389 1602 facta
406 1581 479 1603 sunt.
495 1576 669 1604 Manifestum
682 1584 747 1612 ergo
762 1581 805 1604 est
827 1577 955 1612 quoniam
972 1577 1173 1604 consummatio
1191 1577 1312 1611 ipsorum
1330 1581 1423 1604 sextus
1440 1576 1600 1602 millesimus
1616 1582 1703 1602 arruns

82 1624 126 1647 est.
141 1620 173 1648 Et
184 1622 302 1656 septima
317 1621 360 1649 die
375 1622 468 1650 orbem
478 1623 600 1657 judicat:
619 1627 646 1650 et
657 1629 752 1651 octava
763 1644 770 1657 ,
785 1631 845 1658 qua:
861 1628 903 1651 est
917 1623 1039 1650 futurum
1053 1623 1183 1650 steculum
1197 1642 1204 1654 ,
1222 1623 1290 1649 alios
1306 1622 1415 1657 quidem
1440 1622 1522 1649 tradit
1543 1621 1570 1648 in
1594 1628 1701 1655 pozuam

83 1668 219 1698 aeternam,
238 1667 310 1694 alios
322 1666 350 1694 in
361 1667 456 1695 vitam.
472 1667 585 1702 Propter
600 1668 653 1696 hoc
673 1668 738 1696 dicti
766 1673 829 1695 sunt
856 1669 952 1702 psalmi
967 1668 1023 1695 Pro
1049 1673 1151 1695 octava.
1176 1667 1275 1694 Eadem
1296 1668 1421 1702 leguntur
1442 1668 1468 1695 in
1486 1667 1597 1701 antiqua
1619 1666 1703 1693 inter-

83 1714 223 1746 pretatione
240 1714 338 1741 Latina
353 1715 415 1742 libri
436 1715 523 1750 quinti
541 1716 666 1743 adversus
683 1716 791 1744 hereses
810 1715 932 1751 ejusdem
952 1716 1045 1743 lrmnci
1061 1715 1137 1750 (78):
1155 1715 1181 1742 in
1207 1715 1329 1742 eamdem
1355 1714 1517 1742 sententiam
1535 1713 1614 1740 verba
1639 1711 1703 1739 facit

84 1758 203 1795 Origenes
218 1762 245 1789 in
261 1762 332 1789 libro
351 1767 443 1789 contra
456 1763 560 1790 Celsum
575 1764 631 1799 (79)
644 1773 650 1797 ;
667 1763 827 1799 Hippolytus
839 1764 909 1798 apud
922 1763 1048 1790 Photium
1064 1762 1137 1797 (80):
1157 1767 1254 1789 auctor
1270 1762 1452 1794 Quwstionum
1468 1766 1492 1788 et
1507 1760 1702 1794 responsionum

85 1807 147 1835 inter
161 1816 241 1843 opera
258 1808 360 1836 Justini
376 1807 500 1844 Martyris
514 1809 588 1844 (81),
601 1814 628 1837 et
642 1809 800 1837 Lactantius
814 1809 883 1836 libro
898 1809 1013 1843 septimo
1029 1808 1231 1835 Institutionum
1248 1808 1302 1843 (82)
1316 1817 1324 1841 -,
1340 1809 1436 1843 quibus
1453 1806 1567 1834 audendi
1587 1809 1651 1833 sunt
1667 1813 1702 1832 ex

86 1855 180 1885 Latinis
195 1857 224 1885 S.
237 1857 420 1894 Hieronymus
433 1858 459 1885 in
478 1858 592 1892 epistola
606 1858 640 1885 ad
663 1857 846 1893 Cyprianum;
866 1857 894 1884 S.
913 1857 1082 1892 Augustinus
1101 1858 1137 1886 De
1154 1860 1259 1886 ciuitate
1280 1856 1329 1883 Dei
1347 1856 1421 1892 (85),
1443 1859 1469 1882 et
1492 1855 1520 1881 in
1541 1853 1703 1889 expositione

85 1902 173 1931 Ρωιωὶ
186 1904 271 1936 sexti;
288 1904 470 1932 Cassiodorus
486 1904 512 1931 in
529 1903 599 1930 libro
616 1903 757 1930 Variarum
772 1903 848 1938 (84):
863 1911 895 1930 ex
910 1902 1011 1930 Grecis
1022 1908 1112 1931 autem
1129 1903 1158 1931 S.
1174 1904 1320 1940 Gregorius
1333 1901 1520 1930 Nazianzenus
1536 1900 1562 1927 in
1579 1900 1703 1927 oratione

86 1948 109 1975 in
122 1956 237 1978 sanctum
248 1951 432 1984 Pentecosten,
446 1959 508 1987 qua;
528 1958 569 1978 est
585 1951 794 1986 quadragesima
808 1955 905 1986 quarta
924 1951 994 1978 inter
1009 1951 1114 1985 editas;
1131 1952 1264 1979 Eusebius
1274 1950 1450 1978 Caesariensis
1467 1949 1493 1976 in
1505 1946 1702 1975 commentario

87 1999 111 2026 in
124 1997 250 2028 psalmum
262 2005 289 2024 vr
302 2006 309 2030 ;
326 2002 421 2025 auctor
436 1997 607 2030 expositionis
623 1996 649 2022 in
661 1995 782 2022 Psalmot
797 2003 811 2023 a
823 1995 951 2022 Patribus
965 1995 1147 2024 Benedictinis
1162 1996 1191 2023 S.
1205 1996 1356 2023 Athanasio
1367 1994 1490 2028 ascripta:
1503 1993 1530 2019 in
1543 1994 1704 2026 argumento

88 2041 174 2074 psalmi
185 2043 268 2076 sexti;
286 2041 314 2070 S.
332 2042 452 2070 Joannes
465 2042 650 2069 Damasceuus
671 2041 698 2068 in
709 2041 834 2076 ‘homilia
851 2041 889 2068 De
907 2041 1141 2075 transﬁguratt'one
1156 2042 1279 2074 Domini,
1297 2046 1323 2068 et
1343 2041 1382 2067 De
1397 2040 1449 2075 [ide
1462 2038 1607 2066 orthodoxa
1625 2037 1701 2073 (85);

89 2086 179 2121 aliique
194 2089 341 2123 scriptores
358 2093 415 2116 tum
431 2087 518 2115 Graeci
530 2107 538 2120 ,
553 2092 610 2115 tum
627 2087 726 2115 Latini.
745 2086 848 2114 Horum
864 2091 954 2114 autem
969 2087 1060 2114 verbis
1076 2087 1204 2121 omissis,
1222 2096 1256 2115 ne
1277 2087 1383 2122 longior
1407 2086 1460 2114 sim
1476 2093 1557 2120 quam
1580 2090 1702 2122 opul'tet,

91 2132 168 2160 solum
178 2134 229 2162 hoc
243 2135 306 2162 loco
320 2134 429 2161 afferam
448 2141 509 2169 quae
522 2133 615 2161 eadem
630 2133 663 2161 de
675 2140 705 2160 re
717 2133 812 2160 scribit
828 2131 857 2159 S.
875 2131 994 2160 Iacobus
1007 2131 1154 2161 Nisibenus
1165 2133 1321 2168 episcopus,
1334 2133 1380 2168 qui
1397 2136 1474 2160 aetate
1491 2133 1578 2167 major
1592 2134 1702 2168 quidem

92 2179 229 2207 Athanasio
247 2180 310 2212 fuit,
328 2180 374 2208 sed
388 2187 451 2207 cum
466 2187 510 2212 eo,
523 2179 588 2207 dum
605 2179 696 2207 adhuc
705 2179 896 2206 Alexandrina:
910 2178 1039 2207 Ecclesia
1053 2179 1185 2207 diaconus
1198 2183 1279 2211 esset,
1292 2179 1318 2206 in
1331 2177 1440 2205 Nicaena
1456 2179 1558 2214 synodo
1569 2178 1701 2205 interfuit.

93 2221 149 2257 Ejus
162 2231 254 2259 opera,
271 2225 353 2260 digna
365 2225 474 2260 quidem
491 2233 551 2260 quae
565 2225 592 2252 iu
604 2224 692 2252 lucem
705 2225 848 2259 prodeant,
863 2232 917 2251 non
930 2224 1020 2252 adhuc
1031 2225 1101 2259 typis
1113 2225 1244 2259 impressa
1259 2229 1332 2257 sunt,
1348 2229 1374 2251 et
1386 2232 1401 2251 a
1411 2223 1533 2258 pluribus
1542 2224 1702 2252 clarissimis

92 2271 259 2306 scriptoribus
274 2276 404 2307 tanquam
420 2271 524 2306 perdita
538 2271 732 2306 deplorautur;
749 2271 795 2298 sed
812 2271 883 2306 apud
899 2278 958 2303 me,
972 2275 999 2298 et
1021 2271 1084 2298 alibi
1109 2271 1227 2298 fortasse
1247 2271 1430 2306 manuscripta
1447 2271 1581 2298 exsistunt
1597 2271 1701 2312 .lingua

93 2316 210 2346 Armena.
224 2319 343 2355 Operum
360 2324 451 2348 autem
465 2319 494 2346 S.
508 2318 604 2346 Jacobi
621 2327 653 2346 ex
670 2319 792 2354 antiquis
805 2319 1004 2353 scriptoribus,
1019 2319 1086 2346 ut'id
1098 2319 1186 2346 obiter
1198 2320 1358 2346 admoneam
1370 2339 1378 2351 ,
1394 2318 1516 2346 meminit
1529 2317 1701 2351 Gennadius,

95 2364 135 2397 qui
147 2365 204 2393 ideo
216 2371 293 2402 putat
314 2367 340 2394 iu
356 2367 482 2402 Catalogo
493 2366 731 2393 ecclesiasticarum
747 2367 906 2400 scriptorum
920 2367 954 2394 de
977 2367 1031 2394 illis
1052 2366 1082 2394 Β.
1108 2366 1304 2402 Hieronymum
1329 2367 1493 2394 mentionem
1514 2374 1568 2393 non
1586 2365 1684 2394 fecisse
1695 2387 1703 2400 ,

96 2410 152 2444 quia
163 2414 280 2440 nondum
298 2420 313 2440 e
325 2412 394 2448 Syro
409 2421 537 2440 sermone
553 2413 580 2440 in
596 2413 677 2440 aliam
693 2412 813 2447 linguam
826 2420 905 2441 versa
920 2412 1039 2441 fuerant.
1059 2412 1145 2441 Verba
1166 2418 1256 2441 autem
1273 2413 1407 2441 Genuadii
1422 2412 1484 2440 talia
1500 2416 1583 2440 sunt:
1604 2421 1613 2437 ι
1626 2411 1703 2439 Hunc

95 2457 173 2486 virum
187 2459 217 2487 B.
245 2460 426 2497 Hieronymus
448 2462 475 2488 in
500 2462 569 2489 libro
589 2460 747 2497 Χρονικῶν,
769 2461 843 2488 velut
860 2469 1020 2496 magnarum
1039 2462 1170 2489 virtutum
1191 2462 1330 2491 hominem
1356 2461 1515 2491 nominans“,
1531 2460 1558 2487 in
1575 2459 1702 2494 Catalogo

96 2503 241 2538 uriptorum
255 2514 306 2534 cur
319 2515 373 2535 non
390 2507 527 2542 posuerit,
544 2506 623 2534 facile
638 2506 830 2534 excusabitur:
848 2506 871 2534 si
888 2507 1093 2537 consideremus
1113 2508 1186 2543 ipsos
1208 2512 1280 2540 tres,
1310 2507 1352 2535 vel
1369 2511 1486 2542 quatuor
1509 2504 1610 2541 Syros,
1631 2512 1704 2540 quos

129 2572 180 2606 (77)
196 2574 264 2602 Hist.
277 2575 341 2602 eccl.
358 2576 405 2603 lib.
420 2584 439 2607 ι,
459 2584 484 2603 c.
499 2576 525 2603 5.

129 2607 180 2646 (£8)
270 2619 296 2643 v,
315 2619 375 2646 cap.
391 2611 438 2642 ‘38,
450 2611 495 2638 29.

130 2641 181 2676 (79)
198 2643 256 2671 Lib.
269 2641 298 2674 u’.

129 2677 180 2709 (80)
193 2679 318 2707 Biblioth.
333 2679 393 2706 cod.
410 2687 508 2707 ccxctt.

130 2710 181 2749 l9!)
195 2713 272 2749 305th
291 2715 335 2742 7L

198 2745 261 2788 Cap'.
274 2750 316 2796 μ.

161 2782 185 2815 ο)
198 2782 254 2811 Lib.
268 2793 312 2815 λιι,

144 2781 185 2818 ἓξ)
197 2781 254 2818 Lib.
268 2793 312 2815 ῃ.
324 2792 349 2812 c.
366 2784 415 2818 15;
431 2789 456 2812 et
470 2792 537 2817 χχιι,
555 2792 578 2812 c.
594 2784 638 2812 50.

134 2816 184 2854 (ﬂ)
195 2817 252 2854 Lib.
269 2828 288 2851 ι,
300 2828 342 2854 ep.
359 2819 402 2846 i0.

138 2850 189 2886 (85)
205 2852 260 2881 Lib.
277 2850 384 2890 tv,'cap.
402 2855 446 2883 ’23.
