1919 3051
217 162 269 187 ιιδι)
605 160 634 188 S.
656 159 838 186 ATHANASH
858 159 933 186 UPP.
967 159 1055 186 PARS
1070 159 1113 187 ill.
1136 175 1168 181 —
1184 161 1387 190 EXILGETICA.
1796 162 1845 189 6ιο

217 218 324 252 posuit,
343 217 540 250 interprqtatos
557 218 582 244 in
598 217 722 244 Graecum
741 226 769 244 se
785 217 900 251 legisse.
918 222 1064 250 testatum;
1082 218 1152 244 unde
1167 223 1275 246 constat
1297 227 1358 246 eum
1382 220 1522 254 ignorasse
1541 221 1588 248 illo
1611 226 1731 256 tempore
1750 221 1844 256 Syram

216 261 336 297 linguam
353 261 395 289 vel
410 261 527 291 litteras.
544 262 577 290 Et
594 263 654 290 ideo
669 263 758 295 hunc,
773 263 820 298 qui
839 263 952 290 necdum
970 264 996 290 in
1012 264 1093 290 aliam
1115 272 1211 292 versus
1231 270 1273 292 est
1288 265 1424 300 linguam,
1447 267 1568 295 nescisse
1591 267 1761 302 scriptorem.
1780 276 1789 292 I
1809 267 1845 293 Ita

215 309 385 338 Gennadius.
400 310 441 339 At
457 320 521 339 vero
537 319 592 346 quo
608 316 728 345 tempore
743 310 924 347 Hieronymus
944 311 1043 338 librum
1056 311 1095 338 De
1109 312 1292 339 ecclesiasticis
1307 313 1477 348 scriptoribus
1492 315 1658 349 composuit,
1673 315 1776 348 optime
1789 313 1844 348 jam

217 357 331 385 callebat
347 357 470 392 linguam
489 357 640 393 Syriacam.
655 356 795 391 Siquidem
813 364 874 384 eum
896 357 994 383 librum
1012 357 1145 388 absolvit.
1159 362 1188 384 ut
1202 358 1259 392 ipse
1274 362 1403 390 testatur,
1422 366 1494 385 anno
1507 359 1613 386 decimo
1625 365 1723 394 quarto
1738 360 1843 394 imperii

217 403 365 430 Theodosii
381 404 441 440 (36)
453 424 460 437 ,
478 405 530 431 hoc
545 408 587 430 est
603 409 675 430 anno
690 402 797 429 Domini
814 402 867 429 392
883 402 910 429 in
935 401 1162 430 Bethlchemitico
1183 411 1312 437 secessu,
1337 412 1400 431 cum
1414 404 1470 439 jam
1493 409 1566 432 esset
1588 411 1732 440 provectus
1748 409 1844 438 atate.

217 459 320 479 annutn
335 458 420 488 agens
436 451 634 486 sexagesimum
652 450 771 477 circiter.
788 449 880 484 itaque
897 453 953 476 tum
971 449 1011 476 vel
1026 449 1146 484 linguam
1165 449 1296 485 Syrorum
1310 450 1451 483 didicerat,
1464 451 1506 478 vel
1520 459 1670 486 nunquam,
1685 452 1759 486 quod
1771 456 1845 479 certe

217 499 317 527 falsum
331 505 385 532 est,
398 499 504 527 didicit.
519 498 559 525 Ad
574 498 630 525 hac
645 498 758 529 accedit,
774 497 845 531 quod
859 497 950 531 plures
963 505 1051 524 annos
1066 502 1213 532 antequam
1229 505 1297 533 opus
1316 498 1352 525 De
1367 498 1552 526 ecclesiasticis
1568 499 1740 534 scriptoribus
1753 500 1845 528 absol-

216 551 300 578 veret,
319 555 382 575 cum
396 547 537 574 Hebraicze
554 546 653 580 linguae
666 545 788 572 notitiam
806 545 920 579 adeptus
931 549 1012 578 esset,
1029 545 1218 573 Chaldaaorum
1234 553 1345 581 quoque.
1357 546 1508 574 ediscenda:
1521 554 1630 582 operam
1646 546 1740 574 sedulo
1757 546 1842 576 dedit.

216 591 321 628 Lingua
335 598 425 622 autem
440 593 587 622 Chaldaica
599 597 625 620 et
643 592 764 627 Syriaca,
778 591 861 618 veluti
879 591 998 626 ejusdem
1015 591 1114 626 linguae
1126 592 1240 619 diversa:
1257 592 1376 626 dialecti,
1392 593 1458 620 adeo
1476 592 1547 620 inter
1560 600 1589 620 se
1606 592 1698 620 amnes
1716 599 1796 624 sunt,
1815 596 1844 618 ut

216 640 240 668 si
256 640 445 668 eharacterum
460 639 666 671 diversitatem,
681 645 728 665 seu
748 638 900 664 litterarum
919 638 1034 664 formam
1050 641 1077 665 et
1100 638 1213 672 figuram
1226 658 1233 668 ,
1254 638 1353 672 quibus
1368 638 1395 665 in
1418 639 1562 666 scribendo
1584 639 1701 667 Chaldaei
1723 644 1751 666 et
1782 638 1842 674 Syri

218 689 332 712 utuntur
345 706 352 717 ,
371 690 398 712 et
413 685 559 712 nonnullas
575 691 672 711 vocum
685 683 909 715 terminationes,
921 687 949 709 et
963 691 1049 717 pauca
1066 684 1189 718 quaedam
1205 683 1257 710 alia
1274 685 1348 719 parvi
1362 685 1492 712 momenti
1506 685 1643 720 excipias,
1657 685 1759 712 eaedem
1774 692 1844 719 pene

217 731 283 764 sint,
297 733 366 758 adeo
379 736 408 758 ut
418 731 465 766 qui
481 730 595 758 alteram
608 737 641 756 ex
656 730 699 756 his
711 729 797 760 novit,
814 728 893 755 facile
907 733 1050 763 utramque
1062 729 1203 763 intelligat.
1220 729 1332 764 Insuper
1347 730 1435 765 posito
1445 731 1525 758 etiam
1537 731 1609 765 quod
1619 731 1739 767 linguam
1752 731 1845 766 Syria-

216 787 277 807 cam
291 778 473 813 Hieronymus
486 777 638 812 ignoraret,
655 781 744 803 tamen
759 776 785 802 id
803 775 914 802 tninime
928 775 1121 810 impedimento
1133 785 1193 803 esse
1209 782 1332 812 poterat.
1349 779 1497 812 quominus
1514 779 1546 806 de
1558 779 1684 814 operibus
1702 778 1732 807 S.
1749 779 1843 808 Jacobi

216 824 338 851 Nisibeni
353 823 453 858 aliquid
470 822 567 849 litteris
582 821 716 854 traderet,
734 821 962 856 quemadmodum
975 821 1008 848 de
1023 820 1051 848 S.
1065 821 1193 856 Ephrem,
1208 823 1322 856 ejusque
1338 823 1414 851 libris
1430 823 1540 858 Syriaee
1558 824 1666 859 scriptis
1689 825 1716 852 in
1733 825 1845 852 laudato

217 872 344 907 Catologo
363 871 509 898 illustrium
524 870 641 897 virorum
659 870 822 897 mentionem
854 869 917 897 fecit
938 869 964 896 in
989 870 1061 899 hunc
1076 871 1198 897 modum.
1219 879 1228 895 ι
1249 870 1340 902 Multa,
1364 871 1474 906 inquit,
1497 871 1564 907 Syro
1586 879 1711 899 sermone
1724 879 1838 907 compo~

217 908 303 946 suit-.1
321 917 413 952 Neque
428 917 500 945 enim
516 925 578 945 cum
593 917 663 945 inter
679 917 764 953 Syros
776 917 900 952 degeret,
914 925 994 952 opera
1012 917 1041 944 S.
1053 917 1146 944 Jacobi
1161 918 1292 948 Nisibeni,
1307 919 1329 945 si
1347 919 1438 953 lingua
1453 918 1583 954 Syrorum
1599 920 1698 954 scripta
1713 919 1841 951 fuissent,

215 973 248 992 ac
262 965 376 999 proinde
391 963 426 990 ob
441 963 562 990 auctoris
575 962 758 990 celebritatem
776 961 905 989 omnibus
919 961 998 996 vulgo
1012 967 1075 989 nota
1087 967 1192 995 essent,
1205 963 1330 998 ignorare
1343 971 1403 990 eum
1419 964 1540 998 potuisse
1552 985 1559 996 ,
1576 965 1723 992 verisimile
1739 969 1790 992 est.
1807 965 1842 992 At

216 1018 282 1038 vero
299 1019 352 1038 non
365 1011 452 1038 solum
468 1009 625 1045 Hieronymi
637 1014 715 1037 aetate
726 1032 732 1043 ,
745 1009 792 1037 sed
805 1011 887 1037 etiam
901 1015 994 1045 postea
1012 1009 1143 1044 temporis
1159 1011 1229 1044 apud
1254 1009 1338 1046 Syros
1354 1015 1381 1037 et
1397 1010 1571 1046 Syriacarum
1588 1019 1678 1038 rerum
1693 1012 1842 1046 scriptores

216 1058 289 1085 nulla
303 1058 405 1084 mentio
417 1062 459 1084 est
470 1057 503 1084 de
518 1055 546 1084 S.
562 1055 655 1084 Jacobi
668 1055 788 1084 Nisibeni
803 1057 941 1092 operibus,
957 1057 1056 1091 quippe
1067 1064 1129 1091 quae
1143 1057 1176 1083 ab
1193 1057 1252 1091 ipso
1264 1065 1318 1084 non
1335 1057 1458 1093 Syriaca,
1475 1059 1522 1085 sed
1539 1058 1653 1085 Armena
1666 1058 1770 1092 lingua,
1787 1066 1841 1094 qua

216 1107 342 1133 utebatur
360 1106 389 1132 S.
405 1105 555 1139 Gregorius
567 1104 751 1136 Illuminator,
764 1113 778 1132 a
794 1112 849 1139 quo
863 1109 974 1139 rogatus
986 1112 1018 1131 ea
1031 1104 1196 1138 composuit,
1211 1104 1313 1139 scripta
1330 1103 1450 1132 fuerunt.
1464 1105 1557 1140 Itaque
1570 1106 1610 1132 vel
1625 1105 1752 1133 mendum
1773 1106 1844 1134 irre-

214 1153 269 1186 psit
283 1152 310 1178 in
324 1156 426 1178 textum
445 1151 579 1179 Gennadii
591 1171 598 1184 ,
613 1156 638 1178 et
653 1158 702 1186 pro
714 1150 782 1185 Syro
797 1159 915 1177 sermone
935 1150 1079 1184 legendum
1097 1155 1138 1176 est
1154 1150 1284 1182 Armeno,
1297 1151 1339 1178 vel
1362 1152 1453 1185 potius
1466 1171 1473 1184 ,
1490 1157 1518 1178 ut
1543 1159 1620 1184 reor,
1635 1156 1661 1178 et
1675 1151 1845 1186 probabilius

214 1200 294 1226 etiam
311 1198 435 1229 videtur,
451 1197 584 1224 memoria
598 1196 691 1231 lapsus
705 1201 747 1223 est
758 1196 915 1224 Gennadius
930 1196 1054 1223 seribens
1072 1195 1183 1231 Syriaca
1200 1196 1291 1230 lingua
1302 1217 1309 1229 ,
1325 1205 1377 1223 non
1399 1202 1489 1224 autem
1505 1197 1622 1224 Armena
1640 1204 1723 1231 opera
1746 1196 1776 1224 S.
1799 1196 1845 1224 Ja-

213 1245 275 1272 cobi
286 1245 386 1278 scripta
399 1244 483 1270 fuisse
493 1264 501 1277 ,
519 1249 567 1271 aut
581 1243 768 1278 conjecturatn
787 1243 888 1270 faciens
899 1251 931 1269 cx
945 1243 1030 1277 patria
1048 1241 1141 1270 Jacobi
1151 1264 1158 1276 ,
1175 1251 1236 1278 qua!
1251 1243 1382 1279 Syrorum
1399 1244 1464 1271 urbs
1475 1249 1533 1271 erat
1545 1264 1552 1276 ,
1566 1252 1619 1279 qua
1636 1245 1727 1279 lingua
1741 1245 1844 1279 scripta

215 1288 331 1316 fuissent
346 1296 428 1323 opera
440 1309 447 1322 ,
462 1296 579 1323 quorum
593 1308 600 1320 ,
615 1293 644 1315 ut
659 1288 807 1316 verisimile
822 1293 863 1316 est
873 1309 880 1319 ,
897 1288 924 1315 ὶη
936 1288 1099 1315 Massiliensi
1116 1289 1284 1316 monasterio
1303 1289 1342 1316 vel
1359 1290 1446 1316 solam
1472 1290 1625 1317 versionem
1642 1289 1769 1317 Latinam
1781 1311 1788 1322 ,
1803 1291 1845 1317 vel

215 1337 307 1371 aliqua
319 1341 446 1371 excerpta
458 1356 464 1367 ,
480 1337 521 1363 vel
536 1327 688 1371 catalogum
703 1343 750 1363 seu
767 1335 916 1363 indicnlum
930 1335 1063 1363 duntaxat
1080 1335 1206 1363 habebat.
1223 1335 1314 1364 Locus
1332 1342 1422 1364 autem
1439 1337 1467 1364 S.
1483 1337 1577 1365 Jacobi
1590 1337 1710 1365 Nisibeni
1725 1359 1733 1371 ,
1745 1337 1793 1373 qui
1810 1338 1843 1365 ad

216 1390 291 1415 rem,
302 1382 390 1416 quade
405 1382 511 1416 agitur,
527 1381 661 1416 pertinet,
678 1381 705 1408 in
721 1388 856 1413 sermone
873 1381 992 1408 secundo
1007 1380 1045 1407 De
1061 1380 1214 1415 dilectione,
1238 1381 1284 1408 nhi
1304 1381 1383 1408 verba
1403 1381 1468 1409 facit
1481 1382 1514 1408 de
1535 1388 1669 1416 postrema
1691 1381 1842 1410 Jerusalem

215 1431 356 1458 eversione
363 1435 390 1457 et
403 1430 568 1464 captivitate,
586 1429 648 1457 talis
659 1434 700 1457 est
715 1439 722 1456 :
740 1439 749 1455 ι
763 1428 822 1456 Non
836 1429 980 1456 videantur
994 1429 1040 1456 tibi
1057 1429 1184 1461 dilIicilia,
1201 1428 1372 1462 charissima,
1391 1438 1452 1464 qua:
1468 1431 1582 1465 scripsi,
1598 1431 1671 1466 quod
1685 1431 1712 1458 in
1727 1431 1844 1458 dimidio

214 1479 268 1506 diei
288 1486 344 1506 sua:
363 1478 466 1505 dimisit
480 1478 550 1505 Deus
573 1477 742 1510 Jerusalem,
756 1477 820 1512 quia
840 1477 876 1504 ita
895 1477 990 1505 scribit
1004 1477 1086 1504 David
1108 1477 1134 1504 in
1152 1478 1258 1512 psalmo
1277 1479 1442 1513 octogesimo
1462 1486 1533 1506 nOno
1559 1488 1565 1506 :
1597 1479 1671 1506 Mille
1694 1480 1759 1506 anni
1783 1485 1844 1507 ante

215 1524 304 1552 oculos
315 1524 419 1551 Domini
427 1529 552 1559 tanquam
561 1525 616 1551 dies
627 1524 758 1557 hesterna,
770 1532 828 1559 qua:
836 1524 963 1559 prmteriit
971 1523 1006 1558 ι⁸;
1025 1532 1106 1559 quam
1124 1524 1285 1552 sententiam
1298 1533 1328 1552 ex
1333 1525 1463 1560 plicantes
1472 1526 1598 1553 doctores
1607 1526 1692 1553 nostri
1703 1527 1844 1561 sapientes

214 1572 320 1604 dicunt,
336 1570 408 1606 quod
425 1570 452 1597 in
469 1570 646 1597 similitudine
659 1574 761 1605 septem
775 1569 880 1597 dierum
896 1569 1003 1604 positus
1014 1573 1056 1596 est
1071 1569 1115 1596 hic
1131 1570 1248 1597 mundus
1261 1577 1278 1596 a
1291 1569 1356 1601 Deo,
1375 1574 1401 1597 et
1414 1569 1440 1596 in
1456 1571 1691 1598 consummatione
1703 1580 1750 1599 sex
1768 1572 1843 1599 mille

216 1627 351 1647 annorum
368 1619 489 1646 solvetur
502 1619 621 1646 mundus
636 1618 690 1651 hic,
706 1621 733 1645 et
745 1617 798 1644 erit
813 1616 961 1644 Sabbatum
977 1616 1024 1644 Dei
1042 1617 1069 1644 in
1083 1617 1290 1644 similitudinem
1304 1617 1408 1644 dierum
1425 1617 1534 1645 Sabbati
1546 1638 1553 1650 ,
1570 1618 1641 1653 quod
1656 1623 1699 1646 est
1716 1624 1779 1653 post
1795 1627 1843 1646 sex

216 1667 284 1694 dies.
298 1675 307 1691 ι
324 1665 381 1692 lmo
394 1673 457 1692 vero
469 1664 626 1699 lmjusmodi
640 1663 783 1699 persuasio
800 1663 834 1690 de
846 1663 991 1690 duratione
1006 1663 1099 1690 mutuli
1121 1668 1147 1690 et
1165 1662 1349 1697 Sabbatismo,
1367 1663 1485 1691 laudatis
1508 1671 1589 1699 supra
1611 1671 1626 1690 a
1649 1672 1693 1691 me
1715 1664 1843 1692 l’atrihus

216 1716 353 1750 antiquior
367 1720 425 1749 est,
440 1722 554 1749 eamque
567 1721 600 1741 ex
616 1712 699 1740 veteri
715 1711 889 1739 Hebraeorum
904 1711 1051 1739 traditione
1072 1711 1205 1746 originem
1221 1711 1373 1745 sumpsisse
1397 1711 1568 1738 crediderim.
1596 1710 1735 1746 Siquidem
1754 1719 1786 1739 ex
1807 1711 1842 1739 iis

215 1769 276 1796 quae
292 1769 351 1796 cap.
366 1769 419 1788 xxv
436 1760 550 1787 Levitici
567 1759 760 1794 praecipiuntur
774 1758 807 1786 de
819 1757 1015 1785 sabbatizando
1027 1755 1156 1789 Sabhalo,
1175 1757 1307 1791 colligunt
1321 1762 1425 1784 veteres
1440 1757 1544 1784 rabbini
1559 1757 1690 1784 mundum
1706 1756 1842 1784 duntaxat

216 1816 263 1842 per
280 1815 326 1835 sex
340 1808 424 1835 millia
440 1815 574 1834 annorum
589 1806 762 1838 duraturum,
773 1809 800 1832 et
811 1804 885 1839 quod
901 1804 1032 1838 septimus
1048 1803 1216 1830 millenarius
1232 1803 1341 1830 futurus
1351 1803 1387 1830 sit
1405 1802 1553 1830 Sabbatum
1570 1802 1688 1830 Domini.
1703 1802 1777 1830 Mille
1792 1809 1842 1830 au'

216 1860 269 1882 tem
283 1862 370 1883 annos
382 1859 527 1882 numerant
543 1861 592 1889 pro
609 1861 664 1881 uno
679 1853 733 1885 die,
747 1852 810 1887 quia
827 1852 853 1878 in
869 1851 973 1886 psalmo
983 1851 1086 1878 dictum
1102 1855 1144 1878 est
1167 1860 1173 1877 :
1191 1851 1266 1878 Mille
1280 1851 1343 1877 anni
1364 1855 1424 1877 ante
1443 1851 1531 1878 oculos
1550 1855 1619 1883 tuos,
1641 1855 1767 1886 tauquam
1785 1851 1840 1877 dies

217 1901 349 1935 hesterna,
376 1910 435 1937 quae
462 1902 604 1937 praeteriit.
620 1901 653 1928 Et
667 1900 776 1936 quidem
792 1900 819 1926 in
835 1898 988 1926 Sanhedrin
1001 1899 1037 1925 ita
1054 1899 1185 1933 scriptum
1198 1899 1330 1926 habetur:
1354 1908 1362 1924 ι
1379 1898 1431 1926 Sex
1446 1899 1564 1926 millibus
1579 1906 1714 1926 annorum
1732 1898 1841 1926 durabit

218 1949 353 1983 mundus,
368 1954 394 1976 et
409 1957 464 1977 uno
479 1949 632 1976 tnillenario
643 1948 780 1975 desolatus
801 1948 862 1975 erit.
879 1947 988 1974 Duobus
1003 1946 1123 1973 millibus
1144 1947 1253 1974 durabit
1270 1947 1421 1974 devastatto
1445 1947 1505 1982 ejus
1523 1947 1558 1982 (id
1575 1951 1616 1974 est
1632 1946 1736 1974 inculta
1755 1946 1842 1973 homi-

217 2006 283 2025 num
295 1998 373 2031 vita),
388 2002 414 2025 et
430 1997 537 2024 duobus
549 1996 668 2024 millibus
685 1995 738 2026 lex,
756 1999 836 2029 atque
850 1994 956 2021 duobus
973 1993 1092 2020 millibus
1106 1993 1165 2021 dies
1182 1992 1296 2021 Messina.
1310 2003 1318 2019 ι
1336 1992 1412 2020 Unde
1420 1994 1474 2021 duo
1486 1993 1650 2023 inferuntur,
1668 1997 1699 2020 ut
1712 1993 1738 2020 id
1754 1993 1841 2020 obiter

217 2052 342 2071 moneam
353 2065 360 2076 ,
376 2049 470 2071 contra
482 2045 555 2079 ipsos
571 2043 714 2071 Hebraeos:
729 2050 827 2076 nempe
839 2041 895 2076 jam
909 2041 1013 2076 pridem
1030 2040 1157 2068 Messium
1172 2041 1280 2068 venisse
1292 2061 1299 2073 ,
1317 2047 1343 2068 et
1353 2041 1438 2075 legem
1455 2040 1599 2068 Mosaieam
1611 2041 1771 2068 duraturam
1786 2048 1840 2068 non

217 2091 318 2122 fuisse.
333 2091 384 2118 nisi
398 2098 485 2126 usque
500 2091 533 2117 ad
548 2091 693 2117 adventum
709 2089 795 2124 ipsius
809 2088 925 2116 Messina.
945 2085 998 2114 Sed
1012 2087 1115 2114 relictis
1132 2087 1279 2115 tabbinicis
1302 2087 1494 2115 traditionibus
1516 2087 1631 2115 reditum
1651 2086 1788 2114 faciamus
1806 2086 1839 2114 ad

216 2137 405 2164 Athanasium.

252 2181 359 2209 XXXV.
376 2181 477 2209 Praeter
493 2182 623 2209 hactenus
641 2188 655 2207 a
672 2188 714 2207 me
726 2180 805 2207 allata
816 2199 823 2211 ,
840 2179 1048 2215 archiepiscopo
1059 2179 1244 2206 Alexandrino
1259 2178 1455 2214 Expositionem
1467 2178 1637 2205 Psalmorum
1648 2199 1655 2210 ,
1669 2186 1752 2213 quam
1767 2187 1839 2207 nunc

217 2229 334 2263 primum
351 2228 377 2254 in
392 2227 529 2262 publicum
545 2226 652 2253 edimus
662 2245 669 2256 ,
685 2225 738 2252 alia
751 2233 859 2260 quoque
873 2232 927 2252 non
943 2226 1020 2259 parvi
1036 2225 1166 2252 momenti
1182 2225 1331 2252 vindicant.
1344 2227 1382 2253 Ac
1395 2225 1513 2260 primum
1524 2229 1685 2252 vetustatem
1698 2225 1839 2260 scriptoris

217 2275 425 2307 commentarii,
436 2274 551 2308 ejusque
564 2273 653 2300 natale
665 2272 753 2299 solum
765 2291 772 2303 ,
789 2271 831 2298 vel
847 2271 1016 2298 domicilium
1034 2270 1204 2298 Alexandriae
1220 2271 1302 2299 fuisse
1312 2291 1319 2301 ,
1333 2275 1380 2298 aut
1399 2276 1474 2299 certe
1492 2280 1545 2299 non
1558 2271 1653 2306 procul
1671 2271 1707 2298 ab
1721 2280 1753 2300 ea
1774 2273 1839 2300 urbe

217 2321 372 2352 manifesto,
389 2325 419 2348 ut
434 2320 499 2347 mihi
515 2319 632 2349 videtur,
650 2317 781 2349 indicant,
798 2324 858 2351 quae
871 2317 897 2343 in
913 2316 1082 2352 expositione
1095 2317 1128 2344 ad
1142 2318 1274 2350 psalmum
1286 2326 1356 2345 cxxv
1372 2317 1512 2353 leguntur:
1534 2319 1570 2346 ibi
1584 2319 1657 2346 enim
1673 2320 1794 2355 loquitur
1805 2322 1838 2349 de

217 2368 420 2398 llhinocurura,
436 2374 484 2394 seu
498 2365 683 2394 Rhinocolura
697 2364 754 2399 (87)
773 2369 902 2398 tanquam
918 2364 952 2391 de
969 2364 1036 2391 urbe
1049 2372 1111 2399 qum
1127 2365 1237 2399 propius
1250 2365 1344 2392 aberat
1355 2373 1370 2393 e
1382 2365 1442 2393 loco
1456 2366 1527 2393 unde
1539 2366 1595 2400 ipse
1612 2367 1758 2394 scribebat.
1775 2367 1838 2394 Erat

218 2419 307 2442 autem
323 2413 507 2440 Rhinocolura
526 2413 591 2439 urbs
608 2412 634 2438 in
650 2411 750 2438 ﬁnibus
765 2409 873 2445 IEgypti
889 2410 977 2444 posita
989 2430 997 2443 ,
1015 2411 1068 2438 hoc
1080 2411 1190 2438 nomine
1206 2417 1377 2446 nuncupata,
1395 2417 1424 2440 ut
1440 2413 1527 2448 inquit
1544 2413 1657 2440 Strabo:
1675 2423 1684 2438 ι
1695 2414 1730 2441 ab
1744 2414 1778 2441 iis
1789 2414 1836 2448 qui

217 2467 297 2487 nares
312 2457 428 2485 truncati
443 2463 477 2484 eo
492 2456 567 2485 fuere
583 2456 724 2483 translati:
741 2463 803 2483 nam
820 2454 979 2489 {Ethiopum
995 2455 1104 2490 quidam
1119 2455 1266 2491 Egyptum
1282 2457 1413 2486 invadens
1427 2466 1480 2486 non
1495 2466 1569 2490 nece,
1586 2460 1633 2486 sed
1650 2459 1710 2486 nasi
1725 2461 1836 2488 mutila-

254 2552 275 2568 ¹⁸
287 2551 358 2579 Psal.
368 2559 480 2584 Lxxxix,
496 2551 521 2578 4.

262 2630 307 2658 86)
324 2630 441 2658 Marcell.
457 2630 483 2657 in
498 2629 626 2658 Chronico
1108 2641 1111 2643 >

262 2631 307 2666 86)
324 2631 441 2658 Marcell.
457 2631 483 2657 in
498 2631 626 2658 Chronico

250 2631 308 2703 £87)
326 2665 524 2703 Ῥιγοχόλουρᾳ,
536 2665 829 2703 ΙξΙιὶιιοεοΙιιττξέΙὶεἰιυις
841 2673 856 2692 a
871 2664 1003 2703 Strabone

1071 2665 1208 2700 Ieogruph.
1234 2665 1356 2703 lib._xvt,
1388 2669 1419 2703 et
1433 2665 1550 2703 alibi,_e_t
1566 2673 1580 2692 a
1597 2664 1829 2703 Plinio_liii.__v,_c.

216 2699 262 2732 13;
280 2699 303 2729 a'
325 2699 486 2728 l’tolonueo'
500 2701 527 2727 in
542 2701 688 2735 Ceugruplt.
712 2700 927 2736 Ῥινοκούρουρα.
945 2699 1134 2728 Rhinocnrura
1155 2708 1245 2727 autem
1267 2700 1302 2727 ab
1317 2700 1438 2736 Eusebio
1458 2705 1485 2727 et
1509 2699 1715 2736 Hii-ronytnoﬁin
1733 2701 1781 2728 lib.
1795 2700 1832 2727 De

215 2739 269 2764 situ
282 2742 305 2763 ct
319 2738 423 2764 nomine
440 2736 557 2763 locorum
575 2735 710 2766 Hebraic..
740 2741 767 2763 et
796 2735 947 2763 ali'eodcm
980 2736 1088 2763 ΙΙὶυι-οιι.
1121 2737 1148 2763 in
1169 2744 1227 2770 cap.
1254 2743 1287 2762 xx
1312 2735 1419 2767 Ezech.,
1439 2742 1494 2762 tum
1507 2735 1618 2770 quoque
1634 2744 1649 2762 a
1668 2735 1830 2767 Sozomeno,

217 2772 264 2799 lib.
279 2780 304 2798 vr
331 2771 401 2798 Hist.
415 2771 477 2798 τιτι.
498 2779 558 2805 cap.
572 2771 674 2805 2|,qui
699 2771 780 2797 etiam
805 2770 886 2797 refert
909 2772 1000 2805 plures
1020 2772 1055 2798 ibi
1083 2775 1205 2801 ascetas.
1229 2779 1275 2797 seu
1299 2771 1456 2797 monasticae
1485 2770 1663 2804 professionis
1683 2771 1756 2797 viros
1779 2770 1829 2797 flo—

216 2807 305 2835 ruisse
334 2812 362 2834 et
394 2808 496 2834 clerum
527 2805 654 2833 Ecclrsia:
681 2805 926 2833 Rhinocerurensis
940 2814 1111 2833 communem
1126 2807 1236 2833 domutn
1251 2811 1278 2833 et
1293 2813 1426 2835 mensam.
1440 2809 1466 2832 et
1482 2805 1585 2839 reliqua
1602 2805 1693 2832 omnia
1709 2812 1830 2832 commu-

215 2843 263 2870 nia
283 2842 421 2869 habuisse.
443 2841 566 2868 Torrenti
593 2846 693 2872 autem,
713 2841 758 2874 qui
782 2840 995 2876 thinoculuram
1016 2841 1144 2874 alluebat,
1175 2848 1273 2869 nomen
1288 2840 1373 2868 fuisse
1386 2840 1490 2868 videtur
1515 2840 1625 2868 Torrcns
1637 2839 1756 2876 Bcsor(l
1768 2839 1827 2873 Reg.

216 2885 279 2910 nx,
297 2877 350 2912 10'),
365 2877 421 2905 sive
433 2876 544 2905 Torrens
556 2876 663 2903 deserti.
678 2876 767 2911 (Amos
779 2883 816 2909 v1,
832 2875 886 2911 Η.)
