1919 3051
106 145 157 172 6M
446 144 488 171 DE
508 142 647 171 TI'I‘ULIS
669 141 890 170 PSALMORUM.
911 158 946 162 —-
965 142 1161 170 ANTONELLI
1182 143 1378 172 PREFATIO.
1680 145 1733 173 6'52

107 202 183 230 tione
195 201 329 229 maleficia
345 207 474 228 coercens
488 207 535 228 eos
553 200 588 226 ibi
605 200 764 230 collocavit,
782 204 811 226 ut
833 205 941 234 propter
958 199 1014 227 oris
1036 199 1234 228 deformitatem
1253 202 1341 230 redire
1368 202 1478 229 domum
1495 209 1549 229 non
1566 203 1707 230 auderent.
1723 215 1733 230 ι

108 250 262 278 Saracenos
275 254 365 276 autem
378 248 459 283 (quos
469 247 574 274 Arabas
587 247 706 275 scenitas
723 246 820 278 fuisse.
834 247 875 273 vel
890 254 922 274 ex
939 247 989 274 hoc
997 249 1184 275 commentarii
1199 249 1259 276 loco
1272 249 1380 284 probari
1393 250 1493 285 potest)
1508 250 1534 277 in
1546 251 1732 279 tabernaculis

107 303 156 323 seu
171 294 305 327 tentoriis,
317 294 358 322 vel
370 293 421 321 sub
436 293 552 328 pellibus
562 293 652 320 adhuc
665 293 827 324 habitantes,
839 296 866 320 et
880 292 999 320 nondum
1014 293 1127 322 urbibus
1145 294 1253 329 potitos,
1266 294 1313 322 sed
1323 295 1458 322 latrenum
1472 295 1558 322 instar
1572 295 1598 322 in
1610 297 1734 331 proxima

105 341 214 377 Ευριί
227 341 286 369 loca
303 345 329 369 et
343 341 424 368 urbes
440 345 533 368 suetos
544 347 704 372 excurrere.
722 339 881 374 praedasque
895 339 958 367 inde
972 344 1112 374 avertere,
1130 348 1185 368 non
1202 340 1348 369 dissimiles
1369 348 1465 369 eorum
1481 341 1514 369 de
1537 341 1637 377 quibus
1655 346 1733 377 poeta

107 389 222 416 cecinit:

224 455 231 462 .
271 454 278 462 ο
317 455 324 462 .
364 456 372 463 .
411 455 418 462 .
458 455 466 462 .
505 454 512 460 .
550 441 700 469 semperque
716 439 828 460 I'I’CEIIH‘S

211 481 367 509 Commetare
375 482 450 517 juvat
461 481 564 515 pra’das
579 487 601 507 et
616 481 699 506 vivere
714 486 789 514 rupto
805 480 860 516 (88)
873 490 880 507 :

104 526 184 554 Tales
196 535 243 555 eos
258 528 335 555 nobis
349 528 458 555 exhibet
470 532 565 554 auctor
581 527 788 559 commentarii,
806 527 900 561 quales
924 531 1002 555 aetate
1016 535 1064 555 sua
1081 527 1165 555 fuisse
1178 533 1354 563 reprmsentat
1373 529 1534 557 Ammianus
1557 528 1731 556 Marcellinus

102 572 172 618 (89).
185 573 250 607 qui:
267 582 275 598 t
288 571 416 599 Saraceni
428 578 517 599 tamen
530 580 579 599 nec
589 571 680 604 amici,
699 572 746 603 ait,
768 572 846 599 nobis
859 580 990 607 unquam,
1004 581 1053 600 nec
1065 573 1156 601 hostes
1166 575 1288 609 optandi,
1313 575 1383 602 ultro
1395 575 1516 610 citroque
1533 575 1729 608 dis«-ursantes,

101 618 237 653 quidquid
253 619 374 646 invenire
391 622 527 653 poterant,
547 622 684 645 momento
699 618 829 652 temporis
846 618 920 652 parvi
938 619 1091 652 vastabant,
1107 619 1259 647 milviorum
1275 621 1413 655 rapacium
1429 621 1541 653 similes,
1561 621 1606 655 qui
1623 621 1646 648 si
1661 629 1731 656 prte-

100 667 164 694 dam
176 667 350 701 despexerint
363 667 474 698 celsius,
488 666 579 693 volatu
595 667 705 700 rapiunt
718 665 811 699 celeri,
826 670 873 692 aut
890 666 942 693 nisi
958 666 1172 701 impetraverint,
1187 674 1240 694 non
1258 668 1447 695 immorantur.
1461 678 1470 694 ι
1485 667 1625 703 Quispiam
1638 673 1728 696 autem

101 712 301 740 Saracenorum
315 719 414 739 nomen
431 712 546 739 audiens
557 731 564 743 ,
585 711 668 738 nolim
683 719 745 738 eum
764 710 790 737 in
805 711 987 746 suspicionem
1007 711 1104 739 adduci
1116 732 1123 744 ,
1140 716 1170 740 ut
1183 713 1338 745 existimet,
1357 713 1582 740 commentarium
1599 714 1728 748 scriptum

100 761 186 789 fuisse
199 761 344 796 posteriori
357 765 488 795 tempore,
502 767 557 794 quo
573 759 774 786 Saracenorum
792 766 890 786 nomen
903 767 964 786 cum
977 768 1071 786 eorttm
1089 760 1202 794 imperio
1214 761 1266 787 late
1277 766 1451 796 propagatum
1467 766 1519 794 est,
1535 762 1606 797 quod
1624 762 1729 798 utique.

99 810 231 842 regnante
243 805 366 832 Heraclio
386 805 565 840 imperatore,
580 808 608 831 et
619 808 680 838 post
691 802 751 838 ejus
763 803 866 830 obitum
886 804 1010 831 volvente
1029 805 1128 831 saeculo
1144 806 1260 838 septimo
1279 807 1402 842 contigit.
1423 807 1561 842 Siquidem
1579 808 1731 836 Saraceno-

98 861 159 884 rum
178 853 281 879 mentio
297 852 414 879 occurrit
425 856 452 878 et
464 850 534 885 apud
548 849 720 877 Amminnum
735 849 920 876 Marcellinum
931 870 938 882 ,
958 857 1040 884 quem
1057 858 1139 885 supra
1157 851 1261 878 laudavi
1275 871 1281 882 ,
1298 856 1324 879 et
1338 853 1409 887 apud
1428 853 1529 880 A‘Jlium
1546 853 1723 888 Spartiannm

98 900 125 926 in
140 898 285 926 Pexcenm'u
299 898 383 933 Nigro
393 918 400 930 ,
421 902 448 925 et
464 897 535 932 apud
548 896 671 924 Flavium
693 896 838 931 Vopiscum
856 896 882 923 in
897 896 1040 923 Aureliano
1053 917 1060 929 ,
1074 901 1101 924 et
1116 898 1185 931 apud
1203 897 1364 932 Proeoliiutn
1378 899 1416 926 De
1438 899 1504 926 bello
1520 899 1627 927 Persico
1648 900 1704 937 (90)
1719 910 1725 927 :

99 946 301 975 Saracenorum
320 947 502 974 meminerunt
519 945 600 973 etiam
611 944 738 972 Julianus
753 945 780 971 in
793 944 908 979 epistola
921 945 954 972 ad
967 943 995 971 S.
1013 944 1154 978 Basilium,
1166 945 1195 972 S.
1211 945 1380 981 Augustinus
1396 948 1547 982 quaestione
1560 947 1687 975 vicesima
1700 949 1730 975 in

98 992 243 1024 Numeros,
263 993 388 1021 Socrates
400 992 455 1028 (9i)
468 996 495 1019 et
506 991 676 1019 Sozomenus
691 990 747 1026 (92)
764 990 791 1017 in
808 989 930 1017 Ilistort’u
945 990 1142 1024 ecolest’astica,
1157 990 1258 1026 aliique
1275 992 1436 1027 scriptorcs,
1449 993 1517 1020 adeo
1534 998 1562 1020 ut
1578 993 1651 1020 nulla
1666 994 1728 1022 inde

96 1039 165 1066 oriri
182 1039 269 1073 possit
282 1038 426 1065 dubitatio.

132 1082 254 1110 XXXVI.
275 1082 322 1111 His
335 1088 425 1110 autem
439 1082 472 1109 ad
485 1082 713 1110 commentarium
731 1086 853 1109 nostrum
868 1089 967 1117 magno
984 1082 1136 1110 Athanasio
1148 1083 1325 1110 asserendum
1341 1083 1476 1112 addantur
1490 1084 1536 1112 illa
1550 1093 1611 1120 qua:
1625 1086 1727 1121 scripta

94 1131 223 1166 leguntur
236 1130 263 1157 in
276 1130 444 1165 expositione
456 1130 553 1165 psalmi
566 1137 686 1163 cxxxnt,
700 1130 745 1156 ubi
761 1134 858 1157 auctor
880 1135 958 1157 notos
974 1137 1038 1158 suos
1055 1137 1086 1158 ac
1102 1130 1246 1166 populares
1268 1131 1410 1166 alloquens
1436 1141 1442 1159 :
1470 1131 1549 1160 «Non
1575 1133 1705 1168 ignoratis
1716 1154 1725 1167 ,

93 1178 198 1214 inquit,
217 1177 319 1210 dilecti,
332 1178 404 1212 quod
417 1185 479 1204 cum
504 1185 558 1204 nox
572 1177 605 1205 ad
619 1185 758 1204 summum
773 1177 874 1210 deﬁcit,
889 1177 946 1205 dies
958 1182 1000 1205 est
1010 1177 1164 1213 quindecim
1179 1178 1318 1206 horarum.
1330 1189 1339 1205 ι
1355 1179 1449 1207 Nonne
1461 1180 1518 1207 haec
1529 1182 1607 1216 quasi
1623 1183 1729 1210 intento

93 1223 183 1259 digito
197 1229 288 1258 aperte
314 1223 505 1250 demonstrant
525 1223 686 1258 scriptorem
697 1222 876 1257 expositionis
890 1229 951 1250 esse
965 1222 1006 1249 vel
1021 1223 1107 1250 civem
1125 1223 1166 1249 vel
1183 1223 1300 1250 incolam
1315 1224 1550 1252 Alexandrinum!
1571 1225 1638 1253 Nam
1663 1226 1726 1254 Ale-

94 1270 219 1297 xandriae
231 1269 338 1305 Egypti
354 1269 469 1296 latitudo
485 1273 528 1296 est
539 1269 673 1304 graduum
693 1269 741 1302 5i,
755 1269 923 1296 minutorutn
941 1268 1092 1303 primorum
1110 1269 1138 1295 II
1168 1269 1224 1304 (95)
1237 1289 1244 1301 ,
1265 1269 1448 1298 secundorum
1462 1271 1514 1305 ‘20;
1534 1273 1560 1299 in
1583 1281 1615 1300 ea
1635 1277 1725 1300 autem

93 1314 239 1344 latitudine
249 1317 308 1344 dies
321 1316 496 1351 longissimus
509 1336 517 1348 ,
530 1316 696 1350 computatis
710 1316 786 1343 horis
799 1323 814 1342 a
832 1315 897 1343 solis
909 1320 971 1342 ortu
991 1315 1025 1342 ad
1037 1316 1157 1350 ejusdem
1174 1324 1301 1344 occasum
1313 1336 1320 1348 ,
1334 1322 1376 1345 est
1387 1318 1517 1346 horarum
1534 1320 1567 1346 It
1580 1341 1587 1352 ,
1603 1321 1724 1347 minuto-

93 1371 157 1391 rum
171 1362 203 1395 4,
224 1361 325 1397 quibus
342 1361 364 1388 si
378 1361 444 1388 hora
462 1368 515 1387 una
532 1361 648 1388 addatur
661 1365 771 1396 propter
788 1357 946 1395 crepuscula
957 1381 965 1394 ,
978 1359 1122 1388 habebitur
1139 1361 1198 1389 dies
1215 1361 1392 1397 longissimus
1404 1364 1534 1392 horarum
1552 1365 1600 1397 15,
1617 1366 1724 1400 qualem

94 1409 176 1438 nobis
189 1409 316 1443 exprimit
332 1415 364 1435 ac
382 1407 506 1442 designat
518 1412 614 1435 auctor
627 1407 816 1442 expositionis.

132 1454 263 1482 XXXVII.
276 1454 409 1482 Praeterea
422 1454 506 1481 multa
520 1453 571 1480 alia
583 1457 741 1485 occurrunt,
755 1453 855 1487 quibus
866 1457 996 1487 tanquam
1013 1453 1084 1480 notis
1094 1457 1121 1480 et
1137 1453 1259 1488 vestigiis
1268 1454 1435 1484 Athanasius
1450 1457 1541 1492 operis
1555 1463 1650 1486 auctor
1664 1466 1726 1486 esse

92 1500 317 1537 deprehenditur.
333 1499 367 1527 Et
381 1499 489 1535 quidem
508 1499 554 1526 ubi
566 1500 676 1527 occasio
689 1507 750 1527 sese
765 1499 844 1526 oIl‘ert
861 1504 890 1526 ut
904 1498 1006 1526 Christi
1027 1499 1196 1527 divinitatem
1217 1501 1391 1535 comprobet,
1409 1503 1588 1538 ostendatqne
1606 1503 1725 1533 Verbum

92 1549 130 1576 ab
141 1553 242 1576 aeterno
252 1547 348 1581 fuisse,
360 1551 387 1574 et
398 1546 470 1574 Patri
484 1547 726 1580 eonsubstantiale,
738 1551 862 1573 astruere
874 1554 927 1573 non
939 1547 1131 1581 praetermittit,
1142 1551 1170 1574 et
1183 1547 1294 1575 disertis
1307 1548 1397 1576 verbis
1408 1555 1567 1578 constanter
1580 1559 1723 1585 asserere;

91 1596 168 1624 unde
182 1596 254 1623 haud
266 1595 381 1624 obscure
396 1596 518 1623 innuitur
531 1603 564 1623 eo
580 1601 702 1631 tempore
714 1596 771 1624 haec
784 1596 886 1631 scripta
900 1595 995 1628 fuisse,
1007 1605 1062 1632 quo
1075 1597 1231 1632 huiusmodi
1247 1599 1440 1626 controversia
1452 1598 1636 1633 agitabantur.
1652 1598 1724 1632 Quin

91 1643 176 1669 etiam
190 1642 314 1670 assiduas
330 1643 433 1670 auctori
451 1642 536 1670 fuisse
549 1650 611 1670 cum
627 1642 761 1670 haereticis
777 1650 882 1678 pugnas
894 1663 902 1675 ,
918 1648 944 1670 et
959 1643 1119 1678 quotidiana
1133 1644 1299 1678 certamina,
1317 1645 1409 1680 qualia
1421 1652 1482 1672 cum
1504 1645 1613 1672 Arianis
1629 1646 1724 1673 habuit

90 1689 277 1722 Athanasius,
293 1695 384 1724 aperte
395 1697 446 1717 nos
458 1690 556 1718 docent
570 1697 631 1725 quae
647 1690 774 1725 leguntur
786 1690 812 1716 in
826 1689 997 1724 expositione
1011 1690 1106 1724 psalmi
1121 1699 1204 1718 cxvnt
1215 1711 1222 1723 ,
1237 1696 1264 1718 et
1281 1692 1344 1719 alibi
1363 1692 1474 1726 saepius.
1487 1691 1557 1724 Quid
1576 1699 1640 1719 vero
1657 1691 1701 1718 illa
1714 1711 1723 1725 ,

89 1743 155 1771 quas
167 1740 275 1763 exstant
287 1736 314 1763 in
328 1736 522 1763 commentario
534 1735 631 1770 psalmi
649 1743 705 1768 ut,
719 1735 763 1762 ubi
778 1736 812 1762 ad
823 1743 855 1762 ea
879 1736 961 1763 verba
973 1736 1004 1762 "z
1025 1735 1063 1763 Tu
1079 1741 1178 1768 autem,
1195 1736 1316 1768 Domine,
1350 1745 1380 1764 ηε
1406 1737 1568 1772 elougavcris
1589 1735 1723 1763 auxilium

91 1788 170 1810 tuum
189 1791 205 1809 α
221 1790 261 1809 me
275 1790 285 1809 :
300 1782 335 1809 ad
360 1782 536 1817 defensionem
559 1789 642 1809 meum
658 1781 788 1816 conspice,
817 1780 869 1817 alia
894 1780 1073 1815 explicatione
1094 1782 1252 1808 eorumdem
1271 1781 1416 1808 verborum
1434 1782 1552 1816 primum
1567 1780 1721 1816 proposita,

90 1829 192 1857 deinde
206 1829 262 1856 haic
277 1829 386 1863 insuper
400 1828 571 1864 adjungitur:
589 1837 599 1853 t
611 1826 729 1855 Possunt
741 1827 822 1854 etiam
838 1827 894 1854 haec
907 1826 960 1854 dici
975 1834 1007 1853 ex
1022 1834 1137 1861 persona
1150 1827 1237 1862 ipsius
1256 1827 1383 1858 Domini,
1402 1827 1448 1862 qui
1473 1822 1626 1861 exemplum
1643 1826 1724 1855 nobis

89 1877 208 1912 praebuit
230 1876 321 1903 utendi
335 1876 376 1903 his
389 1875 478 1903 verbis
492 1879 613 1910 tempore
629 1874 770 1910 martyrii?
782 1884 790 1900 ι
808 1873 878 1907 Quid
894 1881 959 1901 vero
977 1874 1021 1901 illa
1035 1874 1099 1907 alia,
1116 1882 1176 1909 quae
1190 1874 1223 1901 ad
1235 1874 1401 1902 versiculum
1416 1873 1515 1908 psalmi
1531 1874 1669 1908 sequentis
1677 1874 1720 1901 ’δε

93 1923 177 1956 Nam,
194 1924 244 1950 uti
267 1923 436 1950 ambulavero
454 1924 481 1950 in
496 1923 581 1950 medio
596 1922 696 1950 umbre
710 1922 813 1954 mortis,
839 1921 987 1949 nontimebo
1018 1921 1101 1953 mala,
1119 1922 1243 1957 quoniam
1269 1927 1297 1948 tu
1315 1929 1417 1948 mecum
1433 1929 1470 1951 es.
1486 1920 1670 1955 subjiciuntur
1693 1920 1720 1947 in

89 1972 167 2000 hunc
180 1971 292 1998 modum
304 1980 310 1997 :
330 1980 338 1996 ι
350 1971 418 1998 Cum
428 1978 479 2006 ego
494 1974 628 1998 tormenta
641 1977 690 2005 pro
705 1974 730 1997 te
744 1969 913 2000 sustinuero,
927 1969 1021 1997 nullus
1033 1976 1077 1996 me
1088 1969 1228 2003 cruciatus
1243 1968 1367 2001 terrebit,
1385 1968 1515 2003 quoniam
1527 1972 1554 1995 tu
1568 1967 1641 1995 vires
1654 1967 1719 1995 mihi

90 2020 215 2056 praebes,
229 2024 258 2046 ut
274 2019 335 2046 illos
354 2017 506 2053 perferam?
521 2017 617 2045 Nonne
636 2017 781 2044 manifesto
800 2016 923 2044 indicant
950 2021 1090 2045 auctorem
1113 2014 1154 2044 vel
1187 2016 1280 2044 eodem
1307 2020 1445 2052 tempore,
1468 2023 1524 2051 quo
1543 2021 1720 2051 tyrannorum

89 2067 246 2105 persecutio
260 2067 350 2094 adhuc
362 2067 390 2093 in
404 2066 574 2093 Christianos
587 2065 725 2098 saeviebat,
742 2065 785 2092 vel
796 2072 849 2092 non
865 2064 945 2099 longe
961 2064 996 2092 ab
1008 2072 1041 2092 eo
1056 2063 1161 2091 fuisse?

126 2114 273 2143 XXXVIII.
290 2115 325 2141 At
340 2114 411 2141 enim
426 2113 541 2148 agedum
553 2133 560 2145 ,
576 2120 637 2147 qua:
650 2112 676 2139 in
692 2117 786 2140 nostro
802 2112 1001 2139 commentario
1016 2112 1117 2146 scripta
1132 2115 1196 2138 sunt
1212 2118 1273 2138 cum
1287 2110 1320 2138 iis
1332 2118 1394 2146 qua:
1409 2110 1436 2137 in
1451 2109 1512 2137 aliis
1535 2109 1628 2143 libris,
1651 2116 1720 2144 quos

90 2172 172 2193 nemo
183 2163 291 2191 dubitat
307 2163 397 2197 magni
411 2161 554 2188 Athanasii
568 2167 640 2193 esse,
664 2159 850 2193 conferamus,
867 2164 896 2187 ut
908 2167 942 2187 ex
954 2159 1112 2194 hujusmodi
1124 2158 1341 2193 comparatione.
1353 2157 1377 2186 si
1390 2156 1535 2192 utrobique
1546 2155 1718 2184 Psalmorum

90 2213 173 2240 verba
191 2212 287 2240 eodem
303 2210 384 2238 modo
394 2230 402 2244 ,
416 2213 443 2236 et
455 2209 481 2235 in
494 2208 621 2236 eumdem
634 2215 746 2235 sensum
762 2207 899 2234 intellecta
912 2212 994 2242 atque
1009 2206 1145 2242 explicata
1164 2206 1369 2241 comperiantur
1379 2226 1386 2239 ,
1403 2206 1503 2233 certius
1517 2212 1550 2232 ac
1572 2203 1719 2232 dilucidius

91 2262 236 2294 appareat,
251 2256 394 2289 eumdem,
411 2262 465 2282 non
480 2259 571 2281 autem
591 2253 730 2280 diversum
746 2257 773 2280 et
786 2253 977 2280 commentarii
992 2252 1080 2279 nestri
1092 2273 1099 2286 ,
1116 2257 1143 2280 et
1166 2252 1281 2279 aliorum
1302 2259 1432 2286 operum,
1449 2258 1509 2286 qute
1521 2249 1549 2278 S.
1568 2249 1719 2278 Athanasio

90 2305 125 2332 ab
137 2305 266 2332 omnibus
282 2302 409 2331 concordi
423 2301 551 2336 suIl'ragio
568 2300 757 2332 ascribuntur,
773 2304 915 2327 auctorem
930 2307 1001 2327 esse.
1024 2297 1091 2328 Item
1104 2298 1271 2334 propositam
1286 2297 1413 2330 brevius,
1427 2297 1516 2333 quoad
1537 2297 1593 2326 fieri
1610 2301 1716 2333 potest,

89 2351 246 2387 expediam.

129 2444 150 2460 "
161 2442 240 2471 Vers.
258 2442 304 2470 20.
342 2442 364 2457 ’°
382 2440 458 2470 Vers.
472 2441 499 2468 4.

140 2522 185 2556 88)
198 2522 298 2558 iVirgil.
313 2522 360 2549 lib.
381 2529 408 2558 rx
423 2520 545 2553 /Eueid.,
562 2527 623 2548 vers
636 2518 688 2546 612
705 2522 733 2546 et
743 2517 803 2546 6|5.

139 2558 184 2592 89)
197 2557 263 2584 Lib.’
274 2565 330 2588 xlv,
347 2565 372 2583 e.
389 2557 415 2584 5.

127 2592 184 2627 (90)
203 2592 262 2620 Lib.
277 2600 296 2624 ι,
308 2600 333 2619 e.
348 2592 391 2627 I9.

126 2628 180 2663 (9i)
196 2628 256 2663 Lib.
273 2635 311 2660 tv,
325 2635 349 2654 c.
363 2626 406 2663 56.

128 2662 184 2697 (92)
201 2662 263 2689 Lib.
282 2670 318 2695 VI,
335 2669 359 2689 c.
376 2662 420 2689 58.

128 2699 182 2733 ι95)
200 2697 334 2733 Ειγιῇὺζᾳ,
349 2697 392 2733 cui
413 2695 525 2733 titulus:
540 2693 733 2733 Connnisrance
746 2693 791 2720 des
807 2696 886 2727 templ

953 2689 1009 2716 ilice
1021 2696 1071 2724 par
1081 2687 1177 2714 I'ordrc
1191 2685 1223 2713 de
1239 2683 1399 2712 I'Académie
1411 2683 1457 2710 du
1475 2681 1586 2710 science;
1616 2683 1641 2706 ει
1654 2677 1711 2706 :al-

123 2705 182 2761 ’90)
200 2705 240 2725 LX
255 2705 334 2730 IIDI'O,
349 2705 392 2724 CIII
413 2705 525 2723 “Iulus:
540 2705 733 2736 bonuutsmnce
746 2705 753 2720 ι

91 2740 122 2760 ctt
135 2735 163 2761 ἐι
179 2741 230 2761 oar
241 2732 280 2760 Μ.
293 2731 407 2759 Μεναιάὶ
419 2731 452 2758 de
469 2731 498 2758 la
510 2729 591 2758 meme
602 2728 753 2757 Académte.
