1919 3051
201 130 254 158 665

621 128 648 156 S.
669 126 856 156 ATIIANASH
875 126 950 154 OPP.
971 125 1063 154 PARS
1081 125 1125 152 ill.
1146 140 1180 146 —-
1199 123 1404 152 EXEGETICA.

1783 125 1835 154 6H

239 188 326 216 Verba
346 189 445 224 psalmi
470 196 536 216 xxttt
559 187 642 223 (vers.
664 187 717 220 20,
733 187 812 222 juxta
833 187 990 221 antiquam,
1007 188 1028 216 Α
1043 185 1106 212 item
1124 189 1190 212 sunt
1207 184 1333 212 coalestes
1349 184 1473 211 virtutes.
1490 184 1558 212 Nam
1577 185 1682 220 inquit:
1700 185 1834 214 Dominus

201 242 282 270 quam
297 238 408 262 secutus
423 241 498 266 sum,
518 231 707 267 divisionem):
730 240 739 257 ‹
751 230 873 258 Attollite
885 235 989 265 portas,

201 281 349 316 principes,
365 283 486 307 vestras:
499 289 508 304 ι
525 279 552 306 in
569 279 639 306 libro
649 277 687 304 De
705 276 894 304 Incarnatione
914 274 991 302 Verbi

201 327 251 355 Dei
264 327 295 362 (t.
317 326 343 359 l,
366 334 393 361 p.
413 326 470 359 55),
486 325 515 352 S.
530 325 696 352 Athanasius
711 324 905 358 interpretatur
919 321 991 348 dicta

202 374 288 402 fuisse
301 373 333 401 de
344 373 431 400 reditu
439 372 541 400 Christi
554 372 580 398 in
592 371 691 399 coelum
700 370 743 398 his
751 369 858 397 verbis:
871 377 880 393 ε
890 368 992 401 Quem-

202 420 348 448 admodum
363 427 413 455 pro
437 419 564 446 omnibus
581 425 681 453 corpus
704 416 785 444 morti
806 415 932 447 tradidit,
951 414 992 442 sic

201 467 284 494 etiam
304 474 352 501 per
368 465 437 493 idem
456 464 523 492 illud
541 465 591 492 iter
609 465 636 491 in
651 463 750 492 caelum
767 462 885 498 aperuit.
899 471 908 487 ›
924 461 989 488 —ln

201 518 296 540 nostro
309 518 398 540 autem
414 513 612 541 commentario
633 511 666 538 ad
682 510 807 539 eumdem
825 508 990 536 versiculum

201 556 237 584 20
250 561 277 584 et
291 562 437 592 sequentes
456 558 525 592 psal.
548 565 616 584 xxnt
634 556 691 583 haec
717 555 882 582 adnotantur
899 563 906 580 :
930 563 939 578 ι
952 552 991 580 De

203 603 288 638 ipsius
303 604 390 631 reditu
402 604 465 639 (hoc
480 608 522 632 est
534 603 646 639 Christi)
671 602 806 638 loquitur,
830 608 911 637 quem
928 599 991 627 fecit

200 649 228 676 in
245 650 338 677 εοειοε.
358 659 367 675 ι

235 695 264 723 In
281 696 376 723 eodem
404 696 474 723 libro
501 695 538 722 De
563 694 752 722 Incarnaliane
778 694 816 729 (p.
838 693 884 728 36)
907 692 988 720 verba

201 743 299 778 psalmi
313 751 368 775 ενι,
385 751 457 770 vers.
472 743 506 770 59
519 763 527 775 ,
545 752 554 768 ‹
567 742 640 770 Misit
651 735 770 769 Verbitm
788 749 866 769 suum
878 760 886 773 ,
899 745 927 767 et
944 748 990 768 sa-

202 788 277 815 navit
288 795 346 820 eos,
357 798 366 814 ι
381 793 407 816 et
417 789 485 824 psal.
499 796 582 821 cxvu,
594 796 664 816 vers.
677 789 721 818 52,
739 797 748 813 α
761 787 832 815 Deus
846 787 987 818 Dominus,

201 838 229 860 et
244 834 332 861 illuxit
343 834 432 867 nobis,
448 844 457 860 ι
474 835 592 869 explicat
607 834 641 862 de
661 834 778 861 adventu
794 833 877 861 Verbi
894 833 940 860 Dei
961 833 988 860 in

202 880 333 907 mundum
347 881 373 907 in
389 881 462 908 hunc
476 881 603 908 modum:
621 890 630 908 ‹
640 880 786 916 Negligunt
796 880 888 907 videre
900 879 991 906 Domi-

201 934 284 959 num,
300 935 380 962 quem
404 927 554 963 Scripturze
572 928 757 963 praedixerunt
775 927 835 955 orbi
855 931 989 954 terrarum

202 972 337 1006 illuxisse,
350 978 377 1001 et
388 982 500 1008 corpore
513 974 638 1001 indutum
655 973 824 1008 apparuisse.
838 982 846 998 I
860 972 898 1000 lta
908 973 989 1000 etiam

202 1018 230 1046 in
245 1018 372 1047 Oratione
385 1021 499 1048 secunda
521 1026 613 1048 contra
633 1021 747 1047 Arianos
761 1042 768 1052 ,
793 1028 854 1056 pag.
878 1020 940 1047 395.
956 1035 992 1040 —

201 1065 231 1093 In
245 1071 338 1094 nostro
357 1072 447 1095 autem
463 1068 661 1096 commentario
680 1068 712 1095 ad
736 1075 845 1095 Versum
866 1067 990 1094 eumdem

203 1110 238 1138 59
254 1112 322 1146 psal.
339 1121 381 1140 cvt
398 1113 456 1140 hac
476 1114 605 1149 leguntur
623 1124 628 1141 :
654 1124 663 1140 ι
679 1113 752 1140 Misit
772 1113 856 1140 Deum
872 1113 990 1140 Verbum

203 1156 298 1189 Pater.
315 1164 342 1186 et
357 1160 489 1187 transfixo
501 1161 560 1195 ejus
570 1161 655 1188 latere
669 1168 719 1188 nos
733 1168 828 1187 omnes
843 1159 932 1187 sanati
945 1167 993 1187 su-

202 1211 280 1235 mus,
292 1213 300 1229 I
316 1208 344 1232 et
357 1205 391 1231 ad
406 1213 477 1233 vers.
492 1206 525 1233 52
539 1206 728 1240 psalmicxvu.
743 1215 752 1230 ‹
764 1205 990 1239 Quandoquidem

202 1257 265 1276 cum
283 1249 354 1277 Deus
366 1257 438 1279 esset
452 1251 532 1279 .lesus
545 1252 678 1279 Dominus
691 1252 818 1286 apparuit
833 1252 859 1278 in
874 1256 956 1278 terra.
979 1260 989 1276 ι

238 1297 277 1323 Ad
291 1298 373 1324 verba
387 1298 432 1324 illa
447 1298 544 1333 psalmi
560 1306 623 1325 Lxxt
636 1319 643 1331 ,
659 1306 730 1325 vers.
751 1298 776 1330 1,
797 1308 806 1323 ι
819 1297 900 1331 Deus,
917 1298 991 1333 judi-

202 1342 274 1370 cium
287 1347 362 1370 tuum
371 1345 426 1379 regi
435 1343 469 1371 da
488 1354 494 1371 :
509 1354 570 1370 ι-ε
583 1344 750 1379 Supplicant,
762 1345 809 1376 ait,
821 1345 990 1379 utjudieium

202 1389 300 1415 mortis
310 1394 403 1416 contra
419 1397 468 1417 nos
484 1390 618 1424 prolatum
638 1390 708 1418 Filio
727 1391 816 1418 detur.
828 1401 838 1416 ι
864 1391 894 1418 lu
911 1396 990 1419 tract.

203 1436 232 1464 in
249 1436 332 1464 illud:
353 1446 362 1462 ι
375 1437 472 1464 Omnia
487 1438 553 1464 mihi
569 1438 666 1465 tradita
683 1443 762 1471 sunt,
775 1448 784 1464 ι
802 1447 831 1474 p.
852 1439 901 1466 85.
913 1454 949 1459 —
961 1441 991 1467 ln

203 1485 401 1511 commentario
422 1485 455 1512 ad
474 1485 556 1512 verba
571 1484 693 1520 ejusdem
713 1485 810 1520 psalmi
832 1486 890 1514 haec
906 1487 992 1522 subji~

203 1529 329 1556 ciuntur:
348 1538 357 1555 (
369 1529 437 1557 Filio
451 1534 508 1556 tuo.
522 1539 531 1555 ι

239 1574 268 1601 In
292 1574 412 1610 Epistula
437 1575 469 1602 de
491 1575 601 1602 decretis
630 1575 748 1603 Nicrrmw
766 1577 873 1611 synodi,
896 1581 990 1604 contra

203 1620 320 1648 Arianos
338 1622 418 1648 verba
438 1621 542 1649 faciens
563 1631 569 1649 ε
584 1632 593 1647 ι
605 1621 716 1655 Verum,
736 1623 833 1658 inquit,
852 1623 919 1651 falsa
935 1624 992 1652 haec

203 1671 278 1698 sunt,
294 1674 354 1701 quae
365 1667 562 1702 propugnatis:
580 1667 714 1702 siquidem
731 1668 789 1702 ipse
808 1669 871 1696 fecit
887 1677 947 1702 nos,
965 1674 992 1697 et

204 1719 258 1738 non
273 1712 322 1747 ipsi
337 1720 396 1740 nos.
412 1713 474 1747 lpse
489 1717 540 1744 est,
556 1713 601 1747 qui
614 1721 663 1748 per
673 1721 752 1740 suum
768 1713 887 1742 Verbum
899 1716 991 1743 omnia

203 1763 231 1785 et
244 1766 324 1793 parva
338 1779 344 1790 ,
360 1764 387 1786 et
404 1766 501 1794 magna
524 1759 598 1786 fecit.
613 1769 622 1785 ›
639 1775 674 1780 -
689 1759 717 1786 ln
742 1765 836 1788 nostro
852 1769 992 1789 commen-

203 1806 273 1832 tario
286 1806 317 1832 ad
336 1805 430 1832 eadem
445 1805 525 1832 verba
542 1806 638 1840 psalmi
655 1815 717 1834 xcrx
735 1807 892 1842 hujusmodi
908 1815 992 1842 appo-

203 1852 279 1878 nitur
291 1851 429 1878 adnotatio
445 1861 451 1878 :
473 1861 481 1877 ‹
494 1852 554 1886 lpse
573 1860 623 1880 nos
643 1853 722 1887 fecit,
738 1858 765 1880 et
787 1862 841 1880 non
862 1862 893 1881 ex
912 1856 991 1883 nobis

204 1905 309 1929 sumus,
326 1901 356 1924 ut
368 1897 450 1932 aliqui
464 1898 568 1925 dicunt.
581 1908 589 1924 ι

239 1941 327 1970 Verba
338 1943 435 1977 psalmi
451 1951 481 1974 tt,
498 1951 570 1971 vers.
588 1945 632 1977 15,
648 1954 656 1970 ι
669 1945 725 1980 Ego
745 1946 824 1973 hodie
839 1947 918 1982 genui
932 1952 967 1980 te,
978 1957 988 1974 ι

202 1991 231 2016 et
245 1988 290 2014 illa
301 1989 353 2015 alia
366 1989 461 2023 psalmi
476 1997 520 2017 crx
532 2011 539 2023 ,
550 1998 622 2017 vers.
637 1991 665 2022 7,
689 2001 698 2016 ι
713 1990 751 2017 Ex
769 1996 846 2019 utero
864 1998 926 2020 ante
938 1993 992 2021 Lu-

203 2032 318 2061 ciferum
345 2034 424 2069 genui
447 2040 511 2066 ten
531 2035 564 2063 de
590 2041 691 2063 interna
712 2036 792 2064 Verhi
818 2039 992 2073 generatione

204 2084 298 2106 contra
317 2079 435 2107 Arianos
449 2081 567 2114 explicat
585 2082 611 2108 in
632 2082 683 2117 Ep.
708 2083 740 2110 de
755 2084 853 2112 deerat.
873 2084 992 2113 Nitamur

204 2125 308 2158 synodi,
322 2132 384 2160 pag.
401 2125 470 2157 172;
487 2126 550 2153 item
565 2135 626 2162 pag.
643 2128 708 2159 i78,
724 2133 750 2156 et
764 2129 790 2156 in
813 2129 863 2164 Ep.
882 2131 913 2158 de
930 2140 990 2158 sen-

205 2171 285 2197 tentia
298 2171 430 2206 Dionysii,
448 2180 508 2207 pae.
520 2173 582 2205 19‘2,
596 2174 658 2200 etin
673 2173 748 2201 Orat.
765 2184 784 2203 tt
807 2182 901 2204 contra
912 2178 990 2205 Aria-

1041 232 1172 259 virtutum
1184 231 1336 259 nobiscum.
1354 241 1363 256 ι
1374 231 1446 258 Psal.
1458 239 1520 264 ην,
1532 239 1604 259 vers.
1618 232 1702 259 l3.—
1712 232 1742 259 In
1759 240 1835 260 com-

1042 278 1176 305 mentario
1199 280 1232 305 ad
1249 277 1374 304 eumdem
1390 277 1486 312 psalmi
1503 277 1667 305 versiculum
1685 288 1692 305 :
1714 288 1724 303 ι
1739 279 1834 306 Domi-

1042 332 1108 356 nus,
1132 325 1187 357 ait,
1214 324 1305 352 omnis
1329 324 1533 359 superccelestis
1562 324 1668 351 militiae
1687 324 1834 352 nobiscum

1041 375 1092 398 est.
1106 379 1116 396 ι

1045 443 1051 452 ,
1076 417 1106 444 In
1122 416 1242 452 Epistola
1253 417 1284 443 de
1297 416 1425 443 sententia
1439 416 1579 451 Dionysii,
1595 423 1622 451 p.
1634 415 1686 443 197
1699 437 1706 449 ,
1721 417 1833 444 scribit:

1044 473 1053 490 ‹
1064 463 1121 492 Nos
1132 463 1204 491 enim
1218 468 1350 499 quantum
1367 464 1399 491 ad
1416 471 1515 498 corpus
1529 462 1651 498 ejusdem
1660 463 1773 498 generis
1789 471 1836 490 su-

1041 517 1103 537 mus
1116 517 1147 536 ac
1162 509 1304 542 Dominus,
1319 515 1460 544 propterea
1474 509 1533 543 ipse
1546 508 1629 535 dixit:
1644 506 1770 535 Narrabo
1785 515 1835 534 no-

1043 563 1103 583 men
1119 560 1195 582 tuum
1206 555 1335 583 fratribus
1349 555 1444 582 meis.¢
1456 554 1557 582 Psalm.
1575 562 1631 586 xxt,
1647 561 1721 581 vers.
1737 554 1785 580 45.
1801 567 1837 574 —

1041 602 1070 628 ln
1093 603 1291 629 commentario
1311 601 1405 629 eadem
1423 600 1520 636 psalmi
1541 600 1623 627 verba
1643 600 1681 626 ita
1704 599 1834 635 exponit:

1043 656 1052 673 l
1071 647 1187 683 Populo,
1207 648 1306 683 inquit,
1331 648 1449 675 narrabo
1471 655 1569 674 nomen
1589 652 1683 674 tuum:
1700 646 1836 681 quemad-

1040 694 1150 720 modum
1162 694 1231 721 dixit
1242 694 1268 720 in
1282 693 1445 729 Evangelio:
1458 693 1626 721 Manifestavi
1638 700 1739 720 nomen
1757 697 1835 720 tuum

1041 740 1238 768 hominibus“.
1251 750 1261 767 ι

1075 787 1104 814 In
1123 786 1250 814 Oratione
1260 787 1348 822 prima
1361 793 1452 814 contra
1464 787 1589 820 Arianos,
1601 792 1622 815 t.
1637 786 1669 819 ll.
1688 794 1752 822 pag.
1770 785 1835 817 528,

1041 833 1074 859 ad
1091 832 1259 868 probandam
1281 833 1459 860 aeternitatem
1483 832 1544 860 Filii
1563 840 1624 860 cum
1647 831 1729 859 Patre
1747 832 1837 859 utitur

1042 881 1131 908 verbis
1149 880 1246 915 psalmi
1267 889 1340 907 xxxv
1361 880 1488 908 versiculi
1509 881 1561 913 20,
1590 889 1599 906 ι
1612 880 1640 907 lu
1662 880 1769 907 lumine
1787 885 1836 907 tuo

1044 927 1193 955 videbimus
1207 927 1316 961 lumen;
1329 936 1338 953 ι
1352 931 1379 954 et
1389 927 1486 961 psalmi
1502 934 1603 954 Lxxxtx
1615 927 1713 954 versic.
1728 926 1772 957 Π,
1787 935 1797 951 ‹
1808 930 1837 953 et

1041 973 1077 1000 sit.
1099 973 1228 1008 splendor
1247 974 1354 1000 Domini
1375 981 1457 1008 super
1478 981 1567 1007 "05;,
1587 977 1614 1000 et
1632 973 1730 1007 psalmi
1752 980 1836 1000 cxuv

1041 1018 1169 1046 versiculi
1181 1019 1226 1050 20,
1239 1029 1248 1044 ε
1261 1018 1385 1054 Regnum
1393 1024 1469 1046 tuum
1482 1027 1595 1054 regnum
1604 1020 1728 1047 omnium
1745 1027 1836 1047 saecu-

1042 1065 1142 1092 lorum.
1155 1074 1164 1090 ›
1182 1079 1216 1084 -
1232 1065 1261 1092 In
1274 1065 1472 1092 commentario
1487 1066 1519 1093 ad
1528 1065 1653 1093 eumdem
1666 1066 1834 1094 versiculum

1042 1111 1139 1145 psalmi
1154 1119 1226 1138 xxxv
1242 1111 1406 1145 subjicitur:
1427 1120 1437 1136 ‹
1451 1110 1478 1138 ln
1497 1111 1557 1145 ipso
1573 1111 1642 1138 Filio
1664 1116 1713 1138 tuo
1729 1112 1836 1139 videbi-

1043 1165 1104 1184 mus
1114 1157 1201 1184 lucem
1213 1166 1236 1184 ε»
1253 1158 1286 1184 ad
1296 1165 1322 1184 γ.
1338 1157 1370 1184 17
1381 1157 1447 1192 psal.
1461 1165 1573 1190 Lxxxtx,
1589 1158 1697 1185 (Gratia
1709 1158 1832 1193 ipsiusp

1043 1205 1075 1232 ad
1092 1212 1118 1230 ν.
1135 1203 1170 1230 20
1193 1204 1262 1238 psal.
1286 1211 1383 1237 CXLIV,
1407 1213 1416 1229 ‹
1427 1202 1551 1238 Regnum
1573 1204 1768 1239 sempiternum
1782 1225 1790 1237 ,
1808 1209 1836 1231 et

1041 1251 1192 1278 dominatio
1208 1255 1253 1277 tua
1269 1258 1350 1284 super
1371 1250 1513 1277 credentes
1529 1250 1613 1277 verbo
1632 1249 1774 1286 Evangelii
1785 1270 1792 1282 .
1807 1255 1835 1277 et

1042 1305 1123 1331 super
1138 1304 1191 1323 non
1207 1297 1357 1324 credentes.
1369 1305 1378 1321 ι

1076 1343 1104 1370 lu
1120 1344 1213 1371 eadetn
1230 1343 1352 1370 oratione
1365 1343 1453 1378 prima
1469 1343 1502 1370 ad
1515 1343 1683 1378 probandam
1701 1342 1835 1370 immuta-

1043 1390 1173 1417 bilitatem
1191 1389 1271 1416 Verbi
1289 1389 1367 1416 affert
1392 1389 1559 1416 Athanasius
1584 1397 1644 1424 qua:
1663 1389 1795 1416 dicuntur
1817 1397 1833 1415 a

1042 1440 1137 1463 sancto
1152 1435 1252 1463 Davide
1270 1435 1296 1462 in
1318 1435 1422 1470 psalmo
1439 1443 1482 1468 Cl,
1496 1443 1566 1462 vers.
1588 1435 1637 1468 48,
1662 1444 1671 1460 ι
1684 1434 1765 1463 initio
1785 1441 1833 1469 tu.

1043 1482 1156 1509 Domine
1166 1503 1173 1516 ,
1186 1492 1194 1508 I
1213 1486 1278 1515 etc.,
1292 1486 1318 1509 et
1335 1490 1407 1510 vers.
1424 1483 1458 1509 53
1468 1503 1475 1516 ,
1499 1492 1507 1508 ι
1520 1482 1560 1510 Tu
1577 1487 1667 1510 autem
1682 1483 1754 1518 idem
1774 1482 1835 1517 ipse

1018 1546 1025 1555 .
1042 1537 1086 1561 es,
1101 1533 1129 1556 et
1141 1529 1205 1556 anui
1231 1529 1269 1555 tui
1288 1536 1343 1556 non
1362 1528 1496 1556 deﬁcient.
1508 1539 1517 1554 ι
1535 1544 1570 1550 —
1584 1529 1613 1556 In
1632 1530 1834 1557 commentatio

1043 1575 1076 1602 ad
1093 1575 1173 1602 verba
1190 1575 1235 1602 illa
1250 1583 1321 1602 vers.
1339 1575 1374 1602 55
1388 1575 1445 1602 hazc
1461 1576 1642 1602 adnotantur:
1662 1585 1672 1600 ι
1683 1574 1723 1602 Tu
1740 1580 1832 1603 autem

1042 1627 1069 1649 et
1095 1621 1182 1649 iactus
1211 1621 1294 1648 homo
1321 1621 1393 1649 idem
1417 1628 1448 1649 es
1477 1621 1566 1656 qualis
1598 1629 1679 1654 eras,
1707 1625 1735 1649 et
1761 1621 1834 1649 sicut

1042 1668 1148 1696 dierum
1170 1668 1332 1703 principium
1359 1675 1413 1696 non
1437 1669 1536 1701 habes,
1557 1669 1593 1695 ita
1616 1676 1705 1703 neque
1721 1668 1784 1696 vitae
1802 1668 1834 1695 li-

1042 1721 1114 1741 nem.
1127 1724 1136 1740 ι

1077 1761 1106 1786 lu
1133 1759 1226 1787 eadem
1255 1760 1357 1794 pariter
1373 1760 1496 1788 oratione
1515 1760 1604 1788 allatis
1624 1761 1717 1789 verbis
1734 1761 1833 1796 psalmi

1042 1813 1173 1838 Lxxxvnt,
1185 1814 1255 1832 vers.
1269 1806 1313 1836 52.
1326 1806 1370 1837 55,
1392 1816 1399 1830 ι
1411 1811 1436 1832 ct
1453 1806 1479 1832 in
1492 1806 1598 1841 justitia
1611 1810 1656 1833 tua
1671 1807 1833 1834 exaltabun-

1041 1857 1095 1884 tur,
1109 1853 1237 1887 quoniam
1251 1852 1335 1887 gloria
1346 1852 1454 1879 virtutis
1466 1860 1559 1879 eorum
1573 1857 1600 1879 tu
1612 1860 1653 1885 es,
1667 1863 1676 1878 ι
1692 1853 1757 1880 talia
1769 1854 1834 1881 sub-

1037 1898 1098 1932 jicit
1114 1907 1120 1925 :
1135 1907 1143 1924 t
1159 1897 1188 1925 Si
1214 1906 1296 1933 porro
1312 1899 1397 1926 Filius
1411 1899 1518 1933 justitia
1540 1903 1599 1933 est,
1628 1907 1682 1926 non
1704 1907 1771 1935 ergo
1788 1900 1832 1927 ille

1042 1944 1207 1971 exaltatione
1224 1952 1293 1979 opus
1305 1944 1404 1977 habet;
1419 1945 1466 1971 sed
1490 1952 1540 1972 nos
1555 1952 1668 1976 sumus,
1685 1946 1733 1979 qui
1750 1945 1777 1971 in
1787 1945 1833 1980 ju-

1042 1989 1115 2016 stitia
1130 1989 1292 2019 exaltamur,
1307 1997 1367 2023 quae
1375 1997 1471 2024 nempe
1483 1990 1540 2023 ipse
1548 1994 1599 2016 est.
1615 1999 1623 2015 ι
1638 1989 1705 2024 Pag.
1720 1989 1783 2016 352.
1798 2005 1832 2011 ——

1042 2033 1069 2060 lu
1086 2035 1284 2061 commentario
1300 2034 1452 2061 versiculus
1474 2034 1518 2061 ille
1536 2034 1570 2060 52
1588 2034 1712 2069 ejus-lem
1733 2034 1832 2069 psalmi

1043 2081 1078 2107 ita
1091 2080 1253 2115 exponitur:
1273 2089 1282 2104 ι
1295 2079 1327 2106 Ει
1340 2080 1365 2106 in
1379 2079 1449 2107 Filio
1466 2085 1512 2107 tuo
1526 2080 1766 2115 gloriﬁcabuntur;
1778 2090 1787 2106 ι
1805 2085 1832 2108 ec

1042 2127 1210 2161 subsequens
1219 2126 1370 2154 versiculus
1379 2126 1424 2160 55,
1439 2136 1447 2152 ‹
1460 2126 1594 2159 Quoniam
1605 2126 1632 2153 in
1644 2131 1669 2154 te
1679 2127 1831 2162 gloriantur

1042 2177 1069 2199 et
1083 2173 1306 2200 corroborantur.
1324 2181 1332 2198 ι

204 2224 269 2249 nos,
289 2221 308 2243 t.
322 2217 344 2243 ll
355 2238 362 2251 ,
378 2226 439 2254 pag.
454 2219 506 2246 M5
517 2239 525 2251 ,
539 2224 566 2247 et
585 2219 610 2246 in
633 2219 710 2247 Orat.
729 2229 754 2247 tv
776 2227 867 2250 contra
882 2223 989 2257 Arium,

1078 2217 1107 2244 In
1118 2217 1210 2244 eadem
1224 2217 1350 2244 similiter
1361 2216 1487 2244 Oratione
1502 2218 1587 2251 prima
1602 2223 1694 2244 contra
1704 2219 1829 2252 Aricinos,

203 2269 266 2296 pag.
296 2262 358 2289 504.
375 2263 452 2290 —ln
481 2265 678 2292 commentario
700 2266 734 2292 ad
759 2275 831 2294 vers.
859 2269 893 2296 15
909 2275 934 2296 et
957 2271 990 2297 Η

204 2307 326 2341 ejusdem
340 2304 437 2343 psalmi
457 2317 474 2336 ll
487 2311 543 2337 haec
564 2310 713 2339 habentur:
735 2323 744 2338 ε
758 2312 791 2340 Et
804 2315 881 2341 caelis
896 2316 990 2344 audire

205 2352 269 2380 fecit
286 2361 378 2381 vocem
401 2363 479 2382 suam
504 2356 626 2384 clamans
641 2357 673 2384 ad
688 2366 732 2385 me
749 2368 755 2385 ε
771 2368 780 2384 ι
799 2359 838 2386 Tu
854 2368 884 2387 es
904 2361 990 2390 Filius

207 2408 216 2423 ι
227 2406 304 2426 meus
311 2399 440 2432 dilectus;
453 2410 463 2426 ι
473 2404 501 2427 et
511 2401 543 2427 ad
552 2407 709 2436 sequentem
717 2410 789 2431 vers.
799 2405 843 2436 15,
853 2406 910 2433 haIc
920 2407 971 2434 alia
981 2417 988 2436 :

206 2444 285 2478 «Qua
302 2445 345 2472 die
356 2449 382 2472 te
397 2446 658 2476 manifestavi.Nam
674 2454 737 2476 ante
755 2451 852 2478 saecula
870 2453 988 2481 abscon-

203 2492 277 2519 ditus
288 2499 350 2519 eras
365 2492 392 2519 in
408 2501 452 2520 me
466 2493 544 2521 Patre
564 2499 611 2522 tuo
621 2515 627 2527 ,
644 2496 872 2530 quemadmodum
883 2499 917 2526 de
930 2499 989 2534 ipso

203 2537 334 2572 scriptum
354 2542 412 2566 est:
433 2538 574 2568 Exsistens
593 2541 620 2567 in
636 2541 698 2569 sinu
714 2541 811 2570 Patris.
824 2553 833 2570 ι
857 2544 898 2571 Ad
917 2553 987 2573 vers.

203 2591 267 2610 vero
279 2584 294 2610 ’1
306 2585 374 2618 psal.
391 2592 435 2612 etx
446 2585 509 2613 talia
523 2586 665 2621 leguntur:
686 2598 695 2614 ι
706 2587 733 2615 ln
746 2597 789 2616 me
801 2597 862 2618 eras
871 2599 987 2626 semper,

203 2638 236 2657 ex
252 2638 307 2664 quo
320 2631 390 2665 cepi
405 2639 498 2659 creare
514 2633 606 2660 omnia
626 2641 673 2668 per
691 2639 730 2667 te,
753 2635 925 2664 mauifestavi
948 2643 987 2670 te,

203 2679 274 2713 quod
291 2679 433 2710 habebam,
449 2683 476 2707 et
489 2679 577 2708 habeo
587 2680 687 2709 Filium
701 2682 728 2708 in
741 2690 785 2710 me
799 2683 868 2717 ipso.
882 2693 891 2710 ι

238 2724 267 2750 In
278 2724 372 2752 eadem
389 2725 501 2760 epistola
512 2748 519 2760 ,
538 2731 558 2753 t.
576 2726 602 2759 l,
619 2734 681 2762 pag.
699 2728 766 2760 H7,
782 2729 877 2756 scribit
890 2737 989 2757 nomen

201 2768 309 2797 virtutis
323 2769 438 2797 diversis
455 2771 535 2800 rebus
553 2772 653 2807 tribui,
675 2773 772 2801 deinde
791 2773 881 2802 addit:
902 2784 911 2801 ι
923 2775 990 2803 Aliae

236 2834 258 2851 "
281 2833 360 2863 Joan.
378 2844 444 2871 xvtt,
457 2838 484 2865 6.

1040 2271 1101 2298 pag.
1117 2263 1191 2291 555:
1219 2273 1228 2289 ι
1248 2264 1324 2297 Haec,
1345 2264 1444 2298 inquit,
1468 2265 1550 2291 verba
1574 2265 1659 2293 sacri,
1679 2266 1801 2293 cantoris
1821 2275 1828 2281 ι

1043 2318 1052 2334 ι
1070 2309 1153 2336 Sedes
1171 2314 1227 2339 tua.
1254 2309 1334 2342 Deus,
1359 2309 1386 2336 in
1403 2309 1533 2337 saeculum
1551 2311 1643 2337 saeculi
1671 2302 1780 2345 (versic.
1798 2312 1829 2339 ‘5

1043 2364 1051 2380 ι
1069 2355 1136 2390 psal.
1151 2356 1234 2390 XLIV).
1255 2354 1334 2391 Virga
1349 2355 1506 2383 directionis
1520 2355 1595 2390 virga
1608 2357 1742 2392 regnitui.
1759 2357 1829 2385 Dile-

1043 2410 1052 2426 ι
1068 2401 1131 2428 xisti
1149 2401 1293 2436 justitiam,
1319 2406 1347 2428 et
1366 2401 1449 2429 odisti
1475 2401 1658 2437 iniquitatem.
1681 2402 1827 2438 Propterea

1042 2456 1051 2472 (
1070 2447 1147 2474 unxit
1163 2451 1188 2474 te
1199 2447 1280 2479 Deus,
1299 2447 1370 2475 Deus
1379 2452 1441 2475 tuus
1451 2448 1510 2476 oleo
1524 2448 1622 2476 laetitia:
1629 2457 1686 2484 pm
1694 2451 1828 2478 consoni-

1043 2502 1052 2518 ι
1068 2494 1117 2521 bus
1135 2494 1198 2520 tuis.
1210 2503 1219 2519 ι
1237 2493 1340 2521 Deinde
1356 2494 1393 2521 ita
1408 2496 1582 2530 prosequitur
1600 2505 1606 2523 :
1624 2505 1633 2522 ι
1645 2496 1792 2529 Attendite,
1809 2504 1826 2525 ο

1039 2539 1151 2571 Ariani,
1166 2539 1317 2574 saltemque
1331 2548 1364 2567 ex
1379 2540 1431 2567 hoc
1441 2541 1501 2569 loco
1515 2542 1655 2576 agnoscite
1673 2544 1823 2571 veritatem.

1038 2583 1185 2611 Consortes
1206 2584 1315 2611 Domini
1338 2592 1389 2612 nos
1410 2592 1505 2613 omnes
1529 2585 1674 2614 Psalmista
1699 2588 1823 2622 appellat.

1039 2629 1116 2663 Quod
1130 2630 1152 2656 si
1164 2638 1196 2657 ex
1210 2630 1296 2657 nihilo
1309 2634 1336 2657 et.
1348 2639 1400 2657 una
1413 2639 1428 2658 e
1442 2632 1523 2660 rebus
1538 2631 1616 2660 factis
1631 2638 1705 2661 esset
1725 2634 1824 2668 Filius,

1039 2678 1097 2712 ipse
1112 2684 1221 2712 quoque
1238 2678 1308 2705 inter
1319 2683 1462 2707 consortes
1479 2684 1681 2714 numeraretur.
1696 2680 1765 2708 Cum
1776 2689 1823 2708 au-

1040 2729 1092 2751 tem
1105 2725 1181 2751 illum
1196 2725 1281 2752 Deum
1292 2726 1476 2754 mternumhis
1489 2726 1578 2754 verbis
1589 2727 1721 2754 cecinerit
1747 2738 1754 2755 :
1774 2720 1826 2756 Rel-

1039 2779 1121 2807 gnum
1143 2776 1220 2800 tuum
1245 2771 1348 2807 Deus,»
1368 2778 1421 2802 etc.
1438 2789 1474 2794 -—
1487 2773 1516 2801 lu
1539 2776 1739 2803 commentario
1756 2777 1825 2812 ejus.-
