1919 3051
243 73 296 102 647
639 73 668 101 S.
689 72 873 100 ATHANASH
893 72 968 99 OPP.
990 71 1080 98 PARS
1100 70 1141 97 l'l.
1162 86 1197 91 —
1216 70 1419 98 EXEGETICA.
1822 67 1864 95 (iis

245 137 331 166 nitas.
343 135 465 170 probitas
476 140 503 163 et
514 135 642 170 praeclara
656 135 757 170 ingenii
771 134 876 162 indoles
887 133 921 161 ad
932 133 1093 168 dignitatem
1105 136 1132 159 et
1151 131 1278 159 virtutem
1296 137 1377 163 nata,
1401 130 1472 158 haud
1488 129 1554 158 satis
1575 128 1680 157 laudari
1697 135 1749 163 pro
1768 127 1864 154 meritis

244 187 348 218 potest;
367 183 441 218 ipse,
456 183 582 218 inquam,
598 183 823 218 prtestantissimo
839 181 916 208 fratri
934 181 1007 208 haud
1030 180 1171 208 dissimilis
1186 179 1308 207 codicem
1325 179 1448 218 Graecum
1459 198 1466 210 ,
1487 185 1542 213 quo
1558 177 1730 205 commodius
1743 175 1770 202 in
1784 175 1863 202 lueem

243 216 323 256 edere
335 216 454 264 possem,
469 216 579 256 domum
595 216 771 256 deferendum
787 229 906 256 tradidit.
927 227 1036 255 Utinam
1054 227 1096 254 vel
1107 227 1193 254 codex
1207 227 1357 254 doctiorem
1373 216 1600 260 me‘inlerprctem
1614 229 1712 252 nactus
1725 228 1814 255 esset,
1829 225 1864 253 ‘Cl

244 282 294 308 ego
307 275 426 302 codicem
442 275 647 302 correctiorem!
662 275 726 302 Erat
739 275 823 307 enim,
837 279 867 301 ut
879 273 1006 309 superius
1020 272 1087 305 dixi,
1104 273 1264 304 mendosus,
1281 280 1406 303 mancus.
1423 272 1572 300 oscitanter
1587 271 1718 306 scriptus,
1733 270 1864 305 permistis

244 331 315 358 saepe
329 323 493 358 psalmorum
507 328 532 350 et
549 323 779 358 interpretationis
792 323 900 355 verbis,
917 321 1084 355 minimeque
1101 320 1306 355 interpretatio.
1330 325 1359 347 ut
1375 329 1390 347 ει
1414 327 1455 347 me
1477 319 1578 347 factum
1596 323 1654 350 est,
1671 319 1698 345 in
1719 318 1864 346 versiculos

241 369 319 403 juxta
335 373 452 396 veterem
464 369 633 396 Psaltnorum
652 370 815 397 divisionem
828 369 966 396 distincta.
985 366 1076 400 Quare
1087 367 1108 393 si
1125 374 1186 401 qute
1201 367 1296 394 lectori
1307 371 1454 394 occurrant
1470 373 1531 401 quae
1545 365 1614 393 forte
1626 365 1753 396 obscura,
1766 364 1864 399 inepta,

244 415 343 448 aliena,
355 420 381 442 et
392 415 502 442 minimc
518 416 589 443 inter
603 424 631 443 se
645 421 829 444 consentanea
846 415 1003 446 videantur,
1019 413 1045 440 id
1062 413 1104 440 vel
1115 413 1218 441 codicis
1230 413 1371 441 vitiositati
1388 413 1430 440 vel
1442 412 1601 448 typographi
1620 411 1749 443 incuria,
1765 412 1806 438 vel
1821 418 1867 446 po-

243 460 298 488 tius
318 461 431 488 inscitiaa
444 469 511 488 mea:
527 461 554 487 in
570 460 672 488 Graecis
684 461 832 492 vertendis,
849 458 1008 494 supplendis
1019 458 1253 493 corrigendisque,
1267 463 1296 486 ut
1313 458 1425 490 tribuat,
1438 457 1531 485 velim.

337 583 491 614 Manitum
522 582 563 612 ad
596 581 758 612 Lectorem
771 587 953 622 excerptum
972 593 1012 613 ex
1040 581 1203 613 Antonelli
1227 582 1413 622 praefatione
1429 581 1610 622 Appendici
1624 582 1767 622 praefixa.

276 653 457 689 Posteaquam
469 654 699 687 Commentarius,
713 662 760 682 seu
774 654 963 690 interpretatio
972 654 1142 682 Psalmorum
1158 653 1248 688 magni
1262 653 1406 681 Athanasii
1423 653 1534 680 nomine
1549 652 1676 688 insignita
1688 653 1716 679 in
1728 653 1864 688 publicum

241 701 394 736 prodierat,
413 700 482 728 forte
495 700 603 727 fet-tuna
625 701 754 736 contigit.
775 705 806 727 ut
821 701 969 735 scriptores
987 700 1163 728 Bibliotheca
1177 700 1329 732 Vaticante,
1348 707 1410 727 cum
1427 700 1535 727 codices
1552 700 1578 727 in
1593 700 1692 734 quibus
1708 699 1863 734 psalterium

241 747 343 782 aliique
356 746 460 774 Veteris
470 745 592 782 Novique
605 747 772 775 Testamenti
787 748 848 774 libri
864 748 1038 775 continentur
1049 768 1056 779 ,
1068 748 1233 778 evolverem,
1242 748 1269 774 in
1286 755 1348 774 eum
1364 747 1515 774 inciderent
1525 754 1580 782 quo
1593 751 1620 774 et
1632 745 1733 774 Psalmi
1748 753 1774 774 et
1785 746 1865 774 Com-

241 795 392 822 mentarius
404 799 497 822 noster
513 795 610 822 inerat.
623 795 681 828 Qua
695 795 728 822 de
741 802 770 822 re
787 795 877 822 statim
890 795 1048 822 admonitus
1064 795 1098 822 ad
1113 786 1273 823 Vaticana‘m
1288 795 1480 822 bibliothecam
1501 802 1544 822 me
1557 795 1677 827 contuli,
1693 799 1720 822 et
1732 800 1864 829 potestate

240 841 308 868 mihi
317 849 332 868 a
344 848 452 868 summo
462 840 588 875 pontiﬁce
602 840 748 868 Benedicto
758 839 817 866 XIV
832 841 948 876 benigne
961 840 1042 873 facta,
1058 841 1177 868 codicem
1196 848 1302 868 mecum
1315 841 1426 868 domum
1439 840 1528 874 retuli,
1543 847 1630 875 eoque
1642 848 1703 867 cum
1718 840 1864 868 Commen-

240 888 310 915 tario
325 896 340 915 a
355 895 398 915 me
412 888 440 914 in
456 887 543 915 lucem
557 888 640 921 edito,
652 896 707 923 quo
721 888 801 915 citius
816 895 864 923 per
880 888 1071 923 occupationes
1085 889 1172 920 licuit,
1185 889 1296 920 collato,
1309 888 1398 914 varias
1410 887 1542 914 lectiones
1557 894 1588 914 ea
1602 886 1698 921 majori
1714 886 1862 921 diligentia.

239 943 293 970 qua
305 927 380 970 potui
390 955 398 967 ,
410 934 675 970 exscripsi,easque.
688 940 764 964 ratus
780 943 839 962 sum
862 943 905 963 me
936 944 992 962 rem
1007 941 1112 970 gratam
1128 936 1222 964 lectori
1242 935 1387 967 facturum,
1403 935 1425 962 si
1441 935 1473 961 ad
1486 934 1587 962 calcem
1602 933 1798 961 Commentarii
1815 940 1862 960 seu

240 983 535 1017 lnterpretationisjam
549 983 620 1018 typis
632 982 770 1017 impressa:
784 983 958 1018 adjungeretn
977 983 1046 1018 (94).
1060 983 1200 1018 Siquidem
1215 984 1292 1018 plura
1306 991 1367 1018 quae
1386 983 1413 1009 in
1432 987 1527 1010 nostro
1544 981 1636 1009 codice
1650 981 1780 1014 deerant,
1800 989 1863 1016 sup-

239 1029 363 1064 plentur:
379 1030 463 1056 multa
475 1036 507 1056 ex
519 1029 675 1063 conjectura
688 1036 702 1055 a
715 1036 758 1055 me
770 1029 913 1056 emendata
925 1030 1136 1057 confirmantur:
1151 1030 1266 1064 plurima
1279 1037 1371 1064 prave,
1387 1029 1526 1060 mendose,
1539 1036 1572 1055 ac
1586 1032 1753 1063 praepostero
1767 1029 1863 1056 ordine

239 1075 338 1109 scripta
355 1074 540 1109 corriguntur.
553 1074 667 1101 Demum
681 1074 842 1102 divisionem
854 1067 1026 1102 Psalmorum
1043 1074 1069 1101 in
1087 1075 1205 1103 minores
1219 1075 1368 1102 versiculos
1380 1083 1427 1109 per
1442 1075 1501 1102 cola
1515 1079 1542 1102 et
1557 1080 1704 1108 commata,
1717 1079 1746 1102 ut
1760 1080 1863 1103 veteres

238 1126 347 1155 vocant,
360 1130 442 1158 quam
454 1128 588 1150 servatam
602 1122 685 1149 fuisse
702 1129 717 1148 a
734 1126 829 1149 nostro
842 1121 968 1149 Psalterii
983 1122 1140 1157 interprete,
1154 1130 1188 1150 ex
1202 1124 1314 1158 antiquo
1326 1130 1402 1150 more
1414 1130 1446 1150 ac
1460 1122 1657 1150 consuetudine
1671 1123 1863 1151 verasimiliter

238 1169 408 1202 conjeceram
423 1188 430 1199 ,
446 1176 537 1195 veram
550 1175 610 1196 esse
625 1173 652 1195 et
668 1168 780 1195 minime
796 1168 1011 1196 commentitiam
1031 1168 1177 1197 manifesto
1193 1169 1346 1196 ostenditur
1358 1188 1365 1200 .
1388 1173 1415 1196 et
1435 1169 1520 1196 multa
1539 1168 1576 1195 ita
1591 1175 1620 1196 se
1635 1168 1754 1200 habere,
1771 1174 1801 1196 ut
1817 1177 1864 1205 per

239 1216 423 1250 conjecturam
437 1215 542 1243 fuerant
554 1224 569 1242 a
581 1223 624 1243 me
639 1215 793 1246 emendata,
810 1216 969 1250 probantur.

273 1263 365 1291 Codex
383 1268 472 1291 autem
486 1269 574 1291 exstat
585 1264 611 1290 in
627 1263 795 1291 Bibliotheca
810 1263 937 1291 Vaticana
952 1264 1022 1291 inter
1034 1263 1141 1292 codices
1154 1263 1293 1290 Palatinos
1311 1271 1426 1290 numero
1435 1263 1481 1296 Η,
1495 1270 1525 1290 ea
1540 1262 1628 1290 forma
1641 1271 1723 1297 quam
1739 1264 1823 1299 vulgo
1837 1264 1864 1291 in

238 1315 336 1346 quarto
348 1316 455 1340 vocant.
466 1311 512 1338 Est
525 1311 634 1346 quidem
650 1312 852 1344 membraneus,
866 1319 920 1338 non
933 1317 1024 1339 autem
1038 1312 1208 1344 chartaceus,
1223 1315 1254 1338 ut
1266 1311 1310 1337 ille
1321 1319 1375 1345 quo
1388 1311 1415 1337 in
1429 1318 1488 1337 mea
1499 1303 1786 1338 editione-adornanda
1799 1318 1865 1338 usus

238 1364 311 1384 sum.
331 1355 454 1391 Scriptus
470 1361 511 1384 est
526 1357 625 1384 saeculo
640 1364 713 1384 nono
727 1362 844 1384 exeunte
855 1377 863 1390 ,
879 1361 909 1384 ut
921 1365 952 1384 ex
968 1358 1142 1388 charactere,
1159 1362 1217 1385 tum
1232 1358 1334 1386 certius
1348 1365 1382 1384 ex
1395 1357 1484 1384 verbis
1499 1361 1622 1389 constat,
1639 1364 1701 1392 quae
1714 1357 1740 1384 in
1753 1358 1866 1386 adnota-

239 1403 312 1430 tione
326 1402 360 1430 ad
373 1403 476 1430 calcem
490 1402 592 1430 codicis
606 1403 722 1438 ascripta
738 1403 882 1438 leguntur:
899 1403 957 1431 haec
970 1408 1059 1430 autem
1074 1403 1101 1430 in
1113 1403 1240 1431 Latinum
1257 1411 1335 1431 versa
1351 1403 1415 1430 talia
1428 1407 1509 1431 sunt:

657 1450 690 1478 Ut
705 1450 791 1478 dulcis
803 1451 984 1486 navigantibus
1001 1452 1159 1488 tranquillus
1175 1457 1266 1487 portus

662 1498 707 1526 Ita
717 1504 741 1526 et
755 1500 927 1526 scribentibus
944 1499 1053 1527 ultimus
1069 1509 1167 1528 versus.

662 1575 781 1611 Scriptus
794 1581 832 1603 est
848 1576 913 1603 liber
925 1577 974 1604 iste
987 1577 1137 1612 interpretis
1150 1577 1278 1605 Psalterii

663 1631 741 1650 manu
756 1623 848 1650 Leonis
864 1623 1000 1651 Tabularii
1013 1624 1174 1652 Monobatia

659 1671 748 1698 Mense
763 1672 881 1706 Augusta
896 1671 942 1704 28,
960 1672 1003 1699 die
1017 1673 1044 1705 2,
1059 1672 1120 1700 1nd.
1140 1693 1147 1700 .
1171 1694 1177 1700 .
1198 1694 1205 1700 .
1227 1691 1236 1701 .

661 1725 730 1744 anno
746 1717 816 1744 6045
831 1716 909 1752 (94').

664 1761 759 1789 Lector
772 1762 910 1796 deprecare
921 1762 996 1796 mihi,
1012 1767 1041 1790 ut
1054 1772 1100 1798 per
1115 1763 1251 1792 Christum

661 1807 755 1835 liberer
767 1808 798 1834 ab
814 1808 873 1843 igne
887 1808 1018 1842 gehennae.

273 1855 381 1884 Codicis
392 1855 534 1890 inscriptio
544 1875 551 1888 ,
565 1862 598 1882 ex
613 1861 666 1889 qua
680 1861 779 1882 nomen
794 1853 914 1880 auctoris
934 1852 1166 1888 interpretationis
1180 1855 1351 1885 Psalmorum
1365 1859 1466 1888 certius
1488 1860 1568 1887 nobis
1581 1867 1753 1896 compertum
1767 1862 1844 1890 ﬂeret
1853 1883 1862 1896 ,

237 1903 336 1939 majori
350 1912 383 1931 ex
394 1907 470 1938 parte
484 1903 571 1930 deleta
583 1906 633 1930 est.
652 1901 770 1929 Litteras
784 1909 860 1933 vero,
875 1908 936 1936 quae
951 1901 1039 1929 adhuc
1051 1908 1207 1938 supersunt,
1224 1908 1252 1932 et
1265 1913 1334 1940 quae,
1349 1915 1404 1942 prae
1414 1912 1549 1935 vetustate
1559 1908 1669 1943 quidem
1686 1909 1743 1943 jam
1757 1910 1864 1944 fugien-

238 1955 297 1983 tes,
311 1950 401 1984 aliqua
416 1953 504 1976 tamen
517 1947 671 1982 diligentia,
684 1951 712 1975 et
729 1955 795 1974 cura
808 1947 945 1978 adhibita,
964 1947 1014 1982 legi
1036 1952 1180 1982 poterant,
1199 1952 1306 1979 caeteris
1325 1953 1438 1980 omnino
1452 1954 1565 1987 deletis,
1579 1954 1636 1982 "hoc
1652 1956 1714 1984 loco
1729 1957 1863 1985 ascribam

238 1994 418 2022 ΕΡΜΗΝΕΙΔ
434 1994 583 2021 ΨΔΔΜΩΝ
600 2013 607 2019 .
629 2012 637 2020 .
660 2014 666 2020 .
686 2013 693 2020 .
716 2013 723 2020 .
745 2012 752 2018 .
774 2011 782 2018 .
803 2012 810 2019 .
831 1991 911 2019 (ΠοΥ
929 1988 996 2018 ΤΟῩ

553 1988 1311 2023 ιΝ........(]ΙΟΥΤΟῩ...........

237 2048 285 2068 eas
297 2045 386 2068 autem
404 2041 443 2068 sic
459 2040 593 2076 legerem;

344 2119 522 2147 EPMHNEIA
541 2119 690 2146 ΨΑΛΜΩΝ
706 2116 902 2147 ΛΘΑΝΑΣΙΟΥ
921 2120 988 2148 ΤΟΥ
1007 2121 1168 2148 ΜΕΓᾹΛΟΥ

634 2197 912 2226 INTERPRETATIO
930 2198 1146 2228 PSALMORUM
1166 2200 1274 2228 MAGNI
1291 2200 1477 2231 ATHANASH

276 2288 340 2317 Post
350 2290 556 2325 inscriptionem
569 2290 693 2325 sequitur
704 2289 810 2325 primus
823 2291 945 2326 psalmus
955 2300 1016 2320 cum
1027 2292 1259 2328 interpretatione,
1272 2302 1333 2330 qua:
1343 2295 1436 2323 deerat
1448 2295 1474 2322 in
1487 2300 1582 2325 nostro
1595 2297 1699 2326 codice.
1717 2298 1768 2326 Sed
1778 2300 1866 2329 verba

241 2338 338 2372 psalmi
353 2342 380 2364 et
394 2337 620 2372 interpretationis
633 2337 676 2365 vel
688 2342 835 2371 vetustate,
853 2339 896 2366 vel
908 2339 1085 2374 humiditate,
1100 2342 1143 2368 vel
1161 2342 1215 2369 alio
1227 2350 1292 2370 casu
1315 2351 1370 2371 non
1396 2344 1508 2372 minima
1530 2352 1563 2372 ex
1579 2349 1657 2379 parte
1676 2346 1822 2374 obliterata
1837 2352 1866 2374 et

240 2388 366 2456 forrupla
380 2391 435 2411 non
445 2384 547 2419 absque
561 2385 679 2413 maxima
689 2384 844 2413 diliicultale
855 2386 905 2421 legi
918 2391 1077 2422 potuerunt;
1089 2396 1120 2417 ea
1133 2393 1222 2416 autem
1234 2398 1398 2426 quacunque
1407 2391 1482 2426 potui
1494 2391 1633 2427 diligentia
1645 2399 1660 2419 a
1673 2400 1716 2420 me
1725 2393 1865 2428 descripta

252 2433 325 2456 ector
337 2430 459 2456 reperiet.
1032 2455 1037 2456 ,

252 2433 325 2456 ector
337 2430 459 2463 reperiet.

279 2520 665 2564 (imparemAntonellus
678 2522 722 2562 .ad
744 2522 844 2562 calcem
867 2521 1018 2550 Commen-
1110 2523 1178 2564 (94⁸)
1192 2525 1247 2564 Δρζ
1261 2525 1362 2564 σιοξθ
1373 2526 1511 2564 creatione
1533 2528 1626 2556 mundi
1649 2529 1720 2564 apud
1740 2529 1863 2562 Graecos.

242 2556 302 2584 tarii
315 2557 513 2592 adjunxit,'nos
523 2556 581 2584 suis
595 2556 661 2584 locis
677 2556 842 2587 inseruimus
1077 2556 1118 2586 est
1134 2567 1148 2586 a
1166 2556 1305 2588 nativitate
1314 2560 1415 2588 Christi
1429 2562 1490 2589 897.
