1919 3051
243 130 290 158 651
664 126 691 155 S.
711 125 896 154 ATHANASII
915 125 990 154 OPP.
1011 125 1021 154 ι

1118 126 1162 154 Ill.
1182 141 1215 147 —
1234 126 1439 156 EXEGETICA.
1803 127 1861 154 653

279 186 581 216 INTERPRETATIO
609 171 833 214 ρελιιιοιὶυιι
862 185 985 212 MAGNI

1141 187 1328 213 ΕΡΜΗΝΕΙΑ
1352 187 1514 214 ΨΑΔΜΩΝ.
1555 207 1561 213 .
1600 206 1606 212 .
1647 205 1654 211 .
1695 204 1702 211 .
1742 204 1751 212 .

525 231 743 261 ATHANASII.

1230 231 1410 258 ΣΙΟΥΤῸΥ.

566 277 665 305 [ιείιι.
683 277 707 304 I.

1384 279 1470 305 ΨΑΛ.
1484 278 1524 304 Α¹.

279 424 306 450 2.
320 424 354 451 Et
369 423 394 450 in
410 422 452 449 via
468 427 641 457 peccatorum
657 428 710 448 non
727 421 812 448 stetit.

280 470 366 503 Quam
385 469 457 497 beati
476 473 550 501 sunt,
569 467 615 503 qui
642 467 705 494 talia
722 471 748 494 et
760 468 796 494 ita
814 466 935 494 faciunt!

279 517 305 543 5.
319 516 351 542 Ει
367 516 392 542 in
408 515 537 542 cathedra
555 514 716 548 pestilentia:
735 520 788 540 non
805 513 884 540 Sedit.

280 560 377 596 Ioseph
392 560 473 587 etiam
487 560 521 586 ab
545 559 709 586 Arimathaea
736 566 790 586 non
812 558 936 586 consedit
963 565 1024 585 cum

280 328 305 354 l.
325 327 423 354 Beatus
436 326 486 358 vir,
496 326 606 361 quinon
617 325 720 352 abiitin
737 331 854 352 consuto
864 330 1022 358 .mptorum,

243 607 354 634 Iudaeis.

279 653 305 680 4.
324 652 376 680 Sed
392 653 419 679 in
435 653 493 687 lege
512 651 619 678 Domini
631 652 757 678 voluntas
774 651 845 686 ejus,

278 697 430 733 Explorans
444 697 515 732 quod
533 697 587 724 Deo
617 697 746 732 placitum
759 701 811 728 est,
826 700 852 723 et
866 694 932 722 illud
945 695 993 730 (α).
1016 715 1023 720 .

279 744 305 772 5.
322 743 356 770 Et
369 744 395 771 in
407 744 465 779 lege
475 743 534 778 ejus
550 743 726 771 meditabitur
742 743 786 771 die
798 750 830 770 ac
847 747 935 770 nocte.

281 834 306 862 6.
329 833 360 862 Et
371 834 423 862 erit
435 838 563 869 tanquam
578 834 692 869 lignum,
714 833 786 868 quod
808 833 960 868 plantatum
983 835 1025 859 est

245 888 324 908 secus
347 880 479 908 decursus
493 887 638 915 aquarum.

283 927 328 954 Dic
341 935 372 954 ac
386 931 465 954 nocte
482 926 617 954 meditans
633 926 660 953 in
685 925 752 960 lege,
771 930 814 952 est
834 925 917 952 veluti
944 923 1025 951 arbor

246 974 577 1010 (b)..........
615 970 1006 1007 ..irrigataa(c)....

245 1020 285 1056 (ά)
307 1039 313 1047 .
335 1039 342 1047 .
365 1040 372 1046 .
394 1040 401 1047 ,
423 1040 430 1046 .
451 1019 478 1046 in
491 1018 618 1054 paradiso
641 1018 675 1054 (ε)
697 1038 704 1045 .
727 1038 734 1045 .
757 1038 764 1045 .
785 1038 792 1046 .

245 1066 371 1103 (e)---

279 1203 348 1230 Cum
380 1201 418 1236 (h)
439 1222 445 1228 .
468 1222 475 1228 .
498 1221 504 1228 .

280 1289 307 1316 8.
324 1288 356 1316 Et
370 1288 432 1316 folia
444 1288 502 1323 ejus
519 1295 573 1315 non
590 1287 727 1319 deﬂuent.

280 1334 313 1361 Et
329 1334 413 1361 decor
425 1333 525 1360 animat
546 1341 600 1360 non
619 1333 737 1360 excidet.

279 1381 306 1409 9.
322 1380 352 1408 Et
364 1380 455 1407 omnia
470 1387 638 1415 quaecunque
655 1378 735 1406 faciet
747 1378 991 1414 prosperabuntur.

281 1426 456 1462 Diligentibus
477 1430 566 1453 autem
590 1425 672 1452 Deum
685 1426 775 1452 onmt'a
797 1426 860 1460 (i)‘.
883 1445 891 1452 .
911 1445 918 1452 .

280 1473 323 1499 10.
338 1471 396 1498 Non
408 1472 448 1499 sic
460 1471 547 1506 impii,
561 1479 613 1498 non
632 1471 683 1503 sic.
702 1471 750 1499 sed
767 1476 896 1506 tanquam
920 1471 1022 1506 puivis,

245 1519 327 1552 quem
339 1517 446 1552 projicit
461 1522 559 1544 ventus
590 1524 605 1544 a
620 1515 690 1544 facie
706 1521 795 1544 terrm.

277 1566 614 1599 (k).........
645 1566 702 1590 mali

244 1615 369 1637 terrenum
380 1613 502 1644 paratum
515 1609 562 1644 (ιη)
576 1610 597 1636 ‘.
624 1629 631 1637 .
657 1629 664 1636 .
695 1629 702 1636 .

281 1157 306 1184 7.
325 1156 402 1189 Quod
418 1155 537 1184 fructum
565 1163 645 1183 suum
665 1154 740 1182 dabit
761 1154 788 1181 in
815 1157 938 1188 tempore
962 1160 1022 1180 suo.

529 1201 719 1236 tempestivum
737 1199 855 1227 fructum
884 1198 1022 1228 praebebit.

281 1696 325 1724 ΙΙ.
343 1696 407 1724 Ideo
418 1704 473 1724 non
485 1701 628 1731 resurgant
640 1696 716 1731 impii
730 1695 868 1730 injudicio
877 1716 885 1728 .

278 1742 318 1770 Ad
333 1741 380 1770 Dei
394 1742 649 1776 interrogationem.

277 1788 322 1815 12.
334 1787 427 1822 Neque
443 1792 599 1822 peccatores
615 1788 642 1814 in
659 1787 772 1815 consilio
782 1787 931 1822 justorum.

279 1833 308 1860 In
337 1834 545 1869 congregatione
572 1834 727 1868 iustorum.
758 1833 864 1868 inquit;
886 1833 1023 1869 separabit

243 1880 316 1909 enim
328 1880 418 1915 iustos
433 1888 447 1907 a
463 1880 659 1914 peccatoribus.

279 1928 323 1955 15.
339 1926 473 1961 Quoniam
483 1927 572 1954 noseit
588 1926 719 1954 Dominus
733 1927 805 1954 viam
816 1926 951 1962 iustorum
961 1947 968 1958 ,

278 1972 346 2006 Quia
362 1978 441 2000 rectae
455 1976 520 1999 sunt
531 1971 663 2005 actiones,
677 1971 704 1998 in
716 1971 818 2007 quibus
833 1971 985 1999 ambulant.

279 2068 322 2096 Η.
338 2067 371 2096 Et
380 2067 424 2096 via
438 2068 582 2103 impiorum
599 2067 706 2102 peribit.

277 2114 489 2142 Adinventiones
510 2114 609 2141 diaboli
634 2118 697 2150 post
723 2114 953 2143 resurrectionem
966 2121 1021 2142 non

243 2164 360 2200 amplius
376 2167 466 2191 erunt.

280 2254 287 2268 '
300 2252 381 2279 Rom.
401 2259 459 2284 rm,
471 2251 517 2278 28.
568 2251 579 2266 ’
590 2251 685 2279 Matth.
698 2259 762 2283 xxv.
779 2251 823 2278 ιι.

289 2330 314 2356 al
331 2328 456 2355 Facietis.

289 2338 304 2356 a
331 2330 456 2355 Facietis.

288 2330 314 2399 οξ
332 2364 444 2398 Semper
459 2363 528 2390 bene
547 2362 648 2394 virens.
660 2366 694 2390 et.

286 2400 310 2432 ε)
326 2399 412 2425 Dulci.

287 2434 314 2469 τι)
329 2432 428 2469 Fonte.

285 2469 308 2503 e)
328 2468 521 2496 lndesinenter.

286 2504 311 2538 Γ)
329 2503 380 2538 Hi:
438 2537 442 2538 ,

284 2505 311 2574 ἐξ
329 2505 492 2566 ἳιῦοηιίιιο.

284 2575 311 2608 Ιι)
328 2573 473 2600 Advenerit
491 2572 582 2600 Jesus.

284 2610 304 2642 ἱ)
323 2609 501 2643 Cooperantur
514 2608 541 2634 in
559 2610 664 2635 bonum.

228 2638 231 2650 ¹
324 2638 391 2684 gum
408 2643 480 2684 dicet
495 2644 561 2679 ipsis
580 2653 586 2670 :
606 2644 692 2671 Abite.

272 2679 302 2750 ξι)
320 2679 353 2706 In
365 2679 460 2721 ignein.

285 2714 320 2750 ιιι)
335 2714 447 2742 Dtabolo

285 2714 320 2750 ιιι)
335 2714 447 2742 Diabolo
461 2720 485 2742 et
499 2715 599 2743 anulis
613 2715 682 2750 ejus.

815 1019 852 1046 ita
873 1022 900 1046 et
912 1017 944 1053 (Ι)
967 1038 974 1044 .
998 1037 1005 1043 .

645 1531 690 1544 .uc
707 1531 795 1544 tunc.
1046 1542 1058 1553 ,
1075 1531 1106 1558 χν

645 1562 836 1598 maledictiU)
862 1583 869 1590 .
899 1583 907 1590 .
941 1583 948 1589 .
977 1582 983 1589 .
1016 1547 1059 1590 .L

1071 1613 1158 1649 μένοι
1190 1613 1233 1648 (ι).
1277 1633 1284 1639 .
1330 1633 1336 1639 .
1375 1632 1382 1638 .

1074 1659 1673 1696 ror(m)...........

1109 323 1134 351 L
1155 324 1294 359 Μακάριος
1305 323 1383 359 ἀνὴρ,
1400 323 1429 354 ὃς
1443 323 1493 349 οὐκ
1506 321 1639 358 ἐπορεύθη
1655 322 1683 348 ὲν
1698 321 1780 357 βουλῇ
1794 322 1860 348 ἀσε-

1056 394 1059 397 ,
1074 368 1139 402 ὁῶν,

1107 415 1134 441 ‘2.
1155 414 1209 442 Καὶ
1222 415 1250 441 ὲν
1263 413 1314 449 όδῷ
1330 415 1496 450 ἁμαρτωλῶν
1507 414 1556 441 οὐκ
1568 414 1642 450 ἐστη-

1115 461 1157 493 Ὧς
1167 461 1295 496 μακάριοι
1308 461 1406 492 πάντες
1421 462 1444 487 οἱ
1457 460 1595 492 ποιοῦντες
1609 459 1696 491 οὕτως
1710 459 1859 492 ὡσαὺτωςῐ

1109 507 1135 534 3.
1156 507 1210 533 Καὶ
1225 508 1270 533 ἐπὶ
1286 506 1403 542 καθέδρᾳ.
1417 506 1516 541 λοιμῶν
1533 507 1583 532 οὐκ
1600 505 1736 532 ἐκάθισεν.

1115 553 1144 579 ‘0
1155 552 1203 579 καὶ
1228 552 1327 586 Ἰωσὴφ
1347 551 1400 578 ἀπὸ
1427 550 1606 586 Ἁριμαθαίας
1627 549 1656 576 οὐ
1674 549 1863 583 συγκαθέζετο

1074 599 1129 630 τοῖς
1150 597 1296 628 Ἰουδαίοις.

1108 645 1134 671 Ᾱ.
1161 643 1228 670 Ἀλλ’
1243 643 1260 679 ἦ
1275 644 1304 670 ἐν
1319 642 1358 678 τῷ
1371 642 1444 678 νόμῳ
1463 642 1565 677 Κυρίου
1587 641 1617 667 τὺ
1633 640 1739 676 θέλημα
1756 640 1840 667 αξιτοῦ
1850 647 1860 655 ·

1108 691 1256 726 Δοκιμάζον
1270 691 1299 717 τὺ
1315 690 1460 726 εὐάρεστον
1472 688 1509 723 Et?)
1525 687 1594 722 θεῷ,
1613 688 1660 714 καὶ
1675 687 1754 713 τοῦτο
1771 687 1860 721 (η)....

1110 737 1135 764 5.
1158 738 1211 764 Καὶ
1233 737 1262 763 ὲν
1275 736 1314 771 τῷ
1326 735 1400 772 νόμῳ
1416 734 1497 762 αὑτοῦ
1518 733 1660 770 μελετήσει
1681 733 1789 768 ἡμέρας
1815 733 1862 758 καὶ

1075 783 1181 814 νυκτός.

1109 829 1136 857 6.
1156 829 1211 856 Καὶ
1228 828 1303 854 ἔσται
1319 827 1355 860 ὡς
1370 827 1400 854 τὸ
1417 826 1503 859 ξύλον,
1517 827 1547 853 τὸ
1563 826 1766 862 πεφυτευμένον
1781 826 1863 860 παρὰ

1041 871 1062 898 Β
1075 876 1124 908 τὰς
1138 875 1268 907 διεξόδους
1283 874 1337 900 τῶν
1351 874 1463 900 ὑδάτων.

1115 919 1234 955 Ἡμέρας
1246 920 1292 946 καὶ
1305 918 1400 950 νυκτὸς
1419 918 1536 954 μελετῶν
1552 919 1581 944 ἐν
1596 917 1634 952 τῷ
1645 917 1728 953 νόμῳ,
1747 917 1784 948 ὡς
1800 916 1862 943 δέν-

1074 965 1287 1002 δρονὲστὶνῲ).
1326 984 1334 992 .
1373 984 1381 992 .
1420 984 1428 992 .
1469 984 1474 991 .
1513 983 1521 991 .
1560 983 1567 991 .
1607 983 1613 990 .
1653 963 1863 998 ,παιζόμενον

1075 1011 1189 1047 ὑπὸτῆς
1204 1011 1238 1046 γλ
1258 1010 1303 1046 (ει.
1344 1030 1351 1037 .
1389 1028 1398 1038 .
1437 1029 1444 1036 .
1483 1029 1489 1037 .
1505 1010 1555 1044 (al).
1595 1031 1602 1038 .
1642 1030 1649 1037 .
1667 1010 1695 1036 ὲν
1715 1009 1752 1044 τῷ
1772 1018 1864 1044 παρα-

1074 1058 1168 1093 δείσῳ.
1209 1077 1216 1085 .
1255 1077 1262 1084 .
1301 1075 1310 1085 ,
1329 1065 1398 1088 στως
1416 1055 1468 1091 (e),
1491 1055 1578 1087 οὕτως
1596 1055 1653 1083 καὶ.
1691 1074 1699 1082 .
1738 1076 1744 1081 .
1764 1054 1796 1091 (Γ)
1821 1064 1863 1082 τοι

1074 1104 1136 1131 ὑπὸ.
1175 1123 1182 1131 .
1221 1102 1285 1139 ,(κ)
1306 1111 1331 1130 υ.

1111 1149 1136 1176 7.
1160 1149 1192 1176 '0
1206 1149 1251 1176 τὸν
1268 1148 1373 1184 καρπὸν
1388 1147 1469 1174 αὐτοῦ
1485 1147 1563 1174 δώσει
1581 1148 1610 1174 ἐν
1625 1147 1713 1184 καιρῷ
1729 1147 1815 1174 αὐτοῦ

1115 1195 1210 1222 Ἦνικα
1232 1203 1307 1231 παρα
1327 1195 1377 1230 (h).
1417 1214 1424 1221 .
1464 1213 1471 1221 .
1510 1214 1517 1220 .
1557 1215 1564 1222 .
1602 1212 1610 1220 .
1648 1193 1862 1228 .ὖς,παραδὼ-

1075 1250 1116 1268 σει
1128 1241 1231 1278 ὦριμον
1245 1241 1290 1268 τὸν
1302 1241 1417 1276 καρπόν.

1110 1290 1136 1317 8.
1157 1289 1212 1316 Καὶ
1227 1288 1260 1315 τὰ
1277 1288 1363 1322 φύλλα
1378 1288 1459 1315 αὐτοῦ
1475 1288 1524 1314 οὐκ
1538 1287 1749 1324 ἀπορῤυήσεται.

1109 1337 1165 1362 Καὶ
1180 1337 1196 1371 ἡ
1212 1335 1362 1370 εὐπρέπεια
1376 1333 1426 1368 τῆς
1438 1333 1526 1369 ψυχῆς
1545 1334 1595 1360 οὐκ
1608 1334 1774 1359 ἐκπεσεῖται.

1109 1383 1135 1410 9.
1158 1382 1212 1409 Kal.
1229 1381 1318 1408 πάντα
1334 1382 1384 1408 ὅσα
1400 1380 1432 1408 ἃν
1447 1382 1509 1416 ποιῇ
1523 1379 1779 1415 κατευοδωθήσεται.

1113 1428 1177 1461 Τοῖς
1193 1428 1241 1463 μὲν
1254 1426 1390 1462 ἀγαπῶσι
1403 1427 1456 1453 τὸν
1470 1427 1543 1453 Θεὸν
1555 1425 1651 1452 πάντα
1664 1434 1740 1452 (Turs
1756 1425 1798 1460 (i).
1823 1446 1830 1452 .
1851 1444 1861 1452 .

1110 1475 1154 1502 10.
1175 1475 1230 1510 Οὐχ
1244 1473 1329 1505 οὕτως
1344 1474 1369 1500 οἱ
1383 1473 1498 1505 ἀσεϐεῖς,
1512 1473 1561 1508 οὐχ
1578 1472 1672 1504 οὕτως,
1687 1472 1744 1498 ἀλλ’
1762 1471 1778 1507 ἦ
1793 1471 1864 1498 ὡσεὶ

1109 1523 1165 1553 οῦς,
1180 1521 1208 1548 ὃν
1221 1521 1344 1556 ἐκριπτει
1359 1521 1374 1546 ὁ
1389 1520 1488 1555 ἄνεμος
1502 1519 1556 1546 ἀπὸ
1573 1518 1719 1555 προσώπου
1734 1518 1782 1552 τῆς
1795 1517 1862 1553 γῆς.

1111 1568 1161 1604 (k).
1200 1586 1207 1593 .
1246 1587 1253 1594 .
1294 1587 1300 1594 .
1341 1587 1349 1594 .
1388 1586 1395 1593 .
1435 1585 1442 1593 .
1482 1564 1710 1599 .’Υπάγετε,οι
1734 1572 1865 1598 κατηρα-

1429 1631 1436 1639 .
1470 1611 1590 1637 αἰώνιον
1618 1611 1650 1637 τὸ
1678 1610 1864 1645 ἡτοιμασμέο

1110 1705 1153 1732 Η.
1173 1704 1222 1731 Διὰ
1234 1704 1312 1731 τοῦτο
1324 1704 1373 1731 οὐχ
1388 1704 1584 1738 ἀναστήσονται
1595 1701 1702 1734 ἀσεϐεῖς
1717 1702 1746 1729 ὲν
1759 1702 1860 1737 χρίσει,

1110 1751 1156 1783 Εἰς
1173 1750 1341 1786 ὲπερώτησιν
1357 1748 1404 1776 τοῦ
1423 1748 1490 1775 Θεοῦ

1113 1795 1153 1822 12.
1177 1795 1244 1821 Οὐδὲ
1259 1794 1416 1830 ἁμαρτωλοὶ
1436 1795 1464 1820 ὲν
1479 1793 1560 1828 βουλῇ
1575 1793 1696 1820 δικαίων.

1115 1842 1159 1868 Ἐν
1171 1842 1203 1877 τῇ
1219 1841 1362 1875 συναγωγῇ
1375 1839 1428 1866 τῶν
1440 1839 1550 1866 δικαίων
1563 1838 1652 1873 λέγει·
1667 1838 1791 1874 ἀφορίζει
1805 1839 1860 1874 γὰρ

1075 1889 1173 1918 αὐτοὺς
1189 1887 1308 1919 δικαίους
1321 1887 1375 1913 ἀπὸ
1389 1886 1444 1912 τῶν
1463 1885 1642 1921 ἁμαρτωλῶν.

1112 1935 1154 1961 15.
1175 1933 1235 1960 ’⁷0⁸τι
1249 1933 1377 1967 γινώσκει
1399 1932 1501 1968 Κύριος
1513 1932 1572 1958 ὁδὸν
1588 1931 1711 1958 δικαίων.

1118 1980 1226 2016 Ἐπειδὴ
1243 1980 1270 2007 αἱ
1287 1979 1400 2016 πράξεις
1423 1978 1527 2011 αὐτῶν,
1548 1979 1576 2005 ὲν
1597 1975 1641 2010 αἶς
1665 1978 1858 2014 περιεπάτουν,

1075 2025 1154 2062 ὀρθαί
1174 2027 1238 2052 εισι.

1113 2072 1155 2099 14.
1177 2072 1232 2099 Καὶ
1247 2071 1306 2104 ὁδὸς
1322 2071 1428 2098 ἅσεὸὦν
1446 2071 1595 2097 ἀπολεῖται.

1110 2118 1150 2146 Τὰ
1165 2117 1369 2153 ἐπιτηδεύματα
1389 2117 1435 2143 τοῦ
1452 2116 1574 2144 διαϐόλου
1592 2114 1662 2151 μετὰ
1677 2115 1727 2150 τὴν
1740 2115 1857 2142 ἀνάστα-

1077 2173 1118 2192 σιν
1133 2166 1183 2192 οὐκ
1196 2165 1236 2191 ἔτι
1253 2164 1367 2193 ἔσονται.

1111 2329 1148 2363 (a)
1165 2328 1252 2355 Ποιῶν
1263 2329 1352 2364 suppl.

1109 2365 1149 2434 fl);
1173 2365 1227 2391 Ἀεὶ
1242 2363 1378 2395 εὺοάλλον,
1396 2363 1442 2391 καί
1459 2363 1549 2400 suppl.

1121 2407 1136 2426 c
1165 2399 1295 2431 Γλυκείας
1311 2399 1397 2434 suppl.

1121 2399 1147 2440 ei
1165 2399 1295 2440 [λυκείας
1311 2399 1397 2440 suppl.

1111 2435 1150 2479 Ψ)
1161 2435 1369 2479 ,Ψηγῆἱδυρυέ-

1122 2471 1148 2530 pg
1161 2469 1319 2530 Bh'r‘ltaﬁd'twq
1334 2470 1422 2505 suppl.

1185 2513 1242 2530 υτοι
1257 2504 1346 2530 sunnl.

1124 2512 1131 2530 ι
1163 2512 1242 2531 υυτοι
1257 2512 1346 2539 suppl.

1123 2512 1149 2584 SS
1167 2539 1272 2584 ἔντ’ίοῖ
1290 2539 1456 2584 ξῖψνιμμ

1109 2573 1149 2616 Si!)
1161 2573 1349 2616 Ραὲλαγίνὲτίξί
1372 2573 1473 2616 Wes;
1489 2573 1576 2616 ευρυις

1109 2608 1144 2645 (ἓ)
1156 2611 1179 2636 Σ
1182 2608 1299 2645 υιλεργεῖ
1313 2611 1356 2642 εις
1368 2608 1584 2645 άτπὶιθόννευβρι.

1119 2643 1147 2676 k)
1168 2643 1298 2685 ὐτιὲ-ρεῖ
1310 2643 1400 2677 αὐτοῖς
1415 2644 1504 2679 suppl.

1119 2680 1137 2713 Ι)
1153 2681 1205 2712 Εἰς
1224 2688 1282 2713 :wp
1299 2681 1386 2713 suppl.

1224 2688 1282 2708 :wo
1299 2688 1386 2708 SUDDI.

1119 2688 1216 2750 Ἠἱὲ
1224 2688 1423 2749 lata!
1439 2715 1501 2748 τοῖς
1512 2714 1652 2750 ἀγγέλοις
1667 2713 1760 2743 αὑτοῦ
1777 2719 1856 2750 sunt.
