1919 3051
74 147 125 176 653
545 147 588 174 DE
608 147 744 175 TITULIS
761 147 986 176 PSALMORUM.
1007 163 1040 167 —
1057 147 1154 176 PSAL.
1174 147 1207 175 ll.
1638 147 1690 176 654

273 204 492 238 Ὰνεπίτραφος.
516 205 589 231 ΨΛΛ
595 225 602 232 .
623 205 662 231 B‘.
871 208 893 234 Δ

871 208 893 234 Α
1134 204 1196 231 Sine
1205 205 1292 231 titulo.
1306 203 1406 232 PSAL.
1423 203 1465 231 ll.

108 251 133 279 1.
153 251 210 277 Ἵνα
225 251 251 276 τί
267 249 407 286 ἐφρύαξαν
427 249 502 285 ἔθνη,

942 250 967 277 1.
978 250 1068 283 Quare
1082 251 1250 277 fremuerunt
1263 255 1367 285 gentes,

107 297 133 324 2.
151 297 204 323 Καὶ
218 296 278 322 λαοὶ
294 295 461 331 ἐμελέτησαν
477 295 560 326 κενάς

939 296 966 323 2.
982 296 1014 323 Et
1034 297 1126 331 populi
1141 297 1262 324 meditati
1275 302 1339 324 sunt
1356 297 1468 324 inania?

107 342 132 370 5.
151 342 326 377 Παρὲστησαν
339 343 363 368 οἱ
381 341 501 376 βασιλεῖς
516 342 565 376 τῆς
581 341 643 376 γῆς,

581 341 643 376 γῆς,
941 343 968 369 3.
985 342 1136 369 Astiterunt
1147 350 1224 377 reges
1241 347 1329 375 terrm,

107 387 132 415 4.
151 388 203 414 Καὶ
218 387 243 414 οἱ
259 387 387 422 ἄρχοντες
403 387 575 423 συνήχθησαν
589 388 635 415 ἐπὶ
650 387 679 414 τὸ
693 387 769 418 αὐτὸ,
784 387 854 414 κατὰ

943 388 970 414 4.
983 387 1016 415 Et
1029 388 1165 423 principes
1193 393 1380 416 convenerunt
1397 389 1424 416 in
1450 397 1546 423 unum,
1559 388 1690 418 adversus

74 432 117 459 τοῦ
135 433 235 468 Κυρίου
255 433 302 459 καὶ
318 433 389 459 κατὰ
404 433 451 459 τοῦ
466 432 585 469 Χριστοῦ
603 433 695 460 αὐτοῦ.

906 433 1062 467 Dominum,
1080 438 1107 461 et
1123 434 1254 462 adversus
1269 434 1408 462 Christum
1424 435 1493 471 ejus.

108 479 133 506 5.
154 479 348 514 Διαῤῥήξωμεν
364 480 427 510 τοὺς
447 479 564 514 δεσμοὺς
577 479 676 511 αὐτῶν,

653 488 676 511 ν,
939 480 965 508 5.
981 480 1172 515 Dirumpamus
1184 482 1290 509 vincula
1306 489 1411 514 eorum,

106 524 130 552 6.
150 526 202 552 Καὶ
221 525 418 560 ἀπορρίψομεν
436 526 483 560 ἀφ’
498 525 578 561 ήμῶν
595 526 640 551 τὸν
655 525 737 559 ζυγὸν
752 525 850 552 αὐτῶν.

820 534 850 552 ›ν.
941 526 967 553 6.
982 525 1015 552 Et
1030 526 1205 561 projiciamus
1217 527 1321 554 anobis
1336 527 1432 562 jugum
1447 527 1578 562 ipsorum.

105 570 129 596 7.
154 571 182 598 Ὁ
193 572 326 598 κατοικῶν
339 573 367 598 ἐν
378 571 502 606 οὐρανοῖς
514 571 692 606 ὲκγελάσεται
708 571 816 604 αὐτούς,

736 571 816 604 mag,
940 571 965 598 7.
984 571 1037 604 Qui
1053 572 1156 600 habitat
1166 573 1194 600 in
1208 573 1285 601 caelis
1300 573 1424 601 irridebit
1437 581 1494 606 eos,

104 615 129 644 8.
148 616 200 642 Καὶ
215 618 229 643 ὁ
246 617 346 652 Κύριος
362 617 545 652 ὲκμυκτηριεῖ
560 617 669 648 αὐτοὺς.

662 637 669 643 .
939 617 965 644 8.
979 617 1011 645 Et
1024 617 1156 646 Dominus
1169 619 1349 647 subsannabit
1363 627 1420 648 eos.

104 661 128 688 9.
148 663 212 690 Τότε
228 663 339 699 λαλήσει
357 663 425 699 πρὸς
441 664 540 695 αὐτοὺς
556 664 585 690 ὲν
602 664 670 699 ὀργῇ
687 663 780 695 αὐτοῦ,

722 663 780 695 τοῦ,
941 662 967 689 9.
983 662 1059 690 Tunc
1074 664 1201 699 loquetur
1213 665 1246 693 ad
1260 673 1307 693 eos
1325 665 1351 693 in
1370 665 1410 692 ira
1431 673 1479 693 sua

107 709 145 736 l0.
166 710 220 737 Καὶ
233 711 262 736 ὲν
275 710 314 745 τῷ
328 709 405 746 Θυμῷ
420 710 502 736 αὑτοῦ
519 710 632 746 ταράξει
646 709 755 742 αὐτούς.

750 731 755 737 .
943 709 985 736 l0.
1004 710 1037 737 Et
1057 710 1082 737 in
1101 710 1194 738 furore
1207 718 1257 739 suo
1267 711 1440 739 conturbabit
1451 719 1508 740 eos.

105 754 145 781 Η.
171 755 241 781 Ἑνὼ
256 755 285 782 δὲ
299 755 467 790 κατεστάθην
484 755 609 790 βασιλεὺς
626 756 671 782 ὑπ’
689 754 781 783 αὐτοῦ.

870 752 892 779 Β
941 753 984 781 Η.
1004 754 1059 790 Ego
1073 760 1165 784 autem
1177 756 1341 784 constitutus
1352 764 1413 784 sum
1429 764 1477 785 rex
1490 757 1524 785 ab
1535 765 1577 786 eo.

627 832 812 860 ATHANASH
832 831 1125 862 INTERPRETATIO.

106 913 135 940 'H
150 912 196 940 1'03
210 911 319 947 ψαλμοῦ
333 912 500 947 προκειμένη
514 911 653 946 ἐπιγραφὴ
665 911 681 946 ἡ
692 911 736 938 διὰ
753 911 802 946 τῆς
816 911 1002 946 κινναϐάρεως
1015 912 1153 947 περιέχει·
1177 912 1397 948 Ἆνεπίγραφος,
1412 913 1479 949 ὅπερ
1492 914 1582 951 δηλοῖ·
1599 916 1686 951 ἀγνω-

72 962 124 988 σίαν
139 961 220 988 ἐθνῶν
233 969 262 987 τε
279 961 326 986 καὶ
345 959 477 986 Ἰουδαίων
491 959 671 994 ύπεμφαίνειν
685 959 731 986 τὸν
749 959 967 994 ὑποτεταγμένον
977 958 1092 994 ψαλμὸν.
1106 960 1163 986 Πᾶν
1176 959 1230 996 γὰρ
1243 960 1273 987 τὺ
1287 961 1472 998 ἀνεπίγραφον
1485 963 1580 1000 ἄδηλον
1597 964 1685 1002 ὑπάρ-

71 1017 107 1043 χει
121 1010 173 1041 τοῖς
187 1008 306 1039 πολλοῖς.
328 1007 476 1041 ’Ᾱγνωσίαν
489 1005 535 1033 οὖν
550 1006 634 1032 ὲθνῶν
658 1006 791 1033 Ἰουδαίων
814 1006 851 1041 (1)
869 1007 1017 1042 κατηγορεῖ
1039 1007 1053 1033 ὁ
1067 1007 1286 1042 ὑποτεταγμένος
1298 1009 1419 1044 canta;-
1439 1010 1576 1045 ἀγνωσίαν
1594 1012 1632 1045 δὲ,
1652 1013 1687 1049 ἣν

71 1053 205 1088 ἐσχηκότες
220 1053 373 1080 δείκνυνται
389 1052 453 1088 περὶ
470 1051 516 1078 τὸν
531 1051 634 1078 ἑαυτῶν
648 1051 796 1086 Δεσπότην,
815 1051 905 1084 καθὼς
923 1051 960 1087 (2)
979 1052 1130 1087 γέγραπται
1142 1061 1149 1068 ·
1170 1054 1218 1080 Ἐν
1238 1053 1278 1086 τῷ
1300 1055 1401 1089 κόσμῳ
1413 1053 1462 1090 ἦν,
1477 1057 1526 1083 καὶ
1543 1058 1560 1084 ό
1573 1058 1686 1093 κόσμος

71 1099 101 1126 δι’
112 1100 199 1127 αὐτοῦ
215 1099 345 1135 ἐγένετο,
363 1099 411 1126 καὶ
430 1100 446 1125 ὁ
464 1099 577 1133 κόσμος
593 1099 688 1125 αὐτὸν
701 1099 756 1125 οὐκ
773 1098 865 1133 ἔγνω·
885 1099 909 1125 εί
927 1099 982 1135 γὰρ
1000 1099 1122 1134 ἔγνωσαν
1137 1100 1229 1132 αὐτὸν,
1260 1101 1309 1127 οὐκ
1328 1101 1361 1128 ἂν
1375 1101 1455 1129 αὑτὸν
1475 1103 1584 1139 σταυρῷ
1603 1113 1686 1139 προσ-

72 1147 173 1182 έπηξαν.
194 1148 250 1184 Τὴν
265 1145 312 1174 οὖν
330 1146 465 1181 ἀγνωσίαν
488 1146 525 1180 (5)
545 1145 634 1172 αὐτῶν
649 1146 743 1182 ἐπειδὴ
756 1147 770 1173 ὸ
786 1145 892 1181 eam;
913 1146 1074 1183 δημηγορεῖ,
1085 1147 1128 1174 διὰ
1144 1147 1224 1174 τοῦτο
1241 1148 1271 1174 τὸ
1294 1148 1480 1184 ἀνεπίγραφον
1494 1150 1531 1185 (4)
1550 1151 1686 1179 ἐπίκειται

71 1194 144 1230 αὐτῷ.
167 1195 209 1227 Ὠς
225 1194 306 1221 πλέον
322 1193 471 1230 πλησθήσει
490 1193 644 1230 [πληχθῇ]
660 1195 811 1230 ἐπιστήσας
830 1193 868 1230 (5)
886 1195 981 1222 ἑαυτὸν
994 1195 1033 1231 τῷ
1046 1195 1156 1231 ψαλμῷ,
1172 1196 1202 1223 Tt'
1214 1196 1279 1231 γὰρ,
1298 1196 1399 1232 ήρξατο
1410 1197 1508 1232 λέγειν.

107 1263 210 1292 Titulus
222 1265 282 1292 sive
293 1264 445 1298 inscriptio,
461 1271 522 1299 quae
536 1263 600 1292 huic
614 1264 721 1299 psalmo
735 1263 920 1299 praemittitur,
935 1264 1078 1292 cinnabari
1092 1264 1228 1298 confecta,
1246 1265 1367 1293 continet
1382 1275 1388 1293 :
1405 1266 1541 1301 psalmum
1556 1274 1617 1295 esse
1628 1268 1684 1294 sine

73 1312 154 1344 titulo,
189 1313 264 1348 quod
292 1312 444 1347 signiﬁcat:
469 1312 618 1347 psalmum,
640 1312 687 1346 qui
714 1311 870 1346 subjicitur,
900 1311 1075 1339 manifestare
1104 1312 1225 1347 gentium
1256 1316 1283 1339 et
1309 1311 1466 1340 Iudaeorum
1490 1313 1682 1348 ignorantiam.

71 1360 149 1389 Omne
173 1362 257 1391 enim.
276 1361 349 1396 quod
376 1361 485 1388 titulum
506 1360 563 1387 sive
583 1359 790 1394 inscriptionem
806 1367 861 1387 non
875 1359 967 1394 habet,
983 1360 1077 1388 multis
1091 1360 1214 1395 ignotum
1227 1364 1278 1387 est.
1306 1359 1450 1395 Subjectus
1465 1359 1547 1395 igitur
1560 1360 1682 1395 psalmus

72 1409 180 1443 gentium
197 1413 224 1436 et
235 1408 394 1436 Judmorum
408 1407 591 1443 ignorantiam
605 1410 716 1434 accusat
731 1415 737 1434 :
754 1406 938 1441 ignorantiam
953 1407 1075 1442 quidem,
1089 1414 1171 1442 quam
1191 1406 1224 1434 de
1244 1405 1360 1434 Domino
1383 1413 1434 1434 suo
1449 1406 1578 1434 habuisse
1593 1410 1685 1434 osten-

73 1457 170 1489 derunt,
181 1456 414 1492 quemadmodum
431 1455 563 1491 scriptum
580 1459 638 1482 est:
655 1454 804 1481 In‘mundo
818 1459 888 1488 erat,
901 1460 925 1482 et
939 1455 1052 1482 mundus
1063 1463 1108 1489 per
1123 1455 1209 1489 ipsum
1220 1454 1307 1490 [actus
1319 1459 1368 1486 est,
1388 1458 1412 1481 et
1429 1453 1542 1481 mundus
1559 1461 1618 1480 eum
1633 1461 1684 1479 non

72 1503 178 1536 cognovit
189 1503 217 1536 ³;
234 1503 256 1531 5i
268 1502 340 1529 enim
354 1509 416 1529 eum
430 1502 633 1537 cognovissent,
649 1508 711 1528 eum
724 1508 780 1528 non
796 1501 998 1529 cruciﬁxissent
1012 1501 1032 1528 ⁸.
1045 1501 1180 1535 Quoniam
1192 1501 1276 1536 igitur
1288 1501 1412 1536 psalmus
1428 1500 1538 1528 illorum
1561 1499 1684 1535 increpat

75 1549 258 1585 ignorantiam,
275 1551 335 1579 ideo
348 1551 438 1578 nullus
459 1551 485 1578 in
500 1557 533 1578 eo
559 1550 720 1578 inscribitur
732 1548 840 1578 titulus.
861 1548 897 1578 Ut
918 1550 1006 1585 magis
1029 1549 1119 1583 feriat,
1145 1548 1267 1584 seipsum
1284 1549 1391 1584 psalmo
1405 1547 1564 1580 intendens,
1583 1546 1682 1581 Quare,

72 1599 145 1633 ccepit
157 1599 260 1626 dicere.

102 1654 125 1682 ί.
145 1655 200 1681 Ἵνα
215 1654 242 1680 τί
260 1652 472 1688 κατεπήρθησαν
484 1650 531 1677 τοῦ
545 1650 624 1682 Θεου,

861 1643 884 1674 c
935 1653 960 1680 Ι.
984 1652 1053 1686 Quid
1065 1654 1138 1680 enim
1150 1653 1358 1681 insurrexerunt
1372 1658 1467 1680 contra
1480 1652 1577 1685 Deum,

101 1698 125 1726 2.
143 1700 196 1726 Καὶ
211 1698 406 1726 ἐϐουλεύσαντο
421 1697 491 1731 ἅπερ
502 1695 552 1723 οὐκ
561 1695 692 1730 ἠδύναντο
707 1694 843 1722 ἐκτελέσαι

935 1700 960 1727 2.
982 1699 1016 1726 Ει
1027 1699 1157 1727 adversus
1173 1707 1235 1728 eum
1247 1700 1477 1733 deliberaverunt,
1491 1706 1553 1734 qua:
1566 1705 1620 1726 non
1632 1706 1681 1734 po-

72 1745 123 1771 κατ’
139 1745 236 1778 aii-ro»);
899 1748 1008 1772 tuerunt
1023 1744 1170 1779 perﬁcere?

101 1791 125 1818 5.
149 1791 269 1827 Ἡρώδης
282 1791 296 1817 ὁ
314 1789 450 1825 βασιλεύς.

410 1789 450 1821 ύς.
933 1791 959 1818 5.
977 1790 1096 1818 Herodes
1111 1797 1167 1817 rex.

101 1836 126 1865 4.
143 1838 250 1865 Πόντιον
271 1837 388 1864 Πιλᾶτον
402 1836 486 1870 λέγει,
505 1835 552 1861 καὶ
572 1834 683 1865 Ἀνναν,
697 1832 744 1859 καὶ
758 1831 845 1859 Καῖά-

758 1831 845 1859 Κοιῖά·
933 1838 960 1865 4.
980 1837 1093 1865 Pontius
1108 1835 1222 1868 Pilatus,
1234 1834 1329 1862 Annas
1345 1838 1372 1861 et
1386 1833 1512 1868 Caiphas.

89 1891 118 1909 αν
121 1903 127 1910 .

89 1891 127 1910 αν.

73 1891 88 1916 φ
103 1928 126 1956 5.
145 1929 194 1955 Τὸν
210 1928 357 1963 σύνδεσμον
375 1926 426 1962 τῆς
445 1925 565 1960 ἀγάπης,
579 1921 614 1960 ἧς
629 1922 701 1959 εἶχον
721 1924 745 1950 oi
766 1923 831 1956 ἂγγε

934 1925 960 1952 5.
973 1923 1119 1952 Vinculum
1135 1921 1298 1952 dilectionis,
1314 1927 1369 1955 quo
1385 1919 1475 1952 angeli
1489 1926 1551 1947 cum
1564 1919 1604 1948 eis
1614 1927 1679 1948 con-

71 1973 105 2001 λοι
119 1974 183 2010 πρὸς
202 1973 312 2005 αὐτούς.

895 1970 1089 2006 iungebantur.

102 2019 124 2048 6.
142 2020 274 2052 Λαϐόντες
293 2019 346 2054 γὰρ
361 2018 406 2045 τὸν
419 2017 500 2052 νόμον
519 2017 558 2047 εἰς
571 2015 700 2049 διαταγὰς
722 2014 846 2048 ἀγγέλων

933 2017 959 2044 6.
978 2016 1149 2051 Accipientes
1163 2014 1236 2042 enim
1249 2013 1334 2049 legem
1360 2013 1388 2040 in
1407 2013 1585 2048 dispositione
1596 2020 1679 2048 ange-

72 2064 115 2092 οὒκ
125 2065 267 2100 ἐφύλαξαν,
287 2064 344 2091 ἀλλ’
359 2062 543 2090 ὲδουλώθτισαν
557 2062 591 2097 τῇ
609 2060 740 2096 ἁμαρτίᾳ.

920 2070 997 2096 trum,
1021 2070 1074 2090 non
1091 2061 1296 2089 custodiverunt
1323 2066 1384 2087 eam
1398 2059 1420 2092 ‘,
1444 2058 1492 2087 sed
1520 2059 1591 2087 servi
1614 2058 1678 2086 facti

897 2114 961 2139 sunt
976 2114 1096 2145 peccato.

103 2153 126 2187 7,
141 2154 166 2182 8.
192 2154 380 2187 Ἔξουδενώσει
397 2153 451 2188 γὰρ
467 2153 566 2184 αὐτοὺς
582 2153 611 2179 ὲν
630 2152 663 2187 τῇ
685 2150 778 2186 ἡμέρᾳ
796 2150 846 2186 τῆς

796 2150 846 2186 τῆς
933 2157 960 2188 7,
981 2158 1007 2182 8.
1026 2155 1093 2182 Nam
1105 2154 1133 2182 in
1148 2153 1193 2182 die
1205 2152 1301 2189 judicii
1313 2154 1469 2180 contemnet
1480 2158 1537 2184 eos,

74 2199 188 2233 κρίσεως,

103 2243 125 2271 9.
149 2245 191 2270 'Ev
214 2245 247 2280 τῇ
271 2243 362 2279 κρίσει
387 2242 499 2278 λαλήσει
522 2241 591 2278 πρὸς
613 2242 711 2273 αὐτοὺς
729 2242 758 2268 ὲν
777 2242 844 2276 ὀργῇ

797 2242 844 2276 9γῇ
931 2247 957 2275 9.
972 2246 1002 2274 ln
1018 2245 1121 2281 judicio
1136 2245 1263 2280 loquetur
1276 2243 1310 2271 ad
1323 2249 1371 2270 eos
1387 2242 1414 2269 in
1431 2241 1472 2269 ira
1487 2248 1555 2275 sua,

74 2289 144 2316 αὐτοῦ
149 2310 155 2322 ,

104 2335 142 2362 10.
161 2337 214 2363 Καὶ
241 2335 389 2372 ἀπορρίψει
419 2334 516 2366 αὐτοὺς
541 2334 595 2361 ἀπὸ
620 2333 667 2360 τοῦ
695 2332 862 2374 προσώπουν

645 2333 667 2360 ῑῦ
695 2332 841 2368 προσώπου
860 2363 881 2390 D
933 2336 975 2363 to.
988 2335 1021 2362 Et
1031 2334 1154 2370 projiciet
1166 2339 1213 2360 eos
1232 2339 1247 2359 a
1261 2331 1330 2358 facie
1344 2338 1403 2358 sua.

75 2379 156 2406 αὑτοῦ.

105 2425 142 2452 Η.
165 2425 233 2460 Ἐγὼ
246 2426 276 2452 δὲ
291 2425 446 2461 ἀνεδείχθην
464 2425 589 2461 βασιλεὺς
606 2425 658 2452 ὑπὸ
673 2424 720 2451 τοῦ
736 2423 843 2460 Πατρὸς

932 2415 975 2442 Η.
993 2413 1050 2449 Ego
1070 2420 1143 2440 enim
1161 2415 1316 2439 declaratus
1326 2419 1388 2439 sum
1407 2418 1455 2439 rex
1477 2418 1492 2438 a
1508 2410 1590 2438 Patre
1616 2417 1679 2438 cum

77 2469 100 2494 ἐν
112 2470 145 2505 τῷ
156 2455 242 2506 λέγειν
257 2471 347 2504 αὑτὸν,
362 2455 452 2503 καθως
464 2455 648 2498 ’ὑποτέτακται
662 2468 779 2496 ἐνταῦθα
788 2455 826 2504 (6)

922 2472 940 2496 ι,
957 2470 1018 2498 quae
1050 2460 1095 2487 hic
1120 2457 1318 2494 subjiciuntur,
1342 2457 1412 2486 dixit
1432 2466 1440 2486 :
1467 2457 1506 2484 Tu
1533 2466 1561 2486 eo
1589 2455 1680 2485 Filius

77 2515 110 2541 Σὺ
120 2514 145 2543 εἶ
156 2519 171 2544 d
187 2517 252 2550 ΥΙός
263 2525 323 2552 μου
340 2518 356 2544 ό
370 2517 532 2552 ἀγαπητός.

373 2517 532 2552 ἀγαπητός.
897 2519 969 2538 metu
982 2509 1093 2537 dilectus
1109 2506 1131 2535 ⁸.

106 2602 199 2632 'Joan.
211 2613 231 2638 I,
248 2605 289 2632 l0.
323 2605 335 2621 ‘
351 2605 361 2631 l
376 2605 438 2632 Cor.
457 2613 488 2637 ιι,
505 2606 532 2632 8.
571 2605 582 2620 ⁸
594 2604 654 2631 Act.
668 2610 716 2636 vn,
730 2603 775 2630 53.
813 2601 824 2618 ⁸
839 2600 864 2628 Μ

638 2609 654 2631 ι.
668 2610 716 2636 vn,
730 2603 775 2630 53.
813 2601 824 2618 ⁸
839 2600 934 2629 Matth.
946 2609 987 2633 Ill,
1001 2599 1052 2633 l7;
1067 2599 1134 2631 xvri,
1146 2598 1182 2631 5;
1196 2597 1219 2625 Il
1230 2597 1302 2626 Petr.
1317 2605 1337 2630 I,
1353 2597 1396 2624 ΓΙ.

532 2690 682 2722 Addenda
696 2690 738 2729 ζει
760 2689 945 2729 corrigenda
961 2696 999 2718 ex
1015 2687 1085 2719 cod.
1102 2685 1204 2718 Vatic.

107 2783 141 2816 (Ι)
159 2785 300 2819 Ἀγνωσίας
314 2784 361 2814 οὗν
376 2785 431 2813 τῶν
447 2784 531 2812 ὲθνῶν
549 2783 604 2811 τῶν
627 2783 771 2810 Ἰουδαίων.
928 2781 964 2816 (4)
981 2781 1018 2808 Τὸ
1030 2781 1226 2841 ἅνεπίγᾶλαφος.

107 2818 141 2841 (Ql
155 2820 219 2841 καθ’
234 2821 249 2841 ἦ
929 2817 967 2841 (5)
984 2817 1109 2841 Πεισθεὶς
1142 2816 1201 2841 ήσει
1214 2816 1226 2840 ὲ

155 2814 219 2848 κᾶθ’
234 2821 260 2848 ἆ.
291 2814 299 2818 ”
929 2814 967 2851 (5⁷)
984 2817 1109 2848 Πεισθεὶς
1124 2814 1201 2851 θήσει
1214 2814 1374 2849 ἐπιστήσας.

132 2819 141 2888 l
157 2855 287 2888 'AYNotav.
930 2852 968 2887 (6)
982 2852 1016 2879 Οἵ
1027 2860 1090 2878 ποτε
1104 2851 1138 2878 τὰ
1151 2849 1276 2879 ἐνταῦθα.

116 2818 132 2846 2
155 2818 219 2848 καθ’
234 2821 260 2848 ἆ.
929 2818 967 2851 (5)
984 2818 1109 2848 Πεισθεὶς
1124 2818 1201 2851 θήσει
1214 2818 1276 2854 {me

107 2819 141 2888 (5;
157 2855 287 2890 ’Δγνοιαν.
930 2852 968 2887 (6)
982 2852 1016 2879 Οἵ
1027 2860 1090 2878 ποτε
1104 2851 1138 2878 τὰ
1151 2850 1276 2879 ἐνταυθα.
