1919 3051
249 156 302 186 655

284 213 328 241 12.
345 213 432 248 Super
451 213 517 241 Sion
530 218 649 241 montem
662 220 787 242 sanctum
801 217 872 246 eius,

284 260 328 287 15.
346 260 500 288 Przedicans
515 265 678 295 praeceptum
692 269 751 295 ejus

282 307 326 334 ﬂ.
343 306 472 334 Do-ninns
484 307 550 334 dixit
561 307 595 334 ad
611 314 672 334 me:
684 306 769 335 Filius
781 315 859 335 meus
872 316 902 335 es
917 313 957 340 lu,

282 353 324 380 15.
344 353 399 388 Ego
412 353 492 380 hodie
504 353 583 387 genui
602 357 638 380 te.

282 399 323 426 16.
337 399 447 426 Postula
461 407 476 426 a
497 405 550 431 me,
564 403 591 426 et
604 399 675 426 dabo
693 397 740 425 tibi
766 403 859 432 gentes
887 398 1028 426 hwredita~

245 450 298 472 lem
315 451 400 477 luam,

281 491 323 519 17.
339 491 372 518 Et
392 491 591 531 possessionem
610 495 684 517 tuam
703 489 835 517 terminos
848 494 937 517 terrae.

280 539 323 565 18.
340 537 427 572 Reges
441 544 489 564 eos
505 537 532 564 in
547 537 620 570 virga
632 536 729 568 ferrea,
814 565 819 570 ι

279 585 322 611 19.
336 583 368 610 Ει
381 589 510 618 tanquam
528 589 576 610 vas
589 582 663 616 ﬁguli
680 580 837 615 confringes
851 588 909 608 eos.

276 630 322 657 20.
339 629 371 656 Et
386 637 470 661 nunc,
489 636 579 662 reges,
593 627 746 659 intelligite,

273 677 318 704 21.
337 675 500 706 Erudimini,
516 675 562 709 qui
577 673 707 708 juilicatis
729 678 842 701 terram.

275 723 320 751 22.
336 722 440 750 Scrvite
456 721 571 748 Domino
590 720 616 746 in
637 719 751 746 timore:

274 770 318 796 23.
335 768 367 795 Et
382 768 517 796 exsultate
530 766 555 793 ei
572 773 635 792 cum
649 770 779 792 tremore.

273 816 318 843 21.
333 814 533 850 Appreltendite
547 811 731 847 disciplinam,

271 863 316 889 25.
332 861 369 888 Ne
383 861 493 896 quando
505 861 640 886 irascatur
657 858 799 888 Dominus,

271 908 318 936 26.
338 908 370 935 Ει
383 907 500 942 pereatis
513 906 546 933 de
559 907 600 933 via
614 905 698 936 iusta.

269 955 315 984 27.
333 956 401 983 Cum
415 954 548 982 exarserit
562 953 588 981 in
604 953 678 980 brevi
692 953 731 980 ira
747 951 818 986 ejus,

270 1003 316 1030 28.
329 1002 404 1030 Beati
415 1009 511 1029 omnes
525 1001 572 1036 qui
588 999 729 1028 conﬁdunt
740 998 767 1024 in
779 1004 822 1024 eo.

680 158 708 186 S.
728 156 913 188 ATHANASII
931 160 1006 189 OPP.
1029 159 1117 188 PARS
1137 159 1180 188 Ill.
1205 176 1237 181 -—
1256 159 1462 188 EXEGETICA.

1047 219 1072 246 Α
1123 216 1166 244 12.
1195 217 1255 242 Ἐπὶ
1270 215 1337 242 Σιὼν
1351 215 1414 251 ὅρος
1426 216 1456 242 τὸ
1472 215 1550 249 ἅγιον
1563 215 1657 247 αὐτοῦ,

1817 161 1871 189 656

1118 263 1162 289 15.
1183 262 1352 296 Διαγγέλλων
1365 262 1395 288 τὸ
1410 261 1573 297 πρόσταγμα
1589 262 1702 297 Κυρίου.

1119 307 1160 333 14.
1182 307 1283 342 Κύριος
1298 305 1356 332 εἶπε
1372 306 1439 341 πρός
1457 315 1506 341 με·
1529 306 1591 338 Υἱός
1605 315 1655 342 μου
1670 304 1695 333 εἷ
1713 305 1761 332 οὑ·

1121 353 1161 379 15.
1189 351 1258 386 Ἐγὼ
1274 354 1392 386 σήμερον
1409 352 1563 387 γεγέννηκά
1581 361 1619 378 σε.

1118 398 1158 425 lii.
1180 398 1294 433 Αίτησαι
1314 397 1379 433 παρ’
1396 397 1474 432 ἐμοῦ,
1501 398 1548 424 καὶ
1564 398 1641 424 δώσω
1666 407 1708 424 σοι
1732 398 1796 434 ἔθνη
1817 398 1868 434 τὴν

1080 443 1260 479 κληρονομίαν
1275 452 1332 475 σου,

1115 489 1158 516 17.
1180 491 1233 516 Καὶ
1252 489 1300 525 τὴν
1320 489 1482 524 κατάσχεσιν
1499 499 1545 517 σου
1560 491 1592 517 τὰ
1610 490 1715 526 πέρατα
1732 491 1782 526 τῆς
1801 491 1864 526 τῆς.

1115 535 1158 562 18.
1179 535 1325 570 Ποιμανεῖς
1342 536 1440 566 αὐτοὺς
1463 537 1490 561 ἐν
1509 536 1598 570 ῥάϐδῳ
1615 536 1723 571 σιδηρᾷ,

1113 580 1156 608 19.
1185 581 1227 612 Ὡς
1245 581 1329 615 σκεύη
1346 581 1489 617 κεραμέως
1502 582 1655 617 συντρίψεις
1670 581 1778 613 αὐτούς.

1111 626 1157 653 20.
1177 626 1232 652 Καὶ
1245 626 1303 658 νῦν,
1321 625 1450 661 βασιλεῖς,
1473 627 1582 659 σύνετε,

1111 671 1155 698 21.
1176 671 1354 706 [latos-50131:,
1369 673 1468 704 πάντες
1483 673 1507 698 οἱ
1525 673 1663 708 κρίνοντες
1677 673 1726 709 τὴν
1740 674 1802 710 γῆν.

1110 717 1155 745 22.
1176 717 1341 752 ΔουλεύΙσατε
1351 717 1393 752 τῷ
1408 718 1501 754 Κυρίῳ
1514 719 1541 744 ἐν
1561 719 1635 754 φόϐῳ
1644 727 1651 734 ·

1109 763 1154 790 25.
1176 764 1229 789 Καὶ
1243 763 1406 797 ἀγαλλιᾶσθε
1421 763 1495 800 αὐτῷ
1508 765 1536 791 ὲν
1548 765 1651 800 τρόμῳ.

1109 810 1154 837 21.
1174 809 1313 845 Δράξασθε
1329 809 1461 842 παιδείας,

1108 856 1153 884 23.
1174 856 1287 891 Μήποτε
1302 855 1414 891 ὀργισοῇ
1431 855 1544 892 Κύριος,

1107 901 1152 928 26.
1174 902 1228 928 Καὶ
1243 901 1386 928 ἀπολεῖσοε
1402 901 1431 934 ἐξ
1447 901 1507 928 ὁδοῦ
1520 901 1636 933 δικαίας.

1107 947 1152 973 27.
1173 947 1257 974 Ὅταν
1273 947 1393 982 ὲκκαυθῇ
1411 947 1440 973 ὲν
1453 948 1529 982 τάχει
1543 948 1557 974 6
1573 947 1658 984 θυμὸς
1676 946 1770 981 αὑτοῦ,

1106 993 1151 1021 28.
1171 993 1310 1029 Μακάριοι
1324 994 1425 1026 πάντες
1442 993 1467 1021 oi
1488 994 1647 1026 πεποιθότες
1660 994 1704 1020 ἐπ’
1718 993 1803 1029 αὐτῷ.

792 1098 979 1128 ATHANASII
998 1095 1292 1124 INTERPBETATIO.

268 1190 313 1218 12.
328 1191 391 1218 Sion
407 1190 600 1224 interpretatur
628 1188 712 1219 locus,
732 1187 778 1214 ubi
799 1185 1015 1213 tabernaculum.

234 1236 289 1263 Ilex
308 1236 389 1271 igitur
400 1235 552 1262 declaratus
566 1238 608 1260 est
623 1240 638 1260 a
667 1233 746 1259 Patre
763 1231 790 1258 in
815 1230 890 1261 Sion,
907 1230 958 1256 hoc
976 1234 1018 1256 est

234 1282 260 1309 in
276 1282 362 1313 Cu'iiS,
377 1281 421 1307 ubi
434 1288 526 1307 verum
550 1278 766 1309 tabernaculum,
782 1277 851 1311 quod
875 1275 1016 1317 mdiﬁcqvit

234 1328 374 1359 Dominus,
391 1335 442 1353 non
455 1331 542 1352 autem
555 1325 631 1351 homo
648 1324 670 1351 τ.

269 1375 313 1406 15,
332 1374 373 1400 ll.
394 1374 414 1400 Ε
439 1373 516 1400 οωιίε
539 1371 632 1398 audire
655 1369 718 1397 fecit
743 1376 837 1396 vocem
857 1376 945 1401 suam,
960 1367 1015 1394 cla-

231 1429 309 1449 mans
323 1421 356 1447 ad
373 1427 431 1446 me:
450 1418 488 1445 Tu
503 1426 529 1445 es
546 1417 633 1444 Filius
649 1425 720 1443 meus
733 1416 855 1443 dilectus.

266 1507 309 1535 15.
326 1506 383 1540 Qua
396 1506 439 1534 die
450 1510 476 1533 te
500 1504 707 1533 manifestavi'.
739 1502 807 1530 Nam
828 1507 890 1531 ante
915 1502 1012 1530 saecula

230 1553 409 1581 absconditus
426 1559 487 1579 eras
502 1552 528 1578 in
547 1558 589 1577 me
601 1549 681 1577 Patre
704 1554 761 1583 tuo,
782 1549 1013 1584 quemadmodum

229 1600 263 1628 de
276 1600 322 1627 illo
336 1599 470 1634 scriptum
479 1603 537 1626 est:
552 1597 691 1624 Exsistem
706 1597 732 1623 in
745 1596 804 1623 sinu
819 1595 942 1622 Patris’.

263 1685 307 1717 16,
323 1685 366 1712 l7.
383 1683 448 1712 Ideo
461 1683 531 1712 dixit
544 1685 571 1711 in
586 1683 750 1719 Evangelio:
767 1683 857 1715 Paler,
876 1691 940 1718 quas
971 1691 1013 1710 ae-

227 1731 294 1759 dim‘
304 1731 368 1758 mihi
392 1731 462 1762 volo,
475 1731 559 1758 utubi
572 1738 629 1758 sum
642 1738 699 1766 ego,
710 1735 734 1758 et
747 1730 788 1758 illi
803 1731 856 1757 sint
873 1730 906 1758 ίο.

262 1821 307 1853 18,
324 1821 367 1848 19.
386 1819 415 1847 In
431 1825 567 1855 potestate
583 1821 674 1848 valida
692 1828 798 1854 omnes,
817 1821 865 1856 qui
893 1821 941 1848 tibi
957 1828 1010 1848 non

226 1867 368 1901 obedinnt,
382 1867 555 1895 comminues
566 1873 593 1895 et
609 1868 745 1896 domabis.

261 1911 306 1940 20.
321 1911 484 1948 Cognoscite
496 1913 568 1941 hunc
582 1921 643 1941 esse
658 1913 753 1941 Deum.

259 1957 304 1985 21.
319 1957 348 1986 Si
362 1966 526 1993 cognoscere
537 1967 590 1987 non
604 1960 734 1994 potestis,
751 1960 898 1988 erudimini
908 1967 923 1988 e
939 1960 1009 1988 divi-

225 2003 268 2031 nis
288 2004 446 2040 Scripturis,
462 2005 536 2040 quod
549 2005 608 2040 ipse
619 2010 662 2033 est
674 2005 747 2034 Deus
762 2012 866 2035 noster.

261 2049 306 2077 22.
322 2050 436 2083 Servite,
452 2052 550 2086 inquit,
566 2051 591 2079 ei
606 2052 632 2079 in
643 2053 750 2087 timore,
763 2058 790 2080 et
809 2057 937 2086 tremore,

258 2135 303 2162 35.
320 2135 352 2162 Et
367 2135 394 2162 in
414 2143 498 2171 regno
514 2143 573 2171 eius
591 2137 736 2165 exsultate.

257 2181 302 2208 24.
315 2181 520 2209 Conﬁrmamini
540 2183 566 2209 in
584 2183 707 2210 doctrina
725 2184 843 2218 Domini,

257 2227 302 2255 25.
319 2227 469 2263 Nequando
486 2229 564 2256 vobis
582 2237 641 2256 eam
656 2231 855 2266 negligentibus
868 2239 901 2259 ac
916 2231 1002 2267 despi‘

221 2274 368 2305 cientibus,
387 2275 531 2306 irascatur,

256 2319 300 2346 26.
314 2319 346 2346 Et
361 2327 410 2347 vos
421 2320 538 2348 statione
551 2326 720 2354 sanctorum,
737 2330 798 2357 qua:
812 2331 827 2350 a
839 2323 941 2351 dextris
951 2329 1003 2356 cst,

222 2364 348 2400 indignos
380 2365 527 2392 existimet.

257 2410 301 2437 27.
314 2411 381 2438 Cum
396 2412 467 2446 ignis
482 2411 593 2439 ultionis
619 2417 682 2440 ante
707 2419 769 2440 eum
787 2414 930 2448 pra‘cedet,

257 2499 299 2528 28.
315 2500 390 2528 Beati
404 2508 509 2534 omnes,
524 2502 571 2535 qui
597 2509 625 2529 tn
640 2509 672 2530 eo
688 2510 763 2537 spem
785 2503 895 2532 habent.

1105 1181 1147 1208 12.
1167 1181 1203 1207 Τὸ
1224 1180 1300 1207 Σιὼν
1318 1179 1498 1217 ἑρμηνεύεται
1515 1179 1615 1213 τόπος,
1640 1180 1706 1207 ὅπου
1724 1179 1854 1216 ήσκηνή.

1068 1227 1198 1259 Βασιλεὺς
1222 1226 1267 1254 οὖν
1285 1227 1425 1262 ἀνεδείχθη
1441 1226 1493 1253 ὑπὸ
1511 1226 1557 1253 τοῦ
1574 1226 1680 1262 Πατρὸς
1692 1227 1751 1265 ,ἐπὶ
1773 1225 1852 1259 Σιὼν,

1067 1274 1204 1300 τουτέστιν
1219 1274 1247 1299 ὲν
1264 1274 1319 1305 τοῖς
1330 1273 1462 1308 οὐρανοῖς,
1481 1273 1544 1299 ἔνθα
1561 1272 1674 1308 ἀληθινὴ
1689 1273 1787 1308 σκηνὴ,
1814 1271 1855 1306 ἢν

1066 1318 1181 1352 ἔπηξεν
1197 1320 1213 1345 ὀ
1233 1319 1351 1352 Κύριος,
1369 1319 1417 1345 καὶ
1434 1319 1489 1344 οὐκ
1505 1317 1668 1352 ἄν’ίρωπος.

1101 1364 1145 1396 15,
1167 1364 1209 1391 14.
1234 1365 1281 1390 Ἐκ
1302 1364 1355 1391 τῶν
1373 1364 1496 1399 οὐρανῶν
1511 1364 1646 1396 ἀκουστὴν
1667 1363 1777 1399 ἐποίησε
1802 1363 1854 1400 τὴν

1066 1409 1157 1445 φωνὴν
1171 1410 1254 1436 αὑτοῦ
1270 1410 1307 1446 (1)
1324 1410 1392 1445 βοῶν
1405 1410 1473 1446 πρός
1490 1418 1532 1446 με’
1553 1410 1594 1437 Σὺ
1608 1408 1635 1436 εἶ
1649 1411 1664 1436 d
1683 1411 1750 1443 Υιός
1761 1419 1822 1445 μου
1836 1411 1854 1438 ό

1064 1456 1229 1490 ἀγαπητός.

1102 1503 1145 1529 15.
1169 1503 1220 1529 Ἢν
1235 1501 1274 1538 (2)
1292 1501 1454 1537 ὲφανέρωσά
1472 1511 1511 1529 σε.
1530 1502 1587 1538 Πρὸ
1603 1502 1657 1538 γὰρ
1675 1502 1730 1529 τῶν
1745 1502 1852 1529 αἰώνων

1065 1548 1308 1584 ἀποκεκρυμμένος
1317 1546 1350 1583 ἧς
1364 1549 1392 1575 ἐν
1403 1549 1464 1584 ἐμοὶ
1476 1549 1513 1584 τῷ
1528 1549 1614 1584 Πατρί
1630 1557 1687 1580 σου,
1700 1548 1791 1580 καθὼς
1805 1549 1852 1582 γέ-

1064 1603 1183 1630 γραπται
1201 1596 1265 1630 περὶ
1278 1594 1377 1622 αὐτοῦ’
1398 1596 1428 1622 ’0
1450 1594 1493 1622 ὢν
1516 1596 1551 1622 ἐν
1567 1595 1629 1628 τοῖς
1651 1596 1776 1628 κόλποις
1795 1595 1850 1622 τοῦ

1063 1641 1187 1675 Πατρός.

1098 1688 1142 1717 16,
1164 1687 1207 1714 17.
1228 1687 1276 1715 Διά
1297 1687 1376 1714 τοῦτο
1391 1687 1483 1722 ἔλεγεν
1502 1689 1531 1714 ὲν
1551 1687 1724 1722 Εὑαγγελίῳ·
1741 1687 1848 1722 Πάτερ,

1063 1733 1116 1766 οὓς
1136 1733 1267 1766 δέδωκάς
1278 1742 1339 1768 μοι,
1355 1733 1430 1761 θέλω
1453 1734 1529 1761 ὅπου
1543 1735 1580 1770 (5)
1592 1734 1650 1769 εἰμὶ
1667 1733 1734 1768 ἐγὼ,
1753 1733 1850 1762 κάκεῖ-

1025 1776 1046 1805 C
1062 1786 1109 1804 νοι
1123 1775 1208 1805 ὦσιν.

1099 1822 1142 1854 18,
1163 1823 1205 1850 19.
1230 1822 1273 1849 Ἐν
1291 1821 1400 1858 ἐξουσίᾳ
1418 1823 1515 1858 ἰσχυρᾷ
1532 1822 1634 1854 πάντας
1650 1823 1713 1854 τοὺς
1731 1822 1770 1858 μὴ
1786 1830 1847 1848 πει-

1063 1867 1191 1904 θομένους
1206 1876 1246 1894 σοι
1263 1868 1404 1899 λεπτυνεῑς
1420 1869 1468 1895 καὶ
1480 1868 1620 1903 δαμάσεις.

1094 1915 1138 1942 20.
1166 1913 1325 1948 Ἐπίγνωτε,
1343 1914 1383 1940 ὅτι
1399 1911 1475 1945 οὗτός
1490 1914 1563 1940 ἐστιν
1579 1915 1594 1940 6
1611 1913 1686 1945 Θεὸς.

1094 1960 1138 1986 21.
1165 1960 1227 1986 Ἐὰν
1251 1960 1287 1995 μὴ
1310 1959 1425 1987 δύνασθε
1449 1959 1608 1994 ἐπιγνῶναι,
1633 1958 1796 1994 παιδεύθητι
1814 1959 1846 1985 ἐκ

1059 2006 1112 2033 τῶν
1127 2006 1206 2033 Θείων
1223 2006 1350 2042 Γραφῶν,
1363 2007 1403 2034 ὅτι
1420 2006 1500 2038 αὐτός
1516 2007 1589 2033 ἐστιν
1602 2007 1616 2032 6
1634 2005 1702 2037 Θεὸς
1718 2004 1809 2040 ἡμῶν.

1093 2050 1138 2077 22.
1159 2051 1338 2084 Δουλεύσατε,
1362 2051 1452 2086 λέγει,
1479 2051 1554 2087 αὐτῷ
1587 2052 1616 2078 ἐν
1641 2049 1716 2085 φόϐῳ
1743 2050 1790 2076 καὶ
1815 2052 1844 2078 ιν

1077 2095 1164 2130 ράμφν

1094 2141 1138 2168 25.
1160 2142 1214 2168 Καὶ
1229 2141 1390 2176 ἀγαλλιᾶσθε
1407 2142 1435 2168 ἐν
1451 2143 1484 2177 τῇ
1504 2142 1628 2178 βασιλείᾳ
1643 2141 1736 2169 αὖτοῦ.

1093 2187 1137 2214 21,
1162 2186 1309 2219 Ῥιζώσατε
1322 2190 1349 2214 ἐν
1366 2190 1398 2224 τῇ
1415 2187 1462 2214 τοῦ
1477 2189 1579 2224 Κυρίου
1596 2188 1765 2224 διδασκαλίᾳ,

1092 2233 1136 2260 25.
1155 2234 1269 2268 Μήποτε
1280 2254 1286 2266 ,
1303 2234 1340 2266 ὡς
1357 2234 1528 2270 ἀμελούντων
1550 2235 1626 2270 ὑμῶν
1642 2235 1690 2261 καὶ
1707 2242 1844 2270 καταφρο-

1059 2278 1172 2305 νούντων
1181 2299 1188 2311 ,
1206 2280 1332 2315 όργισθῇ,

1090 2323 1134 2351 26.
1155 2325 1209 2351 Καὶ
1227 2325 1353 2357 ἀναξίους
1372 2327 1443 2362 ὑμᾶς
1461 2327 1593 2363 ἡγήσεται
1618 2327 1667 2361 τῆς
1688 2327 1721 2353 ὲκ
1746 2326 1841 2359 δεξιῶν

1057 2371 1177 2402 στάσεως
1193 2372 1246 2397 τῶν
1264 2372 1359 2405 ἁγίων.

1089 2416 1134 2444 2⁵1.
1155 2417 1238 2443 ’Ὀταν
1253 2418 1283 2444 τὸ
1301 2418 1356 2453 πῦρ
1378 2418 1428 2454 τῆς
1447 2419 1611 2454 ἐκδικήσεως
1626 2418 1841 2454 προπορεύσεται

1019 2452 1043 2480 θ
1055 2461 1209 2497 ἔμπροσθεν
1221 2463 1314 2495 αὐτοῦ,

1090 2508 1135 2535 28.
1143 2509 1280 2544 Μακάριοι
1293 2509 1391 2542 πάντες
1397 2511 1420 2536 οι
1430 2510 1479 2546 τὴν
1489 2510 1584 2538 ἐλπίδα
1592 2510 1698 2548 ἔχοντες
1708 2510 1840 2544 sicam.

255 2577 350 2606 ’llebr.
362 2586 418 2610 vni,
433 2579 459 2606 2.
497 2580 509 2596 ⁸
524 2579 603 2608 Joau.
622 2589 688 2614 xvn,
701 2582 728 2608 6.
768 2582 868 2610 'Joan.
886 2591 905 2616 ι,
922 2583 966 2612 18.
1004 2583 1047 2612 “J

1090 2593 1116 2612 n.
1135 2594 1201 2620 xvn,
1220 2586 1266 2614 21.

691 2673 841 2705 Addenda
855 2679 886 2706 et
904 2676 1090 2716 corrigenda
1107 2686 1146 2708 ex
1163 2677 1240 2708 'cod.
1258 2677 1356 2709 Vatic.

253 2766 291 2802 (I)
307 2767 415 2801 Αὐτοῦ,
429 2773 504 2796 occst
517 2769 543 2796 in
561 2767 629 2797 Cod.

253 2802 292 2838 (2)
308 2802 375 2830 Νῦν.

1092 2775 1129 2811 (5)
1145 2776 1229 2810 Θέλω,
1245 2777 1289 2804 ἵνα
1303 2776 1381 2804 ὅπου.
