1919 3051
213 171 268 202 e59
640 175 668 202 s.
691 175 877 204 ATHANASH
897 176 974 204 ora.
993 176 1084 204 rans
1104 176 1146 204 ιιι.
1167 191 1201 196 -
1221 172 1427 202 EXEGETICA.
1782 162 1833 191 660

250 231 276 257 9.
294 229 350 264 Ego
367 228 483 258 dormivi
500 234 528 257 et
540 236 684 265 soporatus
699 239 759 259 sum
778 242 786 265 ς

1012 237 1035 264 Α
1083 233 1110 260 9.
1136 231 1206 266 Ἐγὼ
1222 231 1251 257 δὲ
1264 229 1424 264 ὲκοιμήθην,
1439 226 1486 253 καὶ
1500 224 1623 251 ὖπνωσα·

249 275 295 302 10.
311 275 344 302 Et
359 275 511 308 exsurrexi,
531 277 594 312 quia
610 276 742 305 Dominus
758 279 877 314 suscepit
893 288 944 307 me.

1086 277 1129 305 10.
1157 277 1334 312 Ἐξηγέρθην,
1356 275 1397 301 ὅτι
1417 272 1518 308 Κύριος
1534 267 1711 304 ἀντιλήψεται
1728 274 1798 314 μου·

250 321 295 348 11.
309 320 369 348 Non
393 321 493 349 timebo
515 322 599 350 millia
615 324 707 358 populi
729 312 926 353 circumdantis
944 333 996 353 me.

1085 325 1127 351 11.
1148 325 1185 351 Οὐ
1208 323 1397 359 φοϐηθήσομαι
1420 319 1474 347 ἀπὸ
1490 316 1627 354 μυριάδων
1640 313 1705 341 λαοῦ
1720 312 1775 340 τῶν
1789 312 1835 340 κύ-

1050 371 1105 406 κλῳ
1120 370 1363 405 συνεπιτιθεμένων
1380 376 1434 404 μοι.

251 410 295 437 12.
310 409 442 445 Exsurge,
452 410 577 444 Domine;
593 412 697 439 salvum
714 421 756 439 me
767 412 818 444 fac.
828 413 898 440 Deus
911 421 997 441 meus.

990 435 997 441 -
1087 416 1129 443 12.
1158 416 1283 447 Ἀνάστα,
1298 415 1402 450 Κύριε·
1415 412 1500 439 σῶσόν
1516 418 1559 446 με,
1575 410 1589 435 ὁ
1605 409 1671 440 Θεὸς
1685 416 1747 443 μου.

252 456 294 483 15.
311 455 446 489 Quoniam
469 461 498 484 tu
523 459 684 492 percussisti
708 466 805 486 omnes
824 460 999 487 adversantes

1086 462 1128 489 15.
1151 462 1212 488 Ὂτι
1231 462 1262 487 σὺ
1280 460 1417 492 ἑπάταξας
1440 459 1542 488 πάντας
1561 455 1624 486 τοὺς
1645 450 1837 489 ὲχθραίνοντάς

217 502 283 529 mihi
300 503 359 530 sine
371 510 453 530 causa
468 511 476 532 ι

1052 517 1096 544 μοι
1113 509 1235 544 ματαίως
1245 516 1250 522 ·

254 549 297 576 11.
313 548 412 576 Dentes
428 553 603 585 peccatorum
615 550 780 578 contrivisti.
850 559 857 565 ο

1091 554 1134 580 14.
1161 553 1284 584 Ὀδόντας
1301 549 1469 587 ἁμαρτωλῶν
1492 546 1664 583 συνέτριψας.

251 594 295 622 15.
312 593 419 621 Domini
433 599 476 622 est
489 595 564 623 salus
578 603 587 628 ;
978 624 982 628 .

978 624 982 628 .
1085 600 1129 627 15.
1151 599 1204 625 Τοῦ
1225 598 1327 633 Κυρίου
1342 598 1359 632 ἡ
1380 595 1515 630 σωτηρξα·

251 640 293 668 16.
308 639 342 667 Et
355 649 436 676 super
452 642 581 676 populum
598 646 674 670 tuum
690 642 843 670 benedictio
861 647 917 670 tua.

1086 646 1129 672 16.
1150 645 1205 671 Καὶ
1221 645 1266 670 ἐπὶ
1280 643 1325 670 τὸν
1340 642 1404 668 λαόν
1420 650 1465 668 σου
1481 641 1497 676 ἡ
1510 639 1620 673 εὐλογία
1637 646 1681 663 σου

302 683 334 710 In
350 684 439 718 finem,
454 685 481 711 in
495 686 667 714 carminibus.
683 690 800 720 psalmus
816 688 911 715 David.

523 720 624 748 PSAL.
639 721 691 748 IV.

1099 693 1151 724 Εἰς
1160 691 1192 717 τὸ
1206 691 1305 723 τέλος,
1318 690 1352 716 ἐν·
1367 684 1619 748 ῇίῖριςέὶψαλμός
1628 683 1667 715 τῷ
1680 681 1780 710 Δαυῖδ.

618 741 624 748 .
639 723 691 748 IV.
1140 723 1144 724 7
1369 726 1456 750 ΨΑΛ.
1476 723 1513 749 Δ’.

295 763 363 791 Cum
386 765 541 793 invocarem
561 767 701 795 exaudivit
725 776 770 797 me
795 768 867 797 Deus
887 770 1000 805 iustitia:

1084 773 1110 800 1.
1137 773 1181 799 Ἐν
1195 771 1234 807 τῷ
1248 769 1435 797 ἐπικαλεῖσθαί
1452 778 1501 804 με,
1516 766 1658 802 εἰσήκουσέ
1676 774 1726 801 μου
1744 765 1758 790 ὁ
1771 762 1840 793 Θεὸς

217 815 283 836 mea:
295 817 302 842 ;
1049 818 1098 853 τῆς
1111 816 1284 850 δικαιοσύνης
1299 824 1359 850 μου.

252 855 279 881 2.
296 854 324 881 ln
341 855 516 883 tribulatione
530 857 651 885 dilatasti
665 858 743 884 mihi.

1084 863 1112 890 Ξ.
1139 863 1183 888 Ἐν
1199 861 1286 896 θλίψει
1302 858 1454 890 ἐπλάτυνάς
1467 867 1520 893 μοι.

250 900 277 927 5.
293 900 424 928 Miserere
439 902 501 933 mei,
520 906 548 929 et
561 902 658 929 exaudi
673 902 826 930 orationem
845 910 943 930 meam.

1084 907 1287 944 5.οἰκτεξρησόν
1296 915 1327 942 με
1334 927 1339 936 .
1346 906 1393 932 καὶ
1399 904 1609 938 εἰσάκουσοντῆς
1616 900 1770 938 προσευχῆς
1776 907 1841 934 μου.

253 946 279 972 4.
297 945 357 972 Filii
373 945 526 979 hominum,
543 954 685 982 usquequo
699 947 774 983 gravi
786 949 892 975 corde?

1014 945 1034 950 η
1086 953 1113 981 4,
1134 953 1193 979 Υἱοὶ
1205 951 1367 987 ἀνθρώπων,
1386 950 1439 982 ἓως
1459 950 1522 976 πότε
1540 947 1731 984 βαρυκάρδιοι;

253 991 279 1018 5.
298 991 334 1019 Ut
352 993 417 1027 quid
439 993 552 1028 diligitis
575 994 733 1025 vanitatem,
746 999 771 1020 et
784 995 905 1029 queritis
924 1004 975 1023 mel

217 1037 325 1064 dacium
343 1038 354 1064 ἶ)

1088 999 1114 1026 5.
1135 999 1194 1025 Ἵνα
1208 999 1233 1025 τί
1247 998 1373 1032 ἀγαπᾶτε
1390 996 1568 1032 ματαιότητα,
1588 995 1634 1021 καὶ
1654 993 1760 1028 ζητεῖτε
1773 989 1845 1026 ψεῦ-

237 1037 325 1064 acium
343 1038 354 1064 ἶ)

351 1039 354 1051 ’
1052 1043 1095 1075 δος
1103 1052 1109 1074 ς

251 1083 279 1110 6.
297 1083 329 1110 Et
349 1085 446 1113 scitote
460 1085 592 1120 quoniam
610 1088 766 1114 mimicam
785 1087 918 1114 Dominus
936 1095 1002 1115 san-

1088 1089 1114 1116 (i.
1133 1090 1188 1116 Καὶ
1199 1088 1299 1123 γνῶτε,
1315 1089 1357 1115 ὅτι
1371 1087 1566 1123 ὲθαυμάστωσε
1585 1087 1687 1122 Κύριος
1703 1085 1750 1111 τὸν
1768 1084 1844 1110 ὅσιον

218 1133 294 1157 ctum
309 1137 400 1159 suum.

394 1153 400 1159 -
1055 1135 1146 1162 αὑτοῦ.

784 1189 969 1218 ATHANASII
989 1191 1277 1219 lNTERl’RETATlO.

254 1235 280 1263 9.
296 1234 490 1270 Unusquisque
504 1235 696 1270 prophetarum
710 1237 776 1263 dicit
792 1246 798 1264 :
817 1235 912 1264 Nullus
924 1237 962 1264 fui
974 1238 1000 1264 in

1089 1238 1115 1265 9.
1138 1239 1272 1270 Ἕκαστος
1287 1238 1360 1273 λέγει
1376 1239 1430 1265 τῶν
1445 1237 1602 1274 προφητῶν,
1616 1237 1656 1263 ὅτι
1677 1236 1722 1262 Ἐν
1739 1235 1788 1270 μὲν
1804 1233 1843 1269 (Ι)

218 1289 278 1308 mea
311 1280 501 1315 prtedicatione
534 1284 643 1315 propter
679 1281 820 1309 hominmn
855 1282 975 1309 incredul

1086 1284 1210 1320 ίρύγματί
1225 1293 1275 1317 μου
1291 1284 1430 1320 ἀνωφελὴς
1441 1284 1574 1318 ἐγενόμην
1583 1282 1628 1309 διὰ
1639 1282 1687 1316 τὴν
1699 1279 1844 1307 ἀπείθειαν

219 1329 312 1355 talem,

1054 1329 1107 1355 τῶν
1122 1329 1170 1356 ἀνθ
1175 1328 1282 1363 ρώπων,

253 1369 295 1396 10,
313 1368 465 1396 Novissime
475 1373 564 1396 autem
577 1377 655 1397 meus
662 1378 752 1398 sermo
759 1371 922 1403 exsurrexit,
935 1379 1005 1405 quo-

1093 1374 1135 1401 10.
1156 1374 1289 1409 ’Ύστερον
1312 1375 1340 1401 δὲ
1364 1373 1493 1408 ἐξανέστη
1515 1374 1529 1399 ὁ
1547 1372 1625 1406 λόγος
1642 1380 1703 1404 μου,
1723 1371 1764 1396 ὅτι
1785 1369 1843 1396 Κύ-

217 1414 290 1441 niam
301 1414 433 1441 Dominus
449 1422 498 1449 per
515 1414 635 1449 seipsum
653 1415 784 1442 mundum
807 1416 941 1443 allocutus
949 1424 975 1443 es

867 1421 941 1443 :ulus
949 1421 1002 1444 est.
1055 1428 1111 1454 ριος
1125 1419 1157 1446 δι’
1169 1420 1265 1446 ἑαυτοῦ
1281 1419 1394 1455 ὲλάλησε
1410 1419 1448 1454 τῷ
1465 1419 1558 1454 κόσμῳ
1577 1418 1625 1453 (‘2).

254 1461 297 1487 11.
313 1460 502 1491 Tentaliones,
524 1460 563 1487 ait
577 1468 620 1488 me
637 1461 835 1496 aggredientes.

1089 1466 1132 1493 11.
1153 1466 1213 1493 Τῶν
1234 1466 1395 1502 πειρασμῶν
1414 1466 1487 1500 λέγει
1501 1467 1556 1492 τῶν
1576 1463 1768 1499 ἐπερχομένων
1784 1469 1843 1496 μοι.

253 1505 297 1532 12.
314 1505 447 1540 Exsurge,
457 1505 582 1537 Domine,
595 1507 629 1534 de
641 1514 695 1541 quo
712 1506 837 1534 dicturus
854 1511 914 1534 erat
929 1506 1002 1534 Tho-

1089 1511 1132 1540 12.
1159 1512 1286 1545 Ἀνάστα,
1310 1512 1414 1547 Κύριε,
1430 1512 1493 1547 περὶ
1513 1509 1543 1538 οὗ
1563 1511 1654 1546 μέλλει
1671 1509 1762 1542 λέγειν
1784 1506 1845 1533 Θω-

218 1559 277 1579 mas
293 1561 300 1578 :
316 1552 443 1578 Dominus
460 1560 532 1579 meus
543 1557 568 1579 et
581 1552 650 1579 Deus
665 1560 737 1579 meus
754 1553 784 1578 “.

1055 1558 1125 1592 μᾶς·
1149 1557 1181 1584 '0
1194 1559 1301 1592 Κύριός
1315 1567 1375 1592 μου
1390 1559 1438 1585 καὶ
1455 1560 1471 1585 ὀ
1487 1559 1559 1590 Θεός
1574 1566 1641 1591 μου.

253 1599 297 1626 15.
311 1598 446 1632 Quoniam
467 1606 494 1626 tu
517 1599 665 1626 cruciﬁxus
681 1607 728 1634 pro
746 1599 826 1627 nobis
843 1600 1000 1634 percussisti

1092 1604 1135 1631 15.
1156 1604 1218 1631 Ὀτι
1241 1605 1272 1630 σὺ
1289 1604 1453 1640 σταυρωθεὶς
1471 1604 1541 1639 ὑπὲρ
1553 1603 1630 1639 ἡμῶν
1651 1603 1690 1637 (5)
1703 1599 1845 1633 ὲπάταξας

217 1652 312 1672 omnes
327 1649 446 1672 rectores
464 1645 568 1677 mundi,
586 1645 638 1671 hoc
653 1649 694 1671 est
705 1645 819 1679 peccati.

1020 1644 1041 1673 C
1058 1649 1162 1681 πάντας
1171 1651 1234 1682 τοὺς
1246 1650 1468 1686 κοσμοκράτορας
1486 1650 1535 1684 τῆς
1548 1648 1694 1685 ἁμαρτίας.

254 1691 296 1719 14.
311 1691 412 1719 Eorum
426 1691 531 1718 scilicet
542 1691 691 1722 doctrinas,
707 1691 808 1725 quibus
832 1691 1000 1719 devorabant

1088 1696 1132 1723 14.
1153 1697 1209 1728 Τὰς
1222 1697 1331 1732 διδαχὰς
1346 1696 1437 1723 αὐτῶν
1452 1696 1590 1722 τουτέστιν
1610 1694 1658 1729 (4),
1669 1696 1698 1720 ἐν
1713 1690 1758 1725 αἷς
1777 1699 1845 1718 κατ-

218 1737 301 1765 corda
317 1737 458 1764 hominum
473 1738 519 1772 qui
534 1737 587 1764 illis
598 1737 799 1764 auscultabant.

1057 1741 1150 1777 ήσθιον
1163 1742 1212 1773 τὰς
1225 1742 1337 1777 καρδίας
1351 1742 1404 1768 τῶν
1419 1742 1612 1768 ὑπακουόντων
1626 1740 1731 1770 αὐτοῖς.

254 1784 297 1812 15.
311 1783 362 1811 Tui
377 1784 498 1819 quidem,
515 1783 564 1819 qui
579 1788 676 1810 natura
688 1783 747 1818 ipsa
763 1783 897 1811 Dominus
911 1791 950 1814 es.

1093 1787 1136 1814 15.
1158 1787 1210 1813 Σοῦ
1226 1788 1281 1823 γὰρ
1298 1787 1335 1822 (5)
1351 1787 1397 1814 τοῦ
1411 1787 1482 1814 κατὰ
1499 1786 1579 1821 φύσιν
1596 1785 1710 1821 Κυρίου,

254 1829 298 1858 16.
313 1830 347 1857 Ει
357 1838 438 1865 super
450 1836 559 1858 sanctos
574 1834 636 1857 tuos
645 1829 731 1865 gratia
745 1835 791 1857 tua
804 1839 812 1863 ;
825 1830 915 1857 omnis
930 1829 1002 1857 enim

1092 1832 1136 1858 16.
1157 1833 1212 1859 Καὶ
1235 1833 1281 1859 ἐπὶ
1296 1834 1359 1864 τοὺς
1380 1833 1473 1867 ἁγίους
1494 1841 1540 1858 σου
1556 1833 1573 1867 ὴ
1597 1831 1676 1866 χάρις
1693 1838 1755 1856 σου·
1772 1828 1846 1854 πᾶσα

218 1877 295 1904 salus
311 1877 345 1903 ab
361 1876 472 1904 homine
486 1884 557 1904 vana
572 1877 605 1902 ".

1058 1876 1112 1911 γάρ
1129 1877 1250 1912 σωτηρία
1266 1877 1410 1912 ἀνθρώπου
1426 1877 1537 1912 ματαία.

259 1923 292 1949 Ἠ
305 1922 351 1949 τοῦ
361 1921 469 1957 ψαλμοῦ
486 1920 652 1956 προκειμένη
662 1920 807 1955 ἐπιγραφὴ
822 1920 838 1954 ἠ
853 1919 899 1946 διὰ
912 1919 961 1954 τῆς
976 1920 1162 1955 κινναϐάρεως
1178 1921 1313 1957 περιέχει·
1327 1922 1377 1954 Εἰς
1392 1921 1425 1948 τὸ
1440 1921 1527 1954 τέλος
1545 1921 1580 1947 ἐν
1592 1921 1706 1955 ὕμνοις,
1726 1918 1848 1953 ψαλμὸς

219 1968 258 2001 τῷ
273 1968 372 1995 Δαυΐδ.
387 1968 473 1994 Τοῦτο
487 1966 534 1995 οὖν
548 1969 632 1999 ἐστιν,
649 1967 695 1999 Εἰς
711 1968 794 2003 ὕμνον
808 1967 916 2002 εἴρηται
929 1963 999 2003 ὑπὲρ
1011 1967 1064 1994 τῶν
1080 1969 1165 2002 ἁγίων
1180 1969 1227 1995 τοῦ
1241 1969 1307 1995 Θεοῦ
1323 1969 1371 2004 (6),
1388 1969 1458 2004 ὑπὲρ
1473 1969 1527 1996 τῶν
1540 1969 1680 1996 ἀθανάτων
1691 1966 1850 2002 μυστηρίων

219 2018 253 2045 δι’
265 2013 303 2044 ὧν
323 2017 453 2048 σώζονται
467 2017 492 2043 ol
512 2016 584 2051 ἅγιοι
601 2016 647 2043 τοῦ
663 2016 741 2048 Θεοῦ,
756 2016 790 2042 δι’
810 2012 848 2042 ὧν
865 2015 903 2051 (7)
920 2016 1028 2048 λέγουσι
1045 2016 1091 2042 καὶ
1108 2017 1153 2042 τὸν
1171 2016 1255 2052 ὕμνον
1269 2017 1307 2053 τῷ
1327 2017 1442 2044 σώσαντι
1456 2017 1554 2048 αὐτοὺς
1572 2016 1610 2050 τῷ
1624 2014 1681 2049 Υἱῷ
1704 2013 1752 2040 τοῦ
1770 2011 1848 2039 Θεοῦ.

219 2065 299 2092 Δαυῒδ
312 2065 367 2101 γὰρ
380 2063 560 2100 ἑρμηνεύεται
576 2063 679 2096 ἱκανὸς
692 2063 778 2097 χειρὶ,
795 2063 863 2098 ὅπερ
877 2062 936 2088 ἐστὶ
950 2062 1050 2098 Κύριος
1065 2064 1103 2096 (8)
1117 2064 1131 2089 ὀ
1147 2062 1212 2094 Θεὸς
1232 2063 1319 2098 ἡμῶν.

255 2122 371 2152 Titulus,
382 2120 429 2156 qui
447 2120 550 2155 psalmo
562 2118 745 2154 prazmittitur,
755 2117 898 2145 cinnabari
914 2117 1043 2152 scriptus,
1053 2117 1174 2144 continet
1187 2126 1192 2143 :
1205 2116 1237 2143 In
1251 2117 1329 2153 finem
1342 2120 1368 2144 in
1381 2117 1495 2152 hymnis,
1507 2115 1623 2151 psalmus
1636 2112 1731 2140 David.
1741 2111 1850 2139 Scilicet

219 2173 247 2199 in
262 2173 404 2208 hymnum,
419 2171 470 2197 hoc
482 2174 524 2196 est
542 2169 569 2195 in
584 2168 703 2201 laudem,
721 2167 844 2202 psalmus
867 2166 957 2193 dictus
980 2170 1021 2192 est
1041 2173 1090 2199 pro
1111 2166 1215 2193 sanctis
1235 2165 1281 2193 Dei
1301 2166 1334 2194 de
1357 2165 1557 2193 immortalibus
1582 2161 1730 2198 mysteriis,
1748 2160 1849 2196 quibus

221 2219 308 2246 sancti
319 2217 367 2245 Dei
380 2217 531 2247 salvantur,
546 2219 572 2241 et
591 2214 627 2241 ob
638 2221 698 2248 quae
710 2213 841 2248 hymnum
857 2215 961 2239 canunt
974 2210 1021 2239 ltei
1033 2211 1115 2245 Filio,
1127 2212 1174 2246 qui
1189 2212 1305 2239 salvavit
1317 2219 1374 2240 eos.
1391 2212 1475 2239 David
1493 2212 1564 2239 enim
1584 2211 1777 2245 interpretatur
1792 2216 1850 2234 ma-

221 2275 257 2292 nu
270 2270 372 2300 potens,
388 2263 478 2299 qualis
492 2268 534 2290 est
550 2261 682 2289 Dominus
695 2260 767 2288 Deus
779 2264 883 2287 noster.

258 2314 284 2340 1.
299 2313 420 2340 Veniens
434 2311 468 2338 ad
480 2318 523 2338 me
536 2317 615 2345 opem
630 2308 697 2336 mihi
711 2307 808 2339 tulisti,

1097 2308 1121 2334 1.
1141 2308 1365 2344 Παραγενόμενος
1376 2305 1444 2341 πρὸς
1458 2313 1501 2340 με,
1515 2302 1666 2338 ἐὸοήθησάς
1687 2310 1743 2337 μοι,
1763 2300 1848 2334 λέγει,

258 2360 284 2387 2.
301 2359 530 2386 Animadvertcns
543 2364 630 2383 meam
645 2355 842 2386 inﬁrmitatem,

1096 2355 1123 2381 2.
1144 2354 1344 2390 Προσεσχηκὼς
1358 2353 1388 2379 τὸ
1402 2351 1514 2382 ἀσθενές
1532 2358 1583 2384 μου
1595 2369 1602 2381 ,

258 2406 286 2433 5.
303 2405 362 2433 Non
376 2403 497 2440 rejecisti
511 2402 730 2437 deprecationem
745 2407 843 2427 meam.

1096 2401 1124 2427 5.
1146 2400 1191 2435 Μὴ
1208 2399 1364 2435 ἀπορῤίψῃς
1384 2398 1434 2432 τὴν
1449 2396 1553 2424 ἱκεσίαν
1569 2403 1627 2430 μου.

259 2452 285 2478 ι.
302 2450 392 2478 Corde
404 2448 515 2484 lapidei.

1097 2445 1125 2472 4.
1146 2445 1326 2481 Λιθοκάρδιοι.

259 2496 369 2530 5.'Quas
383 2497 411 2523 in
425 2494 528 2522 mundo
540 2496 613 2520 sunt.

1099 2491 1126 2518 5.
1146 2490 1187 2517 Τὰ
1200 2491 1229 2517 ὲν
1243 2490 1282 2526 τῷ
1299 2490 1401 2524 κόσμῳ.

260 2528 445 2576 6.1ntelligite
469 2539 599 2575 quoniam
628 2537 759 2565 Dominus
784 2544 893 2565 servum
929 2544 1009 2564 suum

1099 2536 1125 2562 6.
1147 2537 1271 2571 Νοήσατε
1294 2535 1332 2571 (9)
1361 2535 1402 2562 ὅτι
1430 2535 1444 2560 ὁ
1472 2533 1575 2570 Κύριος
1598 2530 1707 2562 ἐδόξασε
1730 2530 1777 2557 τὸν
1795 2528 1851 2555 δου-

227 2587 399 2624 gloriﬁcavit.

1066 2581 1178 2608 λεύοντα
1192 2581 1275 2617 αὐτῷ.

262 2637 281 2651 “
294 2634 374 2662 Juan.
386 2642 432 2665 xx,
443 2632 488 2660 28.
527 2632 549 2647 ¹²
567 2630 639 2659 Psal.
652 2639 706 2664 ιιι,
722 2631 764 2658 15.

698 2688 849 2720 Addenda
874 2691 905 2718 et
928 2686 1173 2727 corrigendae:
1190 2686 1258 2716 cod.
1277 2685 1378 2715 Velie.

263 2747 301 2781 (1)
324 2746 368 2772 Ἐν
385 2745 424 2780 τῷ
445 2744 515 2781 μένη
544 2779 556 2781 _
594 2778 599 2781 _
629 2778 634 2781 _
663 2777 688 2781 Η
734 2778 746 2781 _
789 2777 795 2781 ι
1156 2736 1209 2781 ξ’οξ
1224 2735 1290 2763 Υἱοῢ
1305 2736 1351 2763 τοῦ
1366 2735 1442 2763 Θεοῦ.

327 2771 473 2815 ’ἐλάλησεν
486 2779 576 2806 αὐτῶν
589 2777 692 2814 (αὐτὰ)
713 2778 751 2810 τῷ
765 2777 869 2810 κόσμῳ.

273 2806 300 2849 35
327 2806 423 2851 ᾖξε
455 2806 467 2851 ς
539 2847 545 2851 _
592 2806 598 2814 ‘
684 2806 690 2813 '
738 2806 742 2810 ’
817 2806 851 2810 ’⁷
1101 2807 1139 2851 iii?
1161 2806 1373 2851 ξὶίσξιηῗίησοδς-

317 2842 378 2877 Τιῖἷν
391 2849 481 2877 αὐτῶν
501 2847 612 2886 τούτων.
1102 2843 1139 2876 (9)
1161 2842 1307 2878 Ποιήσατε.

263 2883 302 2921 t5)
324 2886 436 2921 Κυρίου,
454 2887 470 2919 ἡ
486 2883 616 2918 σωτηρία.
