1919 3051
51 143 109 173 631
520 145 565 174 DE
585 146 722 175 TITULIS
747 147 971 176 PSALMORUM.
993 163 1028 171 —-
1046 147 1143 175 PSAL.
1162 147 1182 174 V
1624 142 1678 171 ϐίη

93 200 120 227 7.
143 200 246 236 Κύριος
257 201 446 228 είσακούσεταί
460 209 521 236 μου,
537 203 566 228 ἐν
579 202 618 237 τῷ
637 203 799 239 κεκραγέναι
813 212 846 239 με

932 205 957 232 7.
976 204 1108 232 Dominus
1137 195 1266 230 exaudiet
1293 209 1347 236 me,
1376 209 1438 229 cum
1467 193 1676 230 clamarero'ad

54 248 130 284 πρὸς
145 248 235 274 αὐτόν.

859 250 861 252 ’
896 258 967 277 eum.
1236 273 1240 277 ι

93 294 122 322 8.
149 293 313 330 Ὀργίζεσϐε,
328 293 374 320 καὶ
389 293 426 330 μὴ
437 293 622 329 ἁμαρτάνετει

930 295 956 322 8.
973 293 1134 327 Irascimini,
1148 297 1174 320 et
1189 293 1272 320 nolite
1286 300 1399 327 peccare
1414 302 1420 327 ;

95 341 122 368 9.
146 341 179 367 ’Δ
189 340 283 374 λέγετε
295 341 324 366 ὲν
338 341 399 372 ταῖς
414 340 538 376 καρδίαις
550 340 635 375 ὑμῶν,
650 341 696 367 επὶ
713 343 772 373 ταῖς
784 341 841 368 κοί-

930 341 956 368 9.
975 339 1041 373 Qua:
1066 338 1156 367 dicitis
1175 338 1202 365 in
1225 338 1352 366 cordibus
1365 339 1480 373 vestris,
1496 339 1522 366 in
1541 339 1677 368 cubilibus

53 395 120 418 ταις
132 385 208 422 ὑμῶν
220 385 402 422 κατανύγητε.

894 387 992 415 vestris
1008 384 1229 420 compungimiui.

95 434 137 461 10.
159 433 263 460 Θύσατε
277 433 372 461 θυσίαν
392 433 573 469 δικαιοσύνης,
590 435 636 460 καὶ
652 434 778 461 ἐλπίσατε
795 434 842 462 ἐπὶ

931 433 974 460 10.
994 431 1152 459 Sacriﬁcate
1166 431 1331 459 sacriﬁcium
1342 426 1465 467 iustitiae;
1484 433 1630 468 etjsperate
1649 434 1674 460 in

50 480 172 515 Κύριον.

896 480 1018 508 Domino.

92 525 137 552 1|.
157 524 252 552 Πολλοὶ
266 523 391 560 λέγουσι·
407 525 455 557 Τίς
472 524 553 557 δείξει
570 526 634 561 ἡμῖν
648 527 682 551 τὰ
701 525 805 560 ἀγαθά;

931 525 971 552 ll.
986 523 1062 550 Mulli
1075 523 1167 550 dicunt
1181 531 1188 549 :
1203 521 1270 555 Quis
1287 521 1411 549 ostendet
1423 521 1501 549 nobis
1515 522 1582 548 bona
1597 521 1609 548 ?

93 572 137 600 1‘2.
166 571 335 607 Ἐσημειώθη
354 572 397 607 ἐφ’
417 573 491 607 ἡμᾶς
510 572 540 599 τὸ
555 572 612 607 φῶς
627 572 673 599 τοῦ
693 571 839 608 προσώπου

930 569 974 597 12.
991 569 1133 604 Signatum
1161 572 1204 596 est
1225 575 1308 603 super
1330 575 1380 596 nos
1402 567 1493 594 lumen
1516 567 1607 594 vultus
1625 567 1674 602 tui,

51 626 115 650 σου,
131 618 217 653 Κύριε
225 626 233 632 ·

894 615 1007 642 Domine
1028 623 1033 647 ;

91 664 136 691 15.
159 664 279 695 Ἐδωκας
292 663 458 700 εὐφροσύνην
472 664 511 695 είς
522 664 571 699 τὴν
583 663 693 698 καρδίαν
707 671 769 700 μου.

676 671 693 690 ,ν
707 671 769 700 μου.
931 662 971 688 15.
991 660 1091 688 Dedisti
1107 660 1226 688 laetitiam
1238 661 1265 687 in
1278 660 1359 688 corde
1375 667 1434 687 meo

88 709 134 737 Η.
163 709 228 736 Ἀπὸ
245 709 350 745 καρποῦ
382 709 454 736 σίτου
465 730 472 742 ,
493 710 564 736 οἴνου
583 709 670 745 [σίτου
683 709 732 738 καὶ
748 709 838 746 οἴνου(

927 708 970 735 14.
992 707 1013 734 Δ
1034 707 1124 734 fructu
1137 706 1277 739 frumenti,
1295 707 1350 734 vini
1365 706 1505 743 [frumenti
1518 711 1544 734 et
1559 705 1627 742 vini]
1649 700 1676 733 ει

48 756 100 782 καὶ
117 754 207 782 ἐλαίου
222 755 311 782 αὐτῶν
322 755 540 791 ὲπληθύνθησαν.

519 765 540 783 v.
892 754 943 781 olei
959 753 999 781 sui
1016 754 1186 788 multiplicati
1204 758 1277 781 sunt.

86 801 132 828 15.
161 800 205 828 Ἐν
225 802 320 837 είρήνῃ
346 802 392 828 ἐπὶ
414 802 445 828 τὸ
469 802 534 829 αὐτὸ
559 802 761 839 κοιμηθήσομαι
793 803 840 828 καὶ

929 799 971 826 15.
990 798 1019 826 ln
1033 806 1099 834 pace
1114 799 1140 826 in
1158 799 1277 835 idipsum
1293 799 1427 827 dormiam
1448 803 1474 826 et
1492 799 1673 833 requiescam.

47 847 181 874 ὑπνώσω.
1170 844 1173 849 1

86 892 130 920 16.
155 893 217 919 Ὀτι
232 894 275 934 οἱ),
288 893 389 929 Κύριε,
412 893 568 930 καταμόνας
589 894 632 920 ἐπ’
651 893 740 920 ἑλπίδι
772 903 837 920 κατ-

930 890 971 917 18.
986 890 1121 923 Quoniam
1149 895 1196 924 tu,
1223 891 1348 924 Domine,
1378 891 1552 927 singulariter
1574 891 1601 918 in
1628 898 1675 926 spe

46 938 155 973 ᾠκισάς
169 947 214 974 με.

891 935 1056 964 constituisl
1074 943 1125 964 me.

46 996 103 1028 Εις
121 995 153 1022 τὸ
168 995 265 1029 τέλος,
277 995 353 1030 ὑπὲρ
373 995 430 1030 τῆς
449 996 707 1031 κληρονομούσης,
720 996 804 1030 ψαλμ

931 992 963 1021 In
977 995 1066 1029 ﬁnem,
1082 1003 1128 1028 pro
1144 1001 1175 1020 eu
1191 1001 1249 1029 qua:
1263 995 1444 1021 nwreditatem
1457 996 1633 1028 consequitur,

288 1041 327 1074 τῷ
342 1041 440 1068 Δαϐίδ.
466 1043 550 1069 ΨΑΛ.
570 1041 610 1069 E'.

1083 1039 1198 1074 psalmus
1213 1039 1309 1068 David.
1324 1039 1423 1066 PSAL.
1447 1038 1475 1067 ν.

87 1086 113 1113 1.
134 1086 175 1113 Τὰ
189 1087 299 1122 ῥήματά
320 1095 370 1122 μου
390 1087 527 1118 ἐνώτισαι,
543 1087 628 1122 Κύριε
640 1094 646 1102 '

929 1085 956 1112 1.
974 1084 1059 1112 Verba
1075 1093 1135 1112 mea
1148 1086 1262 1113 auribus
1280 1086 1400 1121 percipe,
1414 1085 1545 1119 Domine;

86 1132 113 1159 2.
134 1132 218 1164 Σύνες
236 1133 286 1169 τῆς
307 1133 429 1168 κραυγῆς
450 1133 560 1169 μου
580 1134 687 1169 κραυγῇ
703 1133 782 1169 μου]-

617 1134 687 1169 αυγῇ
703 1133 782 1169 μου]·
926 1131 953 1158 2.
971 1131 1090 1167 lntellige
1101 1131 1246 1159 clamorem
1264 1139 1352 1158 meum
1367 1139 1375 1163 ς

86 1178 114 1206 5.
134 1178 257 1214 Πρόσχες
273 1179 306 1214 τῇ
330 1180 403 1214 φωνῇ
420 1178 469 1213 τῆς
485 1178 603 1214 δεήσεώς
618 1188 679 1214 μου,

632 1188 679 1213 LOU,
927 1178 954 1205 5.
974 1177 1084 1205 Intende
1094 1179 1153 1206 voci
1167 1177 1299 1205 orationis
1315 1185 1390 1210 meae,

87 1223 114 1250 Α.
139 1224 167 1250 ’0
183 1223 310 1258 βασιλεύς
327 1233 377 1259 μου
393 1225 440 1251 κα)⁸
459 1226 473 1251 ὁ
485 1224 552 1256 Θεός
569 1233 630 1259 μου.

599 1234 630 1251 ιυ.
928 1224 953 1251 ι.
971 1224 1027 1251 Rex
1038 1231 1125 1257 meus,
1141 1228 1168 1251 et
1184 1223 1255 1251 Deus
1271 1231 1357 1252 meus.

86 1271 114 1298 5.
136 1271 195 1298 Ὅτι
212 1272 280 1307 πρὸς
299 1272 328 1298 σὲ
347 1271 542 1308 προσεύξομαι,
562 1271 664 1308 Κύριεσ

918 1271 952 1298 15.
968 1269 1101 1303 Quoniam
1118 1269 1151 1297 ad
1173 1273 1198 1297 te
1211 1270 1306 1303 orabo,
1323 1269 1445 1304 Domine,

86 1315 113 1344 6.
133 1317 171 1344 Τὺ
189 1316 261 1352 πρωῒ
276 1317 423 1354 εἰσακούσῃ
441 1317 491 1352 τῆς
509 1317 601 1352 φωνῆς
619 1326 679 1353 μου.

654 1326 679 1345 υ.
927 1315 953 1343 6.
970 1315 1048 1344 Mane
1058 1316 1188 1343 exaudies
1204 1323 1299 1344 vacem
1311 1324 1410 1344 meam.

616 1393 803 1422 ATIIANASII
824 1392 1114 1422 lNTERPRETATlO.

85 1471 113 1498 7.
136 1471 249 1503 Οὐδενὸς
273 1471 311 1506 (1)
333 1471 388 1506 γὰρ
406 1472 514 1507 παρορᾷ
533 1471 587 1498 τῶν
605 1470 837 1503 ὰναστεναζόντων

925 1471 951 1499 7.
973 1470 1114 1498 Neminem
1132 1471 1204 1498 enim
1228 1471 1343 1506 despicit
1366 1478 1462 1499 eorum
1483 1471 1530 1507 qui
1552 1471 1586 1500 ad
1614 1478 1677 1500 eum

46 1517 120 1551 πρὸς
133 1517 222 1544 αὐτόν.

889 1518 1080 1552 ingemiscunt.

86 1564 114 1596 8,
135 1563 161 1591 9.
188 1564 219 1590 Ὁ
232 1563 319 1597 ἡλιοτ-
332 1563 371 1597 ui;
384 1563 525 1591 ἐπιδυέτω
537 1564 587 1590 ἐπὶ
595 1563 635 1596 τῷ
646 1562 837 1598 παροργισμῷ

765 1562 837 1598 ισμῷ
925 1563 952 1595 8,
970 1563 997 1590 9.
1018 1563 1064 1590 Sol
1076 1571 1129 1590 non
1144 1563 1246 1590 occidat
1259 1571 1338 1597 super
1349 1571 1391 1590 ira
1402 1567 1490 1590 vestra
1502 1563 1523 1579 "

47 1608 146 1644 ὑμῶν.

89 1656 134 1684 10.
154 1655 276 1689 Εὔξασθε
296 1656 343 1683 καὶ
358 1656 459 1690 ψάλατε
473 1657 502 1682 ὲν
516 1656 615 1691 καρδίᾳ
631 1656 749 1693 καθαρᾷ.

650 1656 749 1693 αθαρᾷ.
928 1652 972 1681 10.
985 1651 1067 1681 Orate
1079 1657 1106 1681 et
1117 1652 1222 1688 psallite
1232 1653 1314 1680 corde
1327 1660 1406 1687 puro.

89 1702 102 1729 1
111 1704 132 1728 Ι.
145 1703 196 1728 Τὸν
207 1702 308 1738 Κύριόν
318 1711 363 1728 σου
374 1702 424 1737 (‘2),
433 1703 518 1729 καὶτὸ
527 1702 639 1738 Πνεῦμά
650 1711 696 1729 σου
705 1703 736 1729 τὸ
749 1703 836 1737 ἆγιον.

925 1699 970 1726 11.
984 1699 1082 1727 Filium
1096 1704 1172 1727 tuum
1187 1704 1215 1726 et
1229 1699 1359 1734 Spiritum
1376 1703 1452 1726 tuum
1467 1702 1603 1726 sanctum.

89 1748 133 1776 η.
160 1748 299 1784 Ἐγνώσϐη
313 1749 342 1775 ὲν
358 1749 424 1783 ἡμῖν
440 1749 454 1775 ὁ
470 1748 533 1780 Υἱός
550 1756 609 1781 σου,
630 1747 727 1784 Κύριε.

927 1745 972 1772 12.
986 1744 1175 1772 Manifestatus
1185 1748 1227 1772 est
1240 1745 1266 1771 in
1276 1744 1354 1772 nobis
1367 1743 1452 1771 Filius
1463 1747 1540 1775 tuus,
1550 1741 1674 1770 Domine.

90 1795 135 1822 15.
155 1795 191 1820 Τὸ
206 1795 319 1830 Πνεῦμὰ
334 1803 381 1821 σου
396 1794 470 1828 λέγει
483 1795 514 1821 τὸ
529 1794 617 1828 ἅγιον.

928 1791 973 1818 15.
989 1789 1118 1826 Spiritum
1131 1795 1207 1818 tuum
1220 1794 1357 1821 sanctum,
1369 1790 1417 1817 ait.

88 1840 132 1867 11».
156 1841 204 1867 Ἐκ
227 1841 275 1867 τοῦ
302 1840 463 1876 ἐπουρανίου
486 1841 587 1876 ἄρτου,
615 1842 663 1868 καὶ
686 1841 769 1873 οἴνου,
793 1841 839 1868 καὶ

934 1837 975 1864 14.
991 1836 1028 1864 Ex
1044 1836 1231 1872 supercoelesti
1252 1843 1332 1871 pane,
1346 1839 1373 1863 et
1386 1836 1461 1866 vino,
1480 1837 1507 1861 et
1522 1833 1610 1868 gratia
1625 1831 1678 1860 Pa-

46 1885 100 1921 τῆς
114 1885 224 1921 χάριτος
236 1885 283 1912 τοῦ
300 1886 407 1920 [ἰατρὸς
422 1886 460 1922 (ὃ)
475 1886 521 1914 τοῦ
536 1887 626 1921 ἁγίου.

300 1886 407 1920 [ἰατρὸς
422 1886 460 1922 (ὃ)
475 1886 521 1914 τοῦ
536 1887 626 1921 ἁγίου.
893 1885 943 1913 tris
953 1883 1051 1912 sancti.

88 1932 131 1959 15.
157 1932 374 1968 Ἀναπαύσομαι,
389 1933 473 1967 λέγει.

927 1931 971 1959 15.
990 1930 1180 1965 Requiescam,
1194 1929 1259 1957 dicit

86 1977 129 2005 16.
145 1978 181 2005 Σὺ
198 1978 278 2014 μόνος
292 1979 448 2014 κατῴκισάς
465 1988 498 2015 με
512 1980 540 2006 ἐν
552 1980 585 2014 τῇ
599 1978 722 2015 βασιλείᾳ
737 1987 794 2006 σου.

926 1977 970 2004 16.
986 1977 1026 2003 'l‘u
1038 1976 1114 2004 solus
1128 1975 1250 2003 habitare
1264 1982 1307 2002 me
1320 1973 1408 2001 fecisti
1420 1973 1447 2001 in
1465 1979 1548 2008 regno
1566 1975 1622 1999 tuo.

92 2056 125 2082 Ἡ
143 2056 190 2083 τοῦ
205 2055 312 2092 ψαλμοῦ
331 2056 496 2092 προκειμένη
510 2056 651 2092 ἐπιγραφὴ
664 2057 680 2091 ἡ
698 2055 742 2082 διὰ
755 2055 807 2091 τῆς
820 2054 1004 2090 κινναϐάρεως
1018 2053 1139 2089 περιέχει
1150 2060 1156 2067 ’
1172 2053 1224 2085 El;-
1237 2051 1270 2078 τὸ
1289 2051 1385 2084 τέλος,
1402 2050 1478 2085 ὑπὲρ
1498 2049 1553 2084 τῆς
1567 2050 1676 2083 κληρο-

47 2102 214 2136 νομούσης,
230 2103 352 2137 ψαλμὸς
363 2102 402 2134 τῷ
417 2102 517 2130 Δαυΐδ.
533 2102 633 2129 Τοῦτον
646 2100 691 2129 οὖν
706 2102 742 2138 (4)
755 2102 824 2138 ὑπὲρ
840 2102 889 2137 τῆς
909 2101 1070 2136 Ἑκκλησίας
1083 2099 1157 2134 λέγει
1170 2099 1216 2125 τὸν
1229 2098 1335 2134 ψαλμὸν
1347 2097 1396 2132 τῆς
1414 2096 1563 2132 μελλούσης
1576 2095 1676 2130 κληρο-

47 2151 141 2184 νομεῖν
155 2148 205 2183 τὴν
225 2148 362 2183 βασιλείαν
379 2148 433 2175 τῶν
448 2147 582 2182 οὐρανῶν.
604 2148 685 2183 Λέγει
700 2148 728 2174 δὲ
743 2148 796 2174 τὸν
804 2146 926 2182 ψαλμὸν
942 2146 981 2180 τῷ
992 2145 1091 2179 Δαυῒδ,
1105 2145 1176 2179 λέγω
1191 2144 1223 2181 δὴ
1243 2144 1281 2179 τῷ
1297 2143 1354 2180 Υίῷ
1372 2143 1418 2170 τοῦ
1433 2141 1512 2170 Θεοῦ.
1529 2141 1609 2168 Δαυῒδ
1622 2140 1678 2178 γὰρ

49 2194 231 2230 ἑρμηνεύεται
246 2192 335 2227 οὗτος
352 2194 516 2229 ἀγαπητὸς,
533 2194 602 2230 ὅπερ
616 2193 714 2230 ἐλέχθη
729 2193 781 2220 ὑπὸ
798 2193 845 2220 τοῦ
864 2193 969 2229 Πατρὸς
984 2193 1030 2219 τὸν
1044 2192 1081 2228 (5)
1098 2191 1229 2228 μονογενῆ
1246 2190 1320 2217 Υίόν.

83 2251 201 2284 Titulus,
216 2251 262 2286 qui
277 2251 383 2286 psalmo
397 2252 582 2286 praemittitur,
590 2251 733 2279 cinnabari
747 2251 878 2286 scriptus,
893 2251 1017 2278 continet
1030 2259 1036 2277 :
1054 2249 1089 2276 In
1103 2249 1193 2284 finem,
1209 2256 1256 2283 pro
1269 2255 1300 2274 ea
1318 2255 1375 2282 qua:
1390 2246 1569 2274 [nereditatem
1587 2251 1677 2271 conse-

48 2298 151 2332 quitur,
169 2297 285 2332 psalmus
297 2297 394 2325 David.
409 2297 488 2324 Hunc
508 2296 590 2332 igitur
606 2297 741 2331 psalmum
765 2296 831 2324 dicit
849 2304 898 2331 pro
912 2295 1046 2327 Ecclesia,
1066 2302 1128 2330 qua:
1147 2293 1238 2320 futura
1260 2298 1302 2322 est
1324 2293 1411 2320 hmres
1432 2291 1508 2327 regni
1532 2290 1675 2319 caelorum.

47 2343 153 2371 Dicitur
166 2349 257 2371 autem
270 2353 275 2370 :
290 2343 415 2372 Pealmus
428 2344 525 2377 David,
540 2342 647 2371 scilicet
659 2342 708 2371 Dei
719 2343 802 2371 Filio.
820 2342 904 2370 David
917 2342 990 2370 enim
1008 2342 1219 2376 interpretatur:
1233 2338 1285 2365 llic
1296 2338 1418 2370 dilectus,
1428 2338 1500 2372 quod
1513 2338 1615 2365 dictum
1635 2341 1676 2365 est

51 2398 66 2417 a
79 2389 161 2418 Patre
175 2390 208 2417 ad
222 2389 321 2418 Filium
337 2399 418 2419 suum
434 2390 605 2425 unigenitum
622 2389 655 2418 ιδ.

88 2469 114 2496 1.
125 2469 330 2496 Εἰσελεύσονται
342 2468 377 2495 τὰ
387 2469 420 2504 ρή
426 2469 498 2504 ματά
508 2478 558 2504 μου
568 2469 609 2500 είς
620 2467 670 2500 τὰς
682 2467 766 2498 ἀκοάς
781 2475 838 2494 σου.

812 2475 838 2494 υ.
855 2469 876 2496 D
928 2466 953 2494 1.
971 2465 1160 2501 lngrediantur
1176 2475 1256 2494 verna
1270 2475 1329 2494 mea
1345 2468 1372 2494 in
1389 2474 1469 2494 aures
1488 2471 1569 2494 tuas:

86 2515 147 2542 2-4.
175 2515 316 2551 ’Δνάκρινε
334 2515 368 2542 τὰ
383 2515 597 2551 προσφερόμενά
622 2523 663 2541 σοι
677 2515 741 2550 παρ’
754 2512 836 2548 ἐμοῦ·

799 2512 836 2539 ιῦ·
927 2513 987 2539 2-1.
1003 2512 1141 2547 Expende,
1159 2520 1220 2548 quae
1236 2513 1283 2541 tibi
1297 2521 1312 2540 a
1325 2521 1369 2541 me
1384 2513 1534 2540 afferuntur
1550 2521 1557 2545 ;

84 2560 111 2588 5.
133 2561 193 2588 Ὅτι
207 2569 248 2587 σοι
263 2561 351 2596 μέλλω
363 2561 514 2597 προσιέναι.

927 2558 953 2585 5.
967 2557 1101 2591 Quoniam
1117 2559 1149 2586 ad
1163 2564 1189 2586 te
1201 2567 1364 2587 accessurus
1378 2567 1449 2586 sum.

84 2606 112 2634 6.
140 2606 183 2633 Ἐν
193 2607 232 2642 τῷ
249 2607 386 2634 ἀνατεῖλαι
400 2607 430 2633 τὸ
441 2606 498 2641 φῶς
510 2615 556 2633 σου
565 2607 594 2633 ὲν
603 2607 634 2642 τῇ
648 2605 746 2641 καρδία
768 2613 818 2640 μου

733 2614 746 2641 ξι
768 2613 818 2640 μου
928 2603 954 2631 6.
972 2603 1041 2631 Cum
1052 2604 1156 2631 orietur
1172 2604 1217 2631 lux
1232 2609 1279 2632 tua
1295 2604 1324 2632 in
1338 2604 1419 2632 corde
1430 2610 1491 2630 meo

88 2664 111 2681 ¹⁸
119 2664 219 2700 Ephes.
238 2673 274 2699 Iv,
288 2666 335 2694 26.
369 2666 391 2682 ¹⁴
408 2665 502 2694 Matth.
518 2675 560 2699 Ill,
575 2666 623 2698 17',
638 2673 706 2697 xvu,
722 2665 753 2698 5;
770 2663 792 2690 ll
809 2663 882 2692 Petr.
900 2671 920 2696 l,
938 2663 980 2691 17.

526 2723 679 2755 Addenda
694 2726 725 2754 et
741 2721 929 2761 corrigenda
957 2729 997 2751 ex
1012 2720 1082 2752 cod.
1100 2721 1201 2752 Valic.

32 2798 35 2801 -
86 2784 124 2853 (1)
142 2783 255 2811 Οὐδένα.
926 2781 965 2818 (4)
986 2783 1070 2810 Τοῦτο
1083 2780 1131 2810 οὖν
1143 2784 1210 2810 ἐστι.

96 2819 113 2846 2
144 2819 208 2845 Υίόν
225 2827 283 2846 σου.
928 2817 966 2853 (5)
987 2818 1143 2853 Πνεύματος
1159 2820 1198 2850 εἰς

96 2817 124 2853 2)
144 2819 208 2845 Υίόν
225 2827 283 2846 σου.
928 2817 966 2854 (5)
987 2818 1143 2854 Πνεύματος
1159 2820 1198 2850 εἰς
1212 2817 1267 2845 τόν.

87 2854 125 2886 (ὅ)
145 2854 313 2887 Πνεύματος.
