1919 3051
240 177 294 208 665

278 237 303 264 7.
320 236 397 264 Mane
409 237 503 265 astabo
520 237 578 271 tibi,
589 243 615 265 et
628 239 728 274 videbis
744 248 799 273 me,

280 284 307 310 8.
324 282 457 316 Quoniam
474 291 528 310 non
545 283 616 311 Deus
632 285 726 313 volens
738 286 907 321 iniquitatem
921 292 949 315 tu
964 295 1003 316 es.

278 330 305 358 9.
317 329 410 364 Nequ'e
426 330 557 358 habitabit
567 331 645 365 juxta
661 336 686 358 te
701 332 846 367 malignus,

279 374 322 401 10.
335 373 428 410 Neque
443 375 638 409 permanebunt
649 376 743 411 injusti
763 382 824 404 ante
838 379 933 406 oculos
950 383 1022 406 tuos.

283 464 326 491 11.
343 463 428 492 Odisti
442 472 537 493 omnes
554 466 601 501 qui
614 471 760 501 operantur
775 466 956 502 iniquitatem,

278 557 322 586 12.
332 556 432 584 Perdes
450 564 548 585 omnes
559 557 605 592 qui
621 557 768 592 loquuntur
786 566 969 588 meneactum.

276 603 320 631 15.
339 602 432 630 Virum
452 603 615 639 sanguinum
637 609 664 631 et
678 604 803 632 dolosum
821 605 1024 633 abominabitur

241 648 381 676 Dominus.

276 694 318 721 M.
336 687 392 729 Ego
406 699 497 722 autem
516 695 545 722 in
566 695 738 722 multitudine
752 695 946 724 misericordia).
969 701 1024 725 tua!

241 740 360 767 introibo
375 740 401 767 in
418 740 528 767 domum
547 747 637 773 tuam,

277 785 322 813 l5.
335 785 461 813 Adurabo
476 785 509 813 ad
518 786 647 821 templum
657 790 782 815 sanctum
793 791 869 815 tuum
885 788 912 815 in
926 788 1024 816 timore

242 837 299 861 tuo.

278 878 322 906 16.
340 878 464 910 Domine,
481 878 568 906 deduc
584 886 627 905 me
648 878 675 905 in
696 878 801 914 justitia
813 882 859 906 tua
875 888 883 907 ε

666 181 694 209 S.
715 182 900 212 ATHANASII
919 183 995 212 OPP.
1014 184 1103 213 PARS
1121 184 1164 212 lli.
1180 200 1215 206 —
1233 182 1437 210 EXEGETICA.

1804 179 1863 205 66w

1034 246 1060 274 Α
1109 243 1134 270 7,
1151 243 1187 269 Τὸ
1201 242 1274 278 πρωῒ
1289 241 1501 277 παραστήσομαι
1518 249 1569 273 σοι,
1584 241 1631 266 καὶ
1645 239 1743 273 ὲπὸψει
1762 247 1798 273 με,

1111 288 1136 316 8.
1151 289 1211 314 Ὅτι
1227 288 1287 323 οὑχὶ
1301 288 1366 319 Θεὸς
1380 288 1462 314 θέλων
1479 287 1592 322 ἀνομίαν
1606 286 1638 312 σὺ
1652 294 1687 312 ει.

1110 334 1137 362 9.
1153 335 1190 360 οὐ
1206 334 1365 370 παροικήσει
1380 342 1420 360 σοι
1438 333 1664 368 πονηρευόμενος,

1113 381 1156 408 10.
1175 380 1241 407 οὐδὲ
1270 380 1425 415 διαμενοῦσι
1449 379 1601 414 παράνομοι
1630 377 1776 403 κατέναντι
1804 373 1864 400 τῶν

1075 425 1219 461 ὀφθαλμῶν
1238 434 1294 452 σου.

1112 472 1155 499 11.
1179 471 1328 506 Ἑμίσησας
1338 471 1441 502 πάντας
1450 471 1512 502 τοὺς
1530 468 1728 505 ἐργαζομένους
1738 467 1787 501 τὴν
1800 468 1863 493 ἀνο-

1076 517 1152 553 μίαν,

1113 562 1156 589 12.
1178 562 1300 594 Ἀπολεῖς
1313 563 1416 592 πάντας
1426 562 1487 592 τοὺς
1501 559 1647 590 λαλοῦντας
1663 559 1694 585 τδ
1705 558 1814 594 ψεῦδος.

1111 608 1154 635 15.
1171 607 1273 643 ’Ἄνδρα
1296 607 1420 642 αἱμάτων
1435 606 1482 632 καὶ
1500 605 1584 631 δόλιον
1610 603 1786 639 βδελύσσεται
1803 602 1864 629 Κύ-

1094 663 1141 686 ιος.

1075 663 1154 726 ριίςλ.
1181 699 1251 733 Ἐγὼ
1263 699 1292 726 δὲ
1306 699 1335 725 ἐν
1345 698 1385 734 τῷ
1395 697 1492 734 πλήθει
1503 697 1550 724 τοῦ
1570 697 1661 728 ἐλέους
1679 704 1726 722 σου
1743 695 1865 722 είσελεῦα

1075 754 1156 781 σομαι
1172 746 1212 777 είς
1223 745 1268 772 τὸν
1281 743 1353 772 οἶκόν
1366 753 1423 776 σου,

1110 791 1154 818 15.
1170 792 1352 827 Προσκυνήσω
1364 791 1432 826 πρὸς
1441 790 1504 817 ναὸν
1513 789 1589 824 ἆγιόν
1601 797 1646 815 σου
1664 789 1693 815 ἐν
1711 788 1788 823 φόϐῳ
1803 796 1863 814 σου.

1075 881 1087 909 ἶ
1109 879 1151 906 16.
1167 879 1264 914 Κύριε,
1279 880 1411 915 ὁδήγησὸν
1427 888 1459 915 με
1476 880 1505 906 ὲν
1517 880 1551 914 τῇ
1567 879 1723 914 δικαιοσύνῃ
1741 887 1790 905 σου

278 925 321 953 17.
336 924 448 959 Propter
463 925 589 952 inimicos
612 933 688 952 meos
712 925 798 961 dirige
821 925 848 952 in
876 915 1050 961 conspectu1

1110 925 1153 951 17.
1173 926 1273 951 Ἕνεκα
1294 925 1346 952 τῶν
1359 925 1462 961 ἐχθρῶν
1491 934 1541 960 μου
1564 924 1729 952 κατεύθυνον
1746 923 1868 950 ὲνώπιάν

243 977 290 999 tuo
304 971 375 998 viam
391 978 490 998 meam.

277 1017 320 1045 18.
333 1017 468 1050 Quoniam
479 1026 533 1045 non
549 1022 591 1045 est
608 1018 636 1044 in
649 1025 696 1045 ore
710 1025 803 1046 eorum
818 1018 937 1052 veritas;

278 1063 322 1090 19.
333 1063 386 1090 Cor
399 1070 494 1090 eorum
509 1070 608 1090 vanum
620 1067 673 1090 est.

277 1109 322 1137 20.
336 1110 495 1144 Sepulcrum
508 1113 604 1144 patens
619 1113 660 1136 est
675 1113 767 1144 guttur
780 1116 875 1137 eorum
889 1116 894 1123 '

277 1156 322 1184 21.
340 1155 452 1191 Linguis
467 1156 524 1184 suis
537 1156 632 1183 dolose
643 1155 768 1189 agebant.

276 1201 320 1228 2‘2.
335 1201 431 1228 Judica
446 1201 519 1234 illos,
531 1200 611 1228 Deus.

277 1247 322 1275 23.
337 1247 466 1274 Decidant
477 1255 492 1274 a
508 1246 716 1282 cogitationibus
729 1246 787 1273 suis
801 1255 808 1277 ;

276 1293 322 1320 24.
342 1291 496 1320 Secundum
510 1292 712 1320 multitudinem
736 1292 904 1327 impietatum
929 1299 1023 1320 eorum

242 1337 346 1373 expelle
357 1345 404 1365 eos
417 1346 425 1369 ;

277 1383 322 1410 25.
339 1382 474 1416 Quoniam
487 1382 662 1410 irritaverunt
676 1385 711 1415 te,
724 1382 848 1409 Domine.

1076 978 1122 996 σου
1133 970 1181 1006 τὴν
1196 970 1254 997 ὁδόν
1268 979 1329 1005 μου.

1111 1016 1154 1043 18.
1171 1016 1231 1042 Ὀτι
1247 1017 1296 1042 οὐκ
1308 1016 1381 1043 ἐστιν
1392 1016 1420 1043 ὲν
1438 1015 1478 1051 τῷ
1491 1015 1605 1052 στόματι
1615 1016 1705 1043 αὐτῶν
1717 1015 1854 1051 ἀλήθειιν

1111 1062 1153 1090 19.
1175 1061 1207 1088 Ἡ
1219 1061 1317 1097 καρδία
1330 1062 1419 1088 αὐτῶν
1436 1062 1549 1097 ματαία.

1111 1107 1157 1135 20.
1173 1108 1263 1142 Τάφος
1280 1107 1451 1143 ἀνεῳγμένος
1464 1109 1478 1134 ὁ
1491 1107 1594 1143 λάρυγξ
1607 1108 1697 1135 αὐτῶν
1706 1118 1712 1124 ³

1112 1152 1157 1179 21.
1176 1152 1242 1183 Ταῖς
1253 1151 1389 1186 γλώσσαις
1402 1152 1492 1179 αὐτῶν
1507 1153 1668 1180 ἐδολιοῦσαν.

1111 1197 1157 1224 22.
1175 1198 1275 1233 Κρίνον
1291 1198 1400 1231 αὐτοὺς,
1417 1199 1431 1224 ὁ
1445 1197 1521 1230 Θεός.

1113 1243 1158 1270 25.
1183 1243 1411 1270 Ἀποπεσάτωσαν
1422 1243 1476 1270 ἀπὸ
1490 1243 1544 1270 τῶν
1559 1244 1718 1271 διαϐουλιῶν
1731 1245 1827 1272 αὐτῶν
1836 1256 1843 1262 ·

1110 1288 1155 1315 24.
1173 1287 1251 1315 Κατὰ
1267 1288 1297 1315 τὸ
1311 1289 1412 1324 πλῆθος
1428 1290 1482 1315 τῶν
1498 1290 1628 1316 ἀσεϐειῶν
1648 1291 1740 1318 αὐτῶν
1764 1291 1870 1324 ἔζωσαν

1079 1335 1176 1367 αὐτούς
1184 1343 1191 1350 ⁸

1113 1381 1156 1408 25.
1175 1381 1236 1408 Ὅτι
1250 1381 1455 1418 παρεπίκρανάν
1469 1390 1508 1415 σε,
1521 1383 1616 1418 Κύριε.

798 1427 984 1455 ATHANASH
1005 1427 1302 1455 INTERPRETATIO.

276 1473 304 1501 7.
319 1474 387 1501 Cum
400 1481 494 1501 omnes
508 1474 633 1501 tenebras
655 1470 793 1508 dispulero
823 1481 838 1500 a
865 1481 919 1506 me,
944 1474 1023 1509 cujus

242 1520 327 1556 gratia
347 1527 390 1546 me
417 1519 465 1546 tibi
486 1520 591 1551 sistam,
608 1523 634 1546 et
650 1523 714 1546 tunc
727 1527 770 1546 me
781 1518 922 1554 inspicies.

1108 1473 1134 1500 7.
1154 1473 1218 1500 Ὅτε
1250 1475 1340 1501 πᾶσαν
1365 1475 1474 1501 σκοτίαν
1495 1476 1624 1502 ἀπελάσω
1644 1476 1692 1503 ἀπ’
1717 1476 1803 1512 ἐμοῦ,
1820 1476 1871 1504 τοῦ

1076 1520 1286 1555 παραστήσομαί
1301 1528 1342 1546 σοι
1355 1519 1404 1554 (Ι),
1418 1520 1464 1547 καὶ
1479 1521 1538 1547 τότε
1550 1521 1644 1556 smper
1662 1530 1706 1557 με.

277 1565 303 1593 8.
317 1565 376 1593 Non
389 1565 461 1597 enim
477 1570 505 1592 tu
513 1565 620 1593 esDeus
633 1565 748 1592 libenter
764 1565 859 1593 videns
873 1566 1024 1593 tenebrico-
1038 1581 1050 1610 ί

1112 1566 1137 1593 8.
1153 1566 1189 1592 Οὺ
1206 1565 1260 1601 γὰρ
1274 1563 1299 1592 εἶ
1314 1567 1328 1592 ὁ
1343 1566 1381 1601 (2)
1395 1566 1461 1598 Θεὸς
1480 1567 1563 1602 ἡδέως
1574 1567 1644 1602 ὁρῶν
1660 1568 1803 1600 σκοτεινὰς
1824 1570 1872 1595 ὲν-

242 1621 287 1642 sas
297 1613 476 1648 cogitationes
488 1613 515 1640 in
529 1612 611 1640 corde
621 1611 750 1639 hominis.

276 1660 303 1688 9.
320 1659 380 1687 Non
403 1659 456 1687 erit
478 1659 526 1686 tibi
554 1659 678 1692 amicus,
699 1657 747 1693 qui
774 1657 823 1685 tibi
845 1657 976 1685 benevolo
1000 1662 1027 1685 et

242 1705 344 1733 mundo
359 1705 441 1733 corde
457 1713 512 1732 non
527 1704 621 1732 servit.

280 1752 323 1778 10.
342 1749 400 1778 Νοη
415 1750 487 1778 enim
514 1750 589 1785 digiti
611 1750 818 1778 mstimabuntur
834 1749 927 1784 injusti
955 1755 1028 1777 stare

243 1806 335 1826 coram
351 1804 376 1825 te
391 1798 417 1825 in
435 1798 595 1825 aaternitate.

279 1844 322 1871 11.
343 1843 394 1876 Qui
408 1843 473 1871 facit
484 1849 634 1878 peccatum,
649 1848 676 1870 et
694 1843 854 1876 iniustitiam
869 1843 944 1870 facit.

281 1890 324 1917 12.
342 1890 473 1925 Projicies
490 1891 563 1918 enim
579 1898 627 1918 eos
643 1891 670 1917 in
685 1891 786 1925 ignem,
809 1889 857 1917 ubi
878 1894 919 1918 est
933 1890 1028 1917 diabo-

245 1936 288 1963 lus
299 1940 374 1970 pater
386 1936 531 1963 mendacii.

281 1982 325 2009 15.
336 1981 372 2009 De
381 1981 467 2009 Caino
478 1981 610 2016 loquitur,
619 1981 687 2008 et'de
698 1981 874 2018 reliquisejus
883 1981 1027 2009 similibus.

282 2029 325 2056 11.
344 2027 373 2055 In
388 2035 535 2063 supernam
551 2026 711 2054 Jerusalem.

280 2074 324 2102 l5.
343 2075 371 2101 in
383 2073 567 2109 supercoalesti
584 2073 703 2100 civitate.

281 2121 323 2149 16.
338 2120 430 2148 Deduc
444 2127 487 2147 me
508 2120 535 2146 in
550 2119 619 2147 Filio
633 2123 690 2151 tuo,
703 2118 766 2153 quia
779 2119 824 2146 lux
840 2123 890 2146 est.

280 2166 323 2193 17.
340 2165 393 2193 Fac
411 2173 454 2192 me
469 2165 594 2191 incedere
604 2164 633 2191 in
644 2164 704 2191 luce
717 2168 762 2191 tua
777 2169 886 2199 propter
905 2164 1030 2192 inimicos

245 2220 331 2243 uicos,
347 2211 394 2246 qui
403 2211 522 2238 tenebrae
534 2214 607 2237 sunt.

282 2258 324 2285 18.
341 2257 370 2284 ln
387 2257 511 2284 doctrina
522 2264 634 2289 eorum;

281 2304 323 2330 19.
340 2302 473 2336 Cogitatio
490 2309 596 2329 eorum.

281 2349 324 2376 20.
341 2348 442 2376 Omnes
454 2349 525 2376 enim
539 2349 679 2382 devorant,
698 2348 745 2383 qui
760 2348 880 2383 peccatis
905 2348 1029 2376 moriun-

246 2399 273 2422 tu
278 2403 299 2422 Γ.

281 2442 325 2468 21.
341 2441 484 2468 Adulando
501 2441 646 2475 decipiunt.

278 2487 323 2519 2-2,
338 2487 383 2514 25.
400 2486 458 2514 Non
473 2487 616 2521 prmvaleat
631 2487 777 2515 consilium
791 2494 886 2515 eorum
896 2509 904 2520 ,

280 2533 325 2560 ‘24.
344 2533 579 2566 Quemadmodum
611 2533 718 2568 seipsos
742 2533 937 2568 elongaverunt
961 2539 977 2559 a
1005 2535 1031 2557 te

245 2584 369 2614 tempore
383 2579 443 2607 vitae
454 2587 510 2607 sum
523 2599 530 2611 ,
553 2579 589 2606 ita
607 2586 655 2606 eos
672 2579 774 2614 projice
787 2579 835 2606 abs
857 2582 881 2605 te
896 2578 922 2605 in
937 2584 1030 2604 resur-

247 2627 383 2659 ret-tione;

281 2673 325 2700 ‘25.
339 2673 475 2706 Quoniam
492 2673 615 2701 viventes
632 2673 807 2699 irritaverunt
817 2676 853 2698 te.

1077 1611 1208 1647 θυμήσεις
1226 1612 1254 1638 ἐν
1269 1612 1367 1648 καρδίᾳ
1380 1611 1484 1647 ἀνδρός.

1110 1658 1136 1685 9.
1152 1658 1208 1684 Οὐκ
1234 1658 1310 1684 ἔσται
1328 1667 1369 1684 σοι
1393 1659 1493 1690 οἰκεῖος
1514 1659 1528 1685 ὁ
1543 1659 1580 1694 μὴ
1599 1659 1729 1695 καθαρῶς
1746 1668 1788 1687 σοι
1805 1661 1872 1688 δου-

1077 1703 1162 1730 λεύων
1181 1704 1238 1738 μετ’
1252 1705 1365 1736 ἐννοίας.

1113 1749 1156 1776 10.
1175 1750 1212 1776 Οὺ
1240 1750 1294 1785 γὰρ
1326 1751 1522 1786 ἀξιωθήσονται
1547 1750 1732 1786 ἁτελευτήτως
1759 1752 1872 1779 ἱστάναι

1077 1795 1191 1822 ἐνώπιόν
1207 1804 1253 1822 σου
1271 1797 1434 1832 παράνομοι.

1112 1842 1155 1869 11.
1180 1842 1209 1868 '0
1226 1842 1309 1869 ποιῶν
1321 1843 1370 1878 τὴν
1386 1844 1522 1879 ἁμαρτίαν
1533 1844 1579 1870 καὶ
1591 1843 1640 1879 τὴν
1655 1843 1772 1879 ἀνομίαν
1781 1845 1867 1870 ποιεῖ.

1111 1887 1155 1914 12.
1173 1886 1269 1920 Βαλεῖς
1282 1888 1336 1924 γὰρ
1350 1889 1450 1920 αὖτοὺς
1463 1890 1502 1921 εἰς
1517 1889 1548 1915 τὸ
1562 1889 1627 1925 πῦρ,
1639 1888 1704 1916 ἔνθα
1717 1890 1731 1915 ὁ
1744 1889 1873 1921 διάϐολος

1077 1934 1091 1960 ὸ
1107 1933 1197 1969 πατὴρ
1208 1933 1254 1960 τοῦ
1267 1934 1392 1968 ψεύδους.

1113 1980 1156 2007 15.
1178 1980 1245 2015 Περὶ
1254 1980 1307 2006 τῶν
1316 1981 1386 2007 κατὰ
1397 1982 1442 2008 τὸν
1456 1982 1525 2009 Κὰῖν
1535 1982 1608 2016 λέγει
1623 1983 1671 2009 καὶ
1683 1982 1740 2009 τῶν
1755 1983 1871 2012 λοιπῶν.

1115 2024 1158 2052 14.
1173 2025 1219 2056 Εἰς
1236 2025 1284 2060 τὴν
1301 2026 1357 2052 ἄνω
1376 2026 1564 2062 Ἰερουσαλήμ.

1116 2071 1159 2097 15.
1178 2070 1225 2102 Εἰς
1242 2071 1292 2107 τὴν
1306 2072 1466 2107 ἐπουράνιον
1479 2073 1566 2099 πόλιν.

1115 2116 1159 2143 16.
1182 2116 1329 2152 Ὁδήγησόν
1345 2126 1378 2152 με
1392 2119 1421 2144 ὲν
1435 2118 1473 2152 τῷ
1486 2117 1543 2152 Υἰῷ
1557 2126 1613 2151 σου,
1629 2118 1670 2145 ὅτι
1687 2118 1748 2152 φῶς
1764 2120 1834 2146 ἐστι.

1117 2162 1160 2188 17.
1181 2162 1231 2189 Διὰ
1243 2163 1307 2195 τοὺς
1323 2163 1436 2199 ἐχθρούς
1452 2173 1502 2199 μου
1518 2165 1580 2195 τοὺς
1588 2164 1667 2196 ὄντας
1681 2165 1779 2198 σκότος
1791 2167 1822 2192 ἐν
1833 2166 1876 2202 τῷ

1082 2209 1151 2243 φωτί
1164 2218 1210 2236 σου
1231 2209 1396 2246 πορεύεσθαί
1415 2219 1449 2245 με
1465 2211 1586 2245 ποίησον.

1045 2259 1066 2286 D
1116 2255 1160 2282 18.
1180 2255 1224 2281 Ἐν
1238 2257 1271 2290 τῇ
1284 2255 1440 2291 διδασκαλίᾳ
1457 2256 1545 2283 αὐτῶν
1558 2266 1564 2272 ·

1118 2301 1160 2329 19.
1185 2302 1216 2327 ⁷11
1234 2301 1381 2338 ὲνθύμησις
1397 2303 1435 2337 (5)
1452 2303 1550 2330 αὐτῶν.

1117 2347 1161 2376 20.
1178 2348 1285 2380 Πάντας
1302 2348 1356 2383 γὰρ
1366 2350 1429 2381 τοὺς
1437 2351 1549 2385 νεκροὺς
1557 2350 1636 2382 ὂντας
1648 2353 1705 2383 τοῖς
1719 2353 1877 2388 παραπτώ-

1085 2402 1151 2429 μτιτι
1167 2394 1370 2421 καταπίνουσιν.

1117 2439 1161 2466 21.
1182 2440 1382 2472 Κολακεύοντες
1398 2441 1549 2469 ἀπατῶσιν,

1119 2484 1163 2516 22,
1180 2483 1226 2511 25.
1244 2485 1288 2519 Μὴ
1310 2485 1473 2520 ἰσχυσάτωή
1490 2486 1572 2522 βουλὴ
1592 2487 1696 2514 αὐτῶν·

1115 2530 1159 2556 24.
1172 2530 1271 2562 Καθὼς
1297 2530 1410 2563 ἑαυτοὺς
1439 2533 1596 2568 ἐμάκρυναν
1613 2534 1666 2560 ἀπὸ
1691 2533 1739 2561 σοῦ
1768 2534 1798 2560 ὲν
1834 2534 1876 2570 τῷ

1083 2575 1171 2611 καιρῷ
1181 2575 1231 2610 τῆς
1244 2575 1316 2612 ζωῆς
1327 2578 1426 2610 αὐτῶν,
1440 2579 1525 2611 οὕτως
1538 2579 1636 2611 αὐτοὺς
1648 2580 1801 2615 ἀπόρριψον
1819 2582 1876 2608 ἀπὸ

1085 2622 1130 2648 σοῦ
1143 2623 1169 2649 ἐν
1183 2624 1216 2658 τῇ
1230 2623 1374 2649 ἀναστάσει
1388 2632 1394 2638 ·

1119 2668 1162 2694 25.
1179 2668 1240 2695 Ὅτι
1259 2670 1467 2706 παρεπίκραναν
1484 2680 1513 2698 σε
1527 2673 1557 2699 ἐν
1573 2674 1604 2708 τῇ
1617 2673 1673 2709 ζωῇ
1690 2672 1788 2700 αὐτῶν.

720 2770 871 2801 Addenda
895 2774 926 2801 et
947 2768 1135 2808 corrigenda
1150 2776 1188 2798 ex
1203 2768 1273 2799 cod.
1290 2768 1390 2799 Vatic.

284 2850 321 2884 (1)
335 2851 402 2885 Παρ*
415 2850 534 2884 ἐμαυτοῦ
551 2850 761 2886 παραστήσομαι
781 2858 833 2878 σοι.

285 2886 322 2920 (2)
337 2886 394 2914 Art.
411 2886 519 2914 bdeest.

1120 2849 1159 2885 (5)
1175 2850 1207 2876 Αἱ
1221 2850 1393 2887 ἐνθυμήσεις.
