1919 3051
51 177 100 206 ωδ
524 176 569 202 DE
590 175 729 205 TlTUUS
745 174 971 203 PSALMORUM.
989 188 1023 194 ——
1039 173 1137 201 PSAL.
1158 173 1202 200 Vl.
1614 169 1665 199 {‘66

83 235 126 264 26.
142 235 198 262 Καὶ
210 233 425 270 εὐφρανθείησαν
436 234 689 272 [εὐφρανθήτωσαν]
702 235 800 267 πάντες
809 237 828 262 oi

917 235 962 262 26.
978 234 1011 260 Et
1023 234 1145 260 laetentur
1156 239 1252 259 omnes
1267 231 1314 266 qui
1326 235 1438 265 sperant
1453 230 1479 257 in
1498 234 1542 263 te;

52 283 202 315 ἐλπίζοντες
217 282 262 308 ἐπὶ
279 281 320 309 σέ.

83 331 125 357 27.
140 330 185 360 Εἰς
202 328 288 355 αίῶνα
304 327 524 362 ἀγαλλιάσονται,
547 329 595 356 καὶ
610 329 825 364 κατασκηνώσει.

52 379 79 403 ὲν
96 376 194 406 αὐτοῖς.

102 422 126 449 8.
141 422 196 448 Kal.
214 420 396 454 καυχήπονται
414 421 443 448 ἐν
459 421 501 448 σοὶ
518 421 618 454 πάντες
635 422 660 448 οξ
674 422 832 457 ἀγαπῶντες

52 471 80 498 τὸ
92 470 174 505 ὄνομά
190 479 239 497 σου
248 478 255 484 ·

85 516 126 544 29.
143 517 204 543 Ὅτι
219 519 251 545 σὺ
262 518 420 553 εὐλογήσεις
434 515 547 542 δίκαιον.

83 562 237 604 5οκΚύριε,
250 564 288 596 ὼς
301 563 376 598 ὅπλῳ
393 561 517 593 εὐδοκίας
544 561 734 596 ἐστεφάνωσας
748 561 830 596 ἡμᾶς.

104 660 154 692 Εἰς
169 659 202 686 τὸ
219 659 318 692 τέλος,
331 659 366 684 ἐν
382 658 487 692 ὕμνοις
500 658 575 692 ὑπὲρ
590 658 644 691 τῆς
661 658 778 692 ὀγδόης,

210 705 333 740 ψαλμὸς
345 703 385 736 τῷ
399 704 497 730 Δαϐιδ.
514 706 600 731 ΨΑΛ.
616 705 659 737 ς’.

83 761 107 788 1.
120 761 213 797 Κύριε,
232 762 270 797 μὴ
286 761 324 797 τῷ
341 761 421 796 Θυμῷ
437 770 484 787 σου
500 761 612 797 ἐλέγξῃς
629 769 662 796 με
673 769 680 775 ·

81 808 106 834 2.
120 808 194 849 una;
210 809 244 844 τῇ
258 808 326 843 ὀργῇ
339 816 385 834 σου
400 807 549 843 παιδεύσῃς
567 816 612 842 με’

82 852 106 879 ὅ.
124 853 250 888 Ἐλέησόν
266 862 309 888 με,
322 853 419 889 Κύριε,
433 854 474 880 ὅτι
492 854 607 888 ἀσθενής
619 854 675 888 εἰμι
686 861 692 868 ·

82 898 108 925 ι.
121 899 209 927 Ἰασαί
222 909 268 936 με,
283 900 380 937 Κύριε,
397 902 436 927 ὅτι
450 901 587 936 ἐταράχθη
599 901 634 927 τὰ
645 901 712 927 ὀστᾶ
725 909 775 935 μου
785 908 793 915 ο

85 988 109 1015 5.
122 989 174 1016 Καὶ
192 991 208 1025 ἠ
221 989 294 1024 ψυχή
311 998 360 1025 μου
375 989 512 1025 ἐταράχθη
531 988 642 1024 σφόδρα.

84 1033 107 1061 8.
121 1035 174 1061 Καὶ
186 1036 228 1070 σὺ,
246 1038 344 1073 Κύριε,
361 1035 414 1066 ἕως
428 1035 510 1067 πότε;

83 1078 107 1105 7.
126 1080 315 1116 ’Enitrcpsgmv,
329 1081 426 1116 Κύριε,
442 1080 522 1116 ῥῦσαι
533 1080 581 1116 τὴν
599 1081 688 1116 ψυχήν
705 1089 756 1116 μου

83 1124 108 1153 8.
119 1125 206 1153 Σῶσὸν
223 1127 365 1162 ρῖε.ἔνεκεν
378 1127 424 1153 τοῦ
439 1127 531 1158 ὲλέους
542 1135 598 1153 σου.

83 1169 107 1198 9.
119 1171 178 1198 Ὅτι
197 1173 248 1198 οὐκ
261 1173 334 1199 ἔστιν
347 1174 376 1199 ὲν
386 1172 424 1208 τῷ
436 1173 543 1208 θανάτῳ
553 1173 566 1198 ὁ
580 1172 757 1208 μνημονεύων
769 1180 826 1204 σου,

84 1215 121 1243 10.
144 1217 186 1244 Ἐν
201 1217 229 1243 δὲ
243 1216 283 1252 τῷ
295 1217 346 1254 ᾄδῃ
362 1218 404 1250 τίς
416 1217 643 1253 ὲξομολογήσεταί
659 1225 717 1249 σοι;

918 323 964 350 27.
980 322 1008 349 In
1023 327 1153 349 aeternum
1171 319 1357 352 exsultabunt,
1377 323 1404 347 et
1421 318 1556 346 liabitabis
1570 318 1598 344 in
1614 317 1665 345 eis.

919 412 964 440 28.
981 412 1013 438 Ει
1022 406 1216 446 gloriabuntur
1228 409 1255 435 in
1267 412 1292 435 te
1304 415 1400 435 omnes
1421 407 1468 442 qui
1486 406 1602 440 diligunt
1616 413 1667 432 no-

883 467 944 486 men
960 464 1052 491 tuum;

919 506 964 534 29.
983 505 1117 538 Quoniam
1130 509 1158 530 tu
1175 501 1318 530 benedices
1337 501 1422 535 justo.

920 552 964 579 '50.
978 551 1103 583 Domine,
1121 555 1148 577 ut
1162 553 1240 577 scuto
1253 548 1331 575 bona:
1351 547 1497 575 voluntatis
1523 552 1574 575 tuae
1585 555 1666 576 coro-

884 599 956 626 nasti
970 606 1029 625 nos.

941 654 969 681 In
984 655 1073 689 finem,
1096 655 1123 680 in
1138 653 1299 680 cnrminious
1315 660 1361 685 pro
1376 656 1481 685 octaua,
1497 650 1614 686 psalmus

1131 699 1226 727 David.
1249 699 1351 727 PSAL.
1373 697 1420 725 VI.

919 758 944 784 1.
958 757 1083 788 Domine,
1104 764 1138 783 ne
1153 756 1179 782 in
1194 755 1287 783 furore
1306 760 1352 782 tuo
1370 762 1468 789 arguas
1482 761 1542 786 me;

917 804 943 831 2.
963 804 1056 839 Neque
1072 805 1099 831 in
1112 804 1152 831 ira
1174 808 1219 830 tua
1237 802 1369 837 corripias
1384 809 1438 828 me.

919 861 943 878 ο.
960 851 1089 878 Miserere
1099 850 1163 882 mei,
1179 850 1303 880 Domine,
1315 848 1443 883 quoniam
1454 847 1578 874 intirmus
1589 853 1666 879 sum;

919 899 946 925 4.
966 898 1038 924 Sana
1053 905 1106 929 me,
1124 896 1253 929 Domine,
1276 895 1406 931 quoniam
1427 893 1589 921 conturbata
1603 895 1668 921 sunt

882 951 945 971 ossa
962 951 1022 970 mea
1032 953 1039 976 ;

917 990 943 1017 5.
961 989 995 1016 Et
1006 989 1097 1016 anima
1113 996 1173 1016 mea
1187 988 1294 1015 turbata
1306 991 1348 1015 est
1365 987 1451 1014 valde.

916 1037 942 1062 6.
958 1035 1010 1063 Sed
1026 1039 1064 1067 tu,
1082 1035 1206 1065 Domine,
1221 1034 1380 1068 usquequo?

917 1081 942 1109 7.
959 1080 1135 1112 Convertere,
1153 1079 1276 1111 Domine,
1294 1083 1321 1106 et
1332 1079 1406 1113 eripe
1418 1078 1536 1105 animam
1554 1084 1641 1104 meam
1657 1086 1665 1104 :

916 1127 942 1154 8.
958 1126 1068 1154 Salvum
1086 1134 1129 1154 me
1143 1126 1185 1153 fac
1201 1129 1309 1160 propter
1322 1124 1535 1152 misericordiam
1549 1127 1634 1150 tuam.

916 1172 942 1200 9.
958 1171 1093 1205 Quoniam
1108 1176 1214 1198 nonest
1231 1171 1256 1198 in
1271 1174 1368 1202 morte,
1384 1170 1430 1205 qui
1447 1177 1551 1198 memor
1568 1169 1604 1196 sit
1615 1168 1666 1202 tui,

917 1217 960 1245 10.
977 1218 1004 1244 ln
1021 1216 1128 1245 inferno
1145 1222 1245 1250 autem,
1263 1216 1325 1251 quis
1339 1215 1512 1244 conﬁtebitur
1529 1215 1597 1243 tibi?

603 1274 785 1302 ATHANASH
802 1274 1090 1304 INTERPRETATIO.

83 1330 121 1360 Ἆῖ.
140 1333 338 1368 Ἀτελευτήτως
351 1332 583 1368 εὐφρανθήσονται
595 1332 642 1358 καὶ
652 1331 828 1366 ἀγαλλιάσον-

52 1383 89 1403 ται
100 1378 121 1403 οἱ
132 1378 308 1410 πιστεύοντες
323 1379 362 1410 είς
381 1378 421 1410 σὲ,

80 1422 119 1450 27.
135 1423 307 1459 Θεωροῦντες
320 1423 351 1450 τδ
370 1423 516 1459 πρόσωπόν
533 1432 579 1450 σου
594 1422 639 1450 διὰ
654 1423 764 1454 παντός.

82 1467 120 1494 28.
138 1469 168 1495 '0
180 1469 373 1504 καυχώμενος
384 1470 419 1496 ἐν
431 1470 528 1503 Κυρίῳ
541 1470 714 1504 καυχάσθω,

81 1515 121 1542 29.
133 1516 226 1550 Λέγων
240 1516 311 1552 πρὸς
324 1516 422 1548 αὐτούς
432 1525 439 1531 ·
457 1516 546 1543 Δεῦτε
555 1536 563 1549 ,
582 1518 609 1543 οἱ
633 1516 828 1552 εὐλογημένοι

51 1560 96 1587 τοῦ
110 1563 220 1596 Πατρός
228 1571 302 1597 μου.

81 1607 121 1634 30.
138 1609 186 1635 Διὰ
200 1608 249 1635 τοῦ
272 1607 388 1643 σταυροῦ
408 1616 455 1635 σου
468 1608 520 1644 τῆς
545 1609 670 1644 οὐρανίου
689 1609 827 1644 βασιλείας

52 1651 159 1686 ὴξίωηας
173 1654 210 1689 (1)
227 1654 313 1689 ἡμᾶς.

919 1334 964 1362 26.
978 1334 1111 1369 Perpetuo
1126 1335 1300 1367 laetabuntur,
1316 1338 1344 1362 et
1354 1334 1539 1368 exsultabunt,
1548 1334 1596 1369 qui
1609 1341 1669 1362 cre-

882 1381 950 1408 dunt
962 1381 988 1407 in
1005 1385 1041 1414 te,

917 1427 962 1454 27.
980 1426 1109 1454 Videntes
1127 1426 1225 1454 faciem
1243 1431 1316 1454 tuam
1332 1427 1358 1453 in
1373 1431 1516 1454 aeternum.

919 1473 963 1499 28.
981 1473 1033 1505 Qui
1049 1473 1188 1508 gloriatur,
1203 1474 1230 1500 in
1246 1473 1357 1500 Domino
1370 1473 1496 1508 glorietur
1509 1473 1553 1505 ιδ’,

917 1519 962 1547 29.
976 1519 1074 1547 Dicens
1089 1519 1143 1547 illis
1157 1529 1163 1546 :
1181 1518 1283 1550 Venite.
1303 1519 1431 1546 benedicti
1447 1519 1538 1546 Patris
1553 1519 1602 1546 mei
1620 1519 1652 1546 ".

915 1609 959 1636 50.
971 1609 1023 1637 Per
1039 1617 1148 1638 crucem
1162 1615 1236 1638 tuam
1262 1611 1359 1647 dignos
1388 1619 1438 1639 nos
1459 1611 1548 1639 fecisti
1563 1611 1667 1639 caelesti

881 1661 974 1689 regno.

85 1699 114 1726 'H
124 1701 169 1727 τοῦ
188 1701 299 1737 ψαλμοῦ
312 1702 479 1737 προκειμένη
493 1702 632 1737 ἐπιγραφὴ
650 1701 694 1728 διὰ
704 1702 753 1737 τῆς
763 1701 948 1737 κινναϐάρεως
966 1702 1103 1738 περιέχει·
1116 1703 1167 1735 Εὶς
1186 1702 1218 1729 τὸ
1233 1702 1330 1735 τέλος,
1345 1703 1380 1729 ἐν
1398 1703 1502 1737 ὕμνοις
1521 1701 1597 1735 ὑπὲρ
1613 1701 1668 1735 τῆς

53 1746 156 1781 ὀγδόης.
174 1749 296 1784 ψαλμὸς
309 1749 348 1782 τῷ
362 1749 461 1777 Δαθίδ.
474 1750 559 1776 Τοῦτο
571 1747 617 1776 οὖν
628 1749 701 1784 λέγει
713 1757 720 1764 ⁸
741 1750 803 1776 Ἐπὶ
818 1749 956 1785 συντελείᾳ
971 1750 1025 1776 τῶν
1039 1750 1143 1777 αἰώνων
1159 1750 1289 1786 ρυτθῆναι
1300 1751 1348 1785 τῆς
1364 1750 1479 1786 κρίσεως
1491 1751 1515 1776 oi
1527 1750 1599 1784 ἆγιοι
1614 1758 1667 1776 πα-

54 1794 187 1827 ρακαλοῦσι
198 1796 246 1822 καὶ
259 1794 408 1830 ἀξιωθῆναι
421 1795 469 1830 τῆς
481 1796 589 1822 αἰωνίου
611 1795 830 1831 μισθαποδοσίας.
849 1795 895 1830 Τῷ
908 1796 961 1831 γὰρ
973 1796 1045 1831 Exta)
1056 1796 1133 1822 αἰῶνι
1150 1796 1313 1823 συντελεῖται
1327 1797 1341 1822 ὁ
1358 1797 1458 1831 κόσμος
1471 1806 1476 1811 -
1489 1796 1528 1831 τῷ
1551 1796 1579 1822 δὲ
1593 1795 1668 1823 ἑϐδό-

54 1847 90 1874 μῳ
103 1840 137 1875 (2)
149 1842 235 1877 κρίνει
250 1842 299 1878 τὴν
314 1835 478 1878 οίκθυμένὴν
489 1844 503 1869 ό
513 1843 615 1878 Κύριος
625 1852 631 1858 ·
644 1843 683 1878 τῷ
695 1843 723 1869 δὲ
740 1843 824 1878 ὀγδόῳ
840 1841 911 1870 οὗτοι
922 1844 1086 1879 ἀπέρχονται
1097 1845 1137 1875 εἰς
1147 1844 1218 1879 ζωὴν
1229 1844 1347 1877 αἰώνιον,
1363 1845 1410 1871 καὶ
1418 1840 1490 1871 οὗτοι
1501 1845 1541 1876 είς
1558 1844 1667 1872 κόλασιν

52 1886 156 1917 αἰώνιον.
170 1890 219 1917 Διὰ
234 1889 316 1917 τοῦτο
329 1890 437 1926 εἴρηται
448 1892 462 1918 ὁ
475 1891 582 1926 eam;
597 1891 667 1927 ὑπὲρ
680 1889 726 1917 τοῦ
741 1890 870 1926 ῥωσθῆναι
885 1891 949 1923 τοὺς
960 1891 1054 1925 ἁγίους
1067 1893 1096 1918 ὲν
1111 1893 1143 1926 τῇ
1160 1891 1251 1926 ὀγδόῃ.

82 1932 181 1962 Psalmo
194 1936 359 1970 praepositus
374 1936 479 1968 titulus,
489 1937 631 1964 cinnabari
649 1937 777 1971 scriptus,
793 1937 914 1964 continet
928 1946 935 1964 :
949 1936 982 1964 In
997 1938 1085 1971 ﬁnem,
1101 1938 1128 1964 in
1142 1937 1244 1972 hymni:
1259 1945 1305 1971 pro
1321 1943 1423 1969 octava,
1441 1937 1557 1971 psalmus
1570 1937 1667 1964 Dauii.

54 1977 103 2008 Hoc
117 1988 204 2010 autem
219 1984 357 2019 signiﬁcat
373 1993 379 2011 :
398 1984 428 2011 ln
452 1985 614 2025 saeculorum
643 1985 878 2012 consummatione
892 1985 978 2012 sancti
1005 1986 1152 2020 rogabunt,
1172 1990 1201 2013 ut
1216 1986 1364 2013 liberentur
1380 1994 1395 2012 a
1419 1985 1532 2020 judicio,
1551 1990 1578 2012 et
1593 1985 1668 2019 digni

54 2027 110 2057 (iant
124 2036 228 2060 aeternae
251 2033 386 2060 mercedis
398 2032 589 2060 retributione.
608 2032 691 2060 Sexto
711 2032 784 2059 enim
797 2033 898 2060 smeulo
923 2038 1132 2061 consummatur
1159 2034 1298 2066 mundus;
1323 2033 1438 2068 septimo
1459 2038 1549 2060 autem
1574 2033 1666 2061 orbem

55 2078 123 2103 terrae
136 2077 237 2111 judicat
250 2078 404 2111 Dominus;
423 2082 519 2106 octavo
532 2086 598 2105 vero
614 2078 640 2105 hi
660 2079 762 2105 abeunt
778 2079 805 2105 in
820 2079 902 2105 vitam
915 2083 1064 2113 :eternam;
1082 2083 1109 2106 et
1125 2079 1152 2106 lii
1175 2079 1202 2106 in
1218 2079 1379 2114 supplicium
1406 2084 1536 2107 aeternum
1551 2079 1582 2107 ¹⁶.
1601 2078 1667 2107 Pro—

55 2125 135 2154 pterea
150 2125 240 2153 dictus
255 2130 298 2153 est
312 2126 436 2160 psalmus
457 2134 506 2161 pro
523 2134 557 2153 eo
569 2126 641 2161 quod
656 2127 806 2154 liberentur
822 2128 909 2154 sancti
921 2127 948 2154 in
968 2133 1070 2154 octava.

84 2169 106 2202 Ι,
117 2171 142 2197 2.
154 2172 250 2207 Κύριε,
269 2172 307 2208 μὴ
323 2173 400 2204 ἐκτὸς
416 2172 463 2199 τοῦ
482 2172 573 2205 ἐλέους
594 2181 639 2199 σου
662 2173 774 2209 ἐλέγξῃς
788 2182 828 2208 με,

921 2174 946 2207 1,
964 2174 990 2200 2.
1011 2173 1134 2205 Domine,
1150 2181 1184 2201 ne
1199 2179 1275 2201 extra
1290 2174 1505 2202 misericordiam
1525 2178 1598 2202 tuam
1622 2182 1667 2202 ar-

56 2216 95 2241 καὶ
112 2218 254 2255 παιδεύσῃς
273 2227 317 2253 με.

922 2229 952 2247 as
966 2228 1018 2251 me,
1036 2227 1063 2247 et
1080 2221 1212 2255 corripias
1226 2229 1279 2248 me.

84 2261 107 2288 5.
121 2263 219 2299 Σαθρὸς
230 2266 264 2300 τῇ
282 2265 396 2300 διανοίᾳ·
707 2274 710 2278 ’

920 2268 945 2294 5.
959 2267 1048 2295 Mente
1060 2273 1221 2302 corruptus;

58 2351 71 2377 λ
85 2307 108 2334 Α.
124 2309 175 2336 Καὶ
191 2311 241 2337 οὐκ
257 2311 316 2346 εἱμὶ
328 2311 524 2347 ἧστηριγμένος
539 2310 576 2347 (5)
595 2311 659 2347 περὶ
682 2311 731 2343 τὰς
757 2311 828 2337 ἐντο-

73 2353 98 2377 ﬁ:
109 2363 161 2377 σου.

919 2314 945 2341 4.
961 2314 992 2342 Ει
1005 2322 1060 2342 non
1074 2322 1134 2342 sum
1151 2315 1274 2341 [irmatus
1290 2313 1317 2341 in
1326 2314 1462 2341 mandatis
1479 2315 1543 2342 tuis.

73 2353 98 2384 ἀς
109 2363 162 2383 σου.

89 2399 111 2426 5.
128 2401 167 2427 Ἐν
183 2402 364 2438 ἁμαρτήμασι
380 2402 553 2438 πεφυρμένος
569 2402 636 2437 εἰμὶ,
651 2402 734 2436 λέγει.

88 2444 110 2471 6.
124 2446 149 2473 7.
170 2448 255 2482 Ἐλῡὲ,
270 2447 368 2484 Κύριε,
385 2447 465 2484 ῥῦσαι
475 2449 524 2483 τὴν
536 2448 624 2485 ψυχήν
641 2457 702 2484 μου,

89 2489 112 2518 8.
127 2492 173 2520 Διὰ
188 2494 218 2520 τὸ
238 2492 308 2521 εἶναι
323 2493 361 2530 (4)
378 2494 522 2530 ἐλεήμονα.

921 2495 945 2521 8.
966 2494 1034 2527 Quia
1047 2495 1206 2522 misericors
1219 2503 1259 2523 es.

90 2535 113 2566 9.
129 2537 155 2564 '0
168 2539 234 2571 ὅλως
252 2540 431 2577 μνημονεύων
450 2549 497 2568 σου
515 2540 634 2567 ἐκκλίνει
655 2541 693 2576 (5)
715 2540 768 2566 ἀπὸ
783 2540 828 2575 τῆς

921 2539 947 2569 9.
963 2541 1015 2574 Qui
1030 2549 1141 2576 prorsus
1165 2550 1272 2569 memor
1293 2545 1336 2570 est
1356 2543 1396 2570 tui
1411 2562 1419 2575 ,
1433 2542 1552 2570 declinat
1573 2549 1588 2568 a
1607 2549 1670 2576 pec-

61 2580 184 2617 ἇμαρτίας
193 2595 200 2602 ·

918 2590 961 2619 ιο;

94 2628 131 2656 10.
151 2631 178 2658 '0
190 2632 243 2669 γὰρ
258 2633 319 2665 νοῦς
336 2634 554 2670 ὁκυριευόμενος
567 2633 620 2660 ὑπὸ
635 2633 685 2669 τῆς
699 2632 828 2668 ἁμαρτίας

925 2632 967 2659 10.
987 2632 1062 2660 Mens
1081 2641 1165 2666 enim,
1190 2641 1250 2669 quae
1273 2633 1429 2664 dominatur
1441 2641 1458 2662 a
1473 2636 1597 2670 peccato,
1615 2639 1669 2659 non

61 2671 105 2700 οὐκ
117 2675 336 2715 ἐξομολογήσεται
352 2689 403 2707 σοι.

917 2679 1062 2706 mlitebitur
1073 2679 1130 2707 tibi.

95 2719 124 2736 ’δ’
134 2721 144 2748 Ι
154 2723 213 2754 Cor.
228 2734 247 2759 ι,
261 2727 304 2754 51.
343 2727 365 2744 ¹⁵
379 2727 547 2760 Matth.xxv,
564 2727 608 2755 5-4.
638 2727 660 2743 ¹⁸
673 2727 738 2755 ibid.
754 2726 798 2754 46.

521 2773 673 2806 Addenda
687 2777 718 2806 et
741 2773 930 2814 corrigenda
947 2782 986 2805 ex
1011 2773 1080 2804 cod.
1096 2775 1196 2806 Vatic.

923 2823 960 2859 (4)
972 2821 1048 2850 Εἶναί
1060 2833 1098 2851 σε.

923 2859 960 2895 (5)
982 2859 1110 2887 Ἐκλίπει.

922 2403 946 2430 5.
961 2403 991 2430 ln
1005 2404 1126 2438 peccatis
1139 2405 1299 2432 commistus
1314 2412 1386 2438 sum,
1403 2404 1501 2439 inquit.

920 2449 946 2482 6,
967 2449 992 2476 7.
1012 2449 1090 2483 Veni,
1105 2449 1228 2483 Domine,
1241 2450 1325 2478 libera
1338 2451 1455 2478 animam
1467 2459 1566 2484 meam,

94 2815 130 2887 (ιζ
147 2818 279 2852 Ἀξίωσον.

95 2850 122 2887 (2
143 2854 194 2881 Καὶ
209 2856 247 2887 τῷ
262 2858 279 2883 ὲί

95 2850 130 2920 g)
143 2850 194 2881 Καὶ
209 2856 247 2890 τῷ
262 2857 375 2894 ἑϐδόμῳ.

122 2892 129 2921 )
149 2888 375 2921 Ἑπεστηοιγμένοε

149 2888 395 2929 Ἐπεστηριγμένος,
