1919 3051
38 157 84 187 669
510 161 553 188 DE
573 160 712 189 TITULIS
730 161 792 189 PSA

896 162 955 190 ΠΜ.
976 178 1011 183 —
1028 162 1125 190 PSAL.
1141 161 1199 190 νιι.
1599 159 1651 186 670

68 216 93 243 2.
107 215 194 241 Σῶσόν
210 223 244 250 με
257 216 289 241 ὲκ
307 217 345 251 (α)
357 216 465 243 πάντων
477 217 531 244 τῶν
546 217 698 245 διωκόντων
715 227 758 254 με,
772 219 818 246 καὶ

905 219 932 246 2.
950 219 1058 246 Salvum
1075 227 1118 246 me
1143 218 1185 246 fac
1214 225 1247 245 ex
1273 218 1401 245 omnibus
1426 218 1651 252 persequentibus

39 262 113 299 ῥῦσαί
127 270 168 297 με.

867 274 919 298 me,
938 271 964 293 et
979 265 1063 292 libera
1078 273 1129 292 me.

71 309 95 335 5.
113 309 221 343 Μήποτε
236 308 347 344 ἁρπάσῃ
365 308 403 340 ὡς
416 309 484 335 λέων
494 309 544 345 τὴν
558 309 646 346 ψυχήν
663 319 724 346 μου,

901 312 926 338 5.
945 311 1094 346 Nequando
1111 310 1197 345 rapiat
1209 314 1238 337 ut
1253 309 1295 337 leo
1312 310 1430 337 animam
1448 317 1545 342 meam,

71 355 96 383 4.
110 355 153 390 Μὴ
165 355 240 387 ὄντος
257 355 450 391 λυτρουμένου,
463 356 530 391 μηδὲ
547 357 688 389 σώζοντος.

901 357 927 383 ι.
942 356 1011 384 Dum
1029 364 1083 384 non
1099 361 1151 388 est,
1166 356 1214 391 qui
1231 356 1357 387 redimat,
1380 362 1469 390 neque
1484 355 1530 390 qui
1547 355 1649 382 salvum

867 402 959 430 faciat.

71 443 95 472 5.
112 443 193 480 Κύριε
210 445 224 471 ό
243 444 309 476 Θεὸς
327 453 388 480 μου,
404 446 428 471 εί
440 445 555 481 ἐποίησα
570 445 658 478 τοῦτο,

903 449 929 476 5.
946 448 1060 475 Domine
1078 447 1148 475 Deus
1164 455 1252 481 meus,
1267 448 1290 475 si
1304 447 1354 475 feci
1373 448 1456 480 istud,

71 488 95 516 6.
113 489 142 515 Εἰ
154 488 227 516 ἔστιν
241 489 333 516 ἀδικία
344 491 373 516 ὲν
386 491 463 525 χερσί
476 499 538 526 μου,

904 493 930 522 6.
948 494 976 521 Si
993 498 1036 522 est
1050 494 1181 528 iniquitas
1195 494 1222 520 in
1237 494 1362 521 manibus
1375 494 1451 525 meis,

71 535 95 562 7.
110 535 137 561 Εί
149 535 326 562 ἀπαπέδωκα
338 537 394 567 τοῖς
407 537 613 564 ἁνταποδιδοῦπί
631 546 676 572 μοι
689 538 775 564 κακὰ·

745 538 775 564 ἀ·
904 540 928 566 7.
945 539 973 567 Si
991 540 1096 567 reddidi
1108 540 1322 567 retribucntibus
1337 540 1402 566 mihi
1415 540 1503 566 mala:

72 580 96 608 8.
117 581 294 616 ’Δποπέσοιμι
311 582 365 616 ἄρα
390 582 443 608 ἀπὸ
461 582 515 609 τῶν
526 582 631 618 ἐχθρῶν
644 592 694 618 μου
715 583 801 614 κενός.

901 586 927 612 8.
948 585 1075 612 Deeidam
1088 584 1185 612 merito
1205 585 1239 612 ab
1254 585 1371 612 inimicis
1383 586 1450 612 meis
1465 585 1563 611 inanis.

71 627 95 654 9.
110 626 279 660 Καταδιώξαι
298 627 352 663 ἄρα
369 629 383 654 ό
407 628 503 664 ἐχθρὸς
517 629 566 664 τὴν
583 629 673 664 ψυχήν
689 638 750 664 μου,
771 629 815 656 καὶ

903 631 928 658 9.
943 631 1129 666 Persequatur
1139 632 1233 667 utique
1246 631 1374 658 inimicus
1385 631 1503 658 animam
1517 638 1615 664 meam,
1626 635 1654 659 et

39 673 189 705 καταλάϐοι,

867 677 1090 711 comprehendat,

73 719 111 746 10.
127 720 180 746 Καὶ
197 721 390 756 καταπατῆσαι
403 722 443 753 είς
459 722 510 757 γῆν
526 721 575 757 τὴν
590 721 662 757 ζωήν
676 731 737 757 μου.

904 723 947 750 10.
964 724 998 750 Et
1012 724 1155 752 conculcet
1170 725 1197 751 in
1214 729 1284 751 terra
1300 723 1382 750 vitam
1397 731 1501 756 meam;

72 766 112 792 11.
129 766 181 792 Καὶ
195 766 244 802 τὴν
260 767 340 800 δόξαν
356 776 406 802 μου
423 769 462 800 είς
474 767 539 802 χοῦν
550 770 771 804 κατασκηνώσαι.

904 770 948 797 11.
962 769 995 797 Et
1009 770 1122 804 gloriam
1139 777 1227 797 meam
1244 769 1272 796 in
1297 769 1436 804 pulverem
1456 768 1581 796 deducat.

73 810 112 838 l2.
134 811 289 848 Ἀνάστηθι,
307 812 404 848 Κύριε,
420 813 448 839 ἐν
461 814 529 849 ὀργῇ
543 822 590 840 σου
600 834 607 846 ,

904 816 948 843 12.
966 815 1099 851 Exsurge.
1117 815 1239 847 Domine,
1256 815 1282 842 in
1299 815 1339 842 ira
1357 819 1412 846 tua,

72 857 109 884 l5.
131 857 269 894 ’Υψώθητι
288 859 316 885 ὲν
331 860 386 890 τοῖς
399 859 498 894 πέρασι
514 859 569 886 τῶν
585 858 689 896 ἐχθρῶν
707 868 763 886 σου.

905 862 948 888 15.
967 861 1001 888 Ει
1015 861 1134 888 exaltare
1149 862 1175 888 in
1193 861 1292 888 liuibus
1305 860 1478 887 inimicorum
1491 864 1610 886 tuorum.

69 903 109 930 M.
125 905 176 931 Καὶ
191 904 362 940 ἐξεγέρθητι,
374 905 459 940 Κύριε
469 906 483 932 ὁ
499 905 565 937 Θεός
585 914 647 941 μου,
659 907 688 933 ἐν
701 905 819 941 προστά-

905 907 948 934 11.
968 906 1000 934 Et
1013 915 1140 939 exsurge,
1155 906 1268 934 Domine
1283 906 1353 933 Deus
1369 913 1455 938 meus,
1470 905 1496 932 in
1511 910 1653 940 praecepto,

60 956 125 983 ματι,
137 946 158 983 ᾧ
172 950 312 982 ὲνετείλω,

872 953 945 988 quod
963 953 1110 985 mandasti,

73 996 111 1023 15.
126 997 179 1023 Καὶ
191 996 339 1031 συναγωγὴ
359 996 431 1023 λαῶν
447 997 584 1024 κυκλώσει
600 1006 640 1024 σε.

906 998 950 1025 15.
970 998 1001 1025 Et
1017 1006 1153 1033 synagoga
1168 997 1330 1033 populorum
1347 998 1525 1025 circumdabit
1548 1001 1583 1025 te.

74 1042 112 1070 16.
124 1043 178 1070 Καὶ
192 1043 264 1078 ὑπὲρ
281 1042 382 1078 ταύτης
397 1043 436 1074 είς
448 1041 514 1078 ὕψος
529 1043 702 1079 ἐπέστρεψαν.

907 1043 950 1070 16.
964 1044 997 1070 Et
1010 1048 1119 1078 propter
1132 1043 1203 1070 hanc
1216 1043 1243 1070 in
1258 1043 1343 1070 altum
1359 1043 1509 1078 regredere.

73 1088 112 1116 17.
128 1089 230 1125 Κύριος
242 1090 332 1125 κρινεί
347 1089 439 1121 λαούς.

908 1089 950 1117 17.
963 1089 1096 1117 Dominus
1107 1089 1241 1123 judicabit
1256 1089 1381 1124 populos.

331 1167 499 1200 Διάψαλμα.

1184 1165 1346 1200 Diapsalma.

75 1231 111 1259 l8.
128 1233 226 1269 Κρῖνόν
238 1242 296 1270 μοι,
313 1232 409 1268 Κύριε,
425 1232 496 1260 κατὰ
512 1232 560 1259 τὴν
570 1231 745 1267 δικαιοσύνην
756 1240 816 1266 σου,

904 1233 949 1261 18.
958 1231 1054 1260 Judica
1064 1240 1117 1265 me,
1129 1231 1254 1264 Domine,
1264 1231 1557 1267 secundumjustitiam
1568 1235 1656 1264 tuam,

73 1333 107 1368 (ο)
122 1332 152 1362 ν.
165 1335 184 1362 2
206 1334 306 1369 incipit
320 1335 355 1362 ab
369 1336 412 1362 ὲκ.

583 1423 773 1452 ATHANASII
792 1423 1086 1452 INTERPBETATIO.

74 1514 97 1542 2.
112 1515 168 1543 Τῶν
181 1515 328 1551 δαιμόνων,
338 1515 423 1549 λέγει.

906 1514 934 1540 2.
947 1513 987 1540 Ex
1001 1513 1187 1546 dmmonibus,
1204 1513 1251 1541 ait.

73 1562 96 1588 5.
117 1562 143 1589 ’0
155 1563 307 1598 αίμοπότης
326 1561 456 1593 διάϐολος.

905 1559 931 1586 3.
949 1559 1133 1595 Sanguipotor
1145 1559 1282 1587 diabolus.

73 1606 98 1633 1.
111 1607 160 1634 Τοῦ
174 1607 374 1642 ἁνθισταμένου
390 1607 465 1642 αὐτῷ
482 1607 551 1642 ὑπὲρ
561 1607 639 1642 ἐμοῦ.

561 1607 639 1642 ἐμοῦ.
833 1628 855 1656 c
906 1605 934 1633 4.
952 1605 1004 1656 Qui
1020 1606 1059 1633 illi
1074 1606 1184 1633 resistat
1197 1613 1247 1640 pro
1261 1613 1313 1634 me.

74 1651 98 1679 5.
117 1653 145 1679 '0
158 1653 262 1688 μέλλων
279 1653 384 1687 λέγειν·

835 1651 855 1656 “
906 1652 931 1679 5.
952 1651 1004 1685 Qui
1021 1652 1149 1680 dicturus
1167 1657 1210 1680 est
1225 1661 1232 1679 :

73 1697 96 1724 ϐ.
114 1698 234 1734 Ἀρπαγή
248 1707 293 1730 τις
303 1707 310 1714 ’

906 1698 932 1725 6.
949 1698 1054 1733 Rapina
1071 1698 1179 1733 aliqua;

73 1743 96 1770 7.
112 1744 155 1776 Εἰς
167 1745 248 1772 αὑτὸν
261 1744 406 1778 ὲξεδίκησά
417 1753 483 1770 ποτε
503 1744 551 1779 (1)-

905 1745 932 1771 7.
947 1745 976 1772 Si
992 1753 1112 1780 unquam
1132 1745 1205 1773 ultus
1221 1753 1281 1772 sum
1298 1745 1325 1772 in
1339 1745 1444 1780 ipsum;

73 1788 96 1816 8.
117 1790 238 1818 Ἐκπέσω
251 1791 302 1826 τῆς
317 1791 454 1822 υἱοθεσίας
469 1798 516 1817 σου
533 1789 680 1826 ήττησθεὶς
703 1790 741 1827 (2)
764 1792 820 1822 τοῖς

907 1790 934 1817 8.
948 1788 1077 1816 Excidam
1097 1794 1144 1817 tua
1159 1789 1304 1825 adoptione
1318 1795 1463 1824 superatus
1485 1797 1502 1817 a
1524 1789 1656 1817 damoni-

46 1832 154 1870 δαίμοσιν
161 1845 169 1852 θ

163 1845 169 1852 ·
869 1834 921 1863 bus

74 1881 98 1909 9.
117 1883 236 1912 Ἐκπέσω
252 1885 294 1915 είς
309 1883 359 1916 τὰς
377 1885 472 1919 χεῖρας
481 1883 529 1910 τοῦ
546 1883 681 1916 διαὸόλου,
698 1883 715 1919 ἦ
733 1883 820 1910 τοιοῦ-

906 1881 932 1909 9.
949 1881 1069 1908 Incidam
1081 1881 1108 1907 in
1126 1888 1225 1908 manus
1238 1881 1358 1914 diaboli,
1389 1881 1412 1908 sl
1437 1881 1587 1916 quidquam
1608 1888 1657 1908 eo-

46 1934 82 1952 τυν
93 1928 126 1964 (3)
143 1930 257 1965 ἐποίησα
273 1929 328 1956 τῶν
340 1930 553 1966 προλεχθέντων.

871 1935 931 1954 rum
946 1934 1007 1962 quae
1020 1927 1091 1954 dicta
1113 1930 1178 1954 sunt
1193 1926 1328 1953 commisi.

77 1973 114 2002 10.
128 1975 180 2002 Καὶ
188 1976 335 2003 ὑποπόδιον
348 1976 431 2003 αὑτοῦ
447 1976 543 2011 ἔσομαι
553 1976 586 2003 τὰ
598 1976 644 2012 ἔτη
657 1985 708 2012 μου
722 1976 818 2003 πάντα¹

907 1972 948 2000 10.
964 1972 996 1999 Et
1014 1973 1162 2000 seabellum
1174 1972 1273 2007 pedum
1294 1972 1354 2007 ejus
1369 1978 1417 1999 ero
1427 1971 1556 2000 omnibus
1578 1972 1659 2000 annis

871 2026 958 2051 mets;
1071 2039 1076 2045 .
1345 2046 1350 2051 ,

76 2061 112 2089 11.
127 2063 180 2090 Καὶ
194 2064 243 2100 τὴν
261 2064 376 2100 καρδίαν
390 2073 440 2100 μου
455 2065 494 2096 είς
511 2064 559 2096 τὰς
574 2064 721 2100 ἐπιθυμίας
736 2064 820 2091 αὑτοῦ

909 2063 950 2090 li.
965 2064 997 2091 Et
1012 2071 1060 2091 cor
1075 2071 1165 2090 meum
1176 2063 1204 2090 in
1220 2062 1417 2098 cupiditatibus
1431 2063 1490 2090 suis
1503 2062 1656 2090 concludet.

50 2104 188 2137 ἀποκλείσει
203 2111 255 2138 l4).

78 2112 188 2137 »κλείσει
214 2112 231 2138 4
247 2131 255 2138 .

78 2154 115 2181 η.
129 2156 172 2188 Εἰς
189 2112 259 2192 ego;
278 2156 415 2191 βοήθειαν,
431 2157 543 2182 ἐκείνων
555 2156 584 2182 δὲ
596 2155 743 2184 ἀπώλειαν.

908 2154 949 2180 12.
961 2154 991 2180 In
1005 2161 1095 2181 meum
1107 2153 1253 2186 auxilium,
1268 2153 1294 2180 in
1305 2153 1414 2180 illorum
1427 2158 1519 2180 autem
1531 2152 1645 2180 exitium

81 2199 117 2228 l3.
129 2201 274 2238 Δοξάσθητι
285 2203 324 2233 εἰς
334 2202 368 2229 τὰ
383 2202 446 2238 τέλη
461 2202 515 2229 τῶν
529 2202 635 2238 ἐχθρῶν
647 2211 695 2230 σου

905 2200 948 2227 13.
966 2200 1125 2227 Glorilicare
1137 2200 1164 2227 in
1175 2200 1333 2227 novissimis
1342 2200 1517 2227 inimicorum
1528 2203 1639 2226 tuorum
1649 2207 1661 2231 ;

80 2243 118 2273 14.
131 2246 196 2282 Περὶ
222 2244 253 2274 οὗ
280 2245 340 2274 εἷπε
366 2249 422 2279 τοῖς
437 2248 614 2280 ἀποστόλοις·
642 2248 722 2276 Μετὰ
743 2249 822 2283 τρεῖς

906 2247 949 2274 14.
966 2246 1002 2274 De
1021 2254 1076 2282 quo
1093 2247 1162 2275 dixit
1186 2246 1317 2282 apostolis
1335 2255 1341 2272 :
1358 2245 1422 2273 Post
1435 2251 1486 2273 tres
1497 2245 1553 2273 diu
1572 2253 1658 2272 resur-

51 2287 147 2324 ἡμέρας
157 2292 315 2327 ἐγείρομαι.
837 2301 860 2330 ι)
873 2301 933 2328 9am
951 2294 983 2321 η.

79 2334 116 2362 15.
130 2338 160 2363 Ol
182 2338 325 2365 ἀπόστολοι
346 2338 414 2374 μετὰ
432 2339 482 2375 τὴν
503 2339 651 2366 ἀνάστασιν
664 2340 689 2366 οί
703 2347 821 2373 συναγα-

910 2341 954 2367 15.
967 2340 1088 2375 Apestoli
1105 2345 1166 2375 post
1183 2339 1411 2367 resurrectionem
1426 2343 1515 2366 totum
1526 2338 1663 2366 mundum

51 2379 130 2413 γόντες
141 2382 184 2410 τὸν
197 2384 300 2420 κόσμον
315 2384 375 2411 ὅλον
394 2386 434 2417 εις
447 2385 496 2421 τὴν
513 2385 616 2412 πίστιν.

874 2385 901 2413 in
919 2385 999 2413 [idem
1014 2389 1220 2420 congregantes.
1530 2384 1532 2386 ’

83 2425 119 2453 16.
131 2428 194 2464 Περὶ
205 2429 255 2465 τῆς
271 2430 431 2465 ἀναλήψεως
445 2430 492 2458 τοῦ
508 2431 610 2466 Κυρίου
624 2430 662 2466 (5)
678 2430 751 2464 λέγει

724 2439 751 2456 ἐι
910 2431 953 2458 16.
975 2430 1012 2458 De
1023 2431 1212 2466 assumptione
1223 2429 1330 2458 Domini
1352 2429 1482 2466 loquitur.

84 2471 121 2499 17.
137 2474 287 2508 Παιδεύσει,
306 2476 390 2510 λέγει.

910 2477 953 2503 17.
971 2477 1106 2512 Corripiet
1114 2497 1121 2510 ,
1141 2477 1238 2512 inquit.

85 2516 121 2544 18.
134 2519 244 2556 Ποίησόν
259 2530 314 2557 μοι,
327 2521 424 2557 Κύριε,
439 2522 510 2549 κατὰ
521 2522 571 2558 τὴν
581 2522 754 2557 δικαιοσύνην
763 2530 820 2549 σου.

938 2523 954 2550 ι.
972 2521 1026 2550 Fac
1037 2523 1115 2556 mihi,
1129 2522 1256 2556 Domine,
1269 2521 1420 2550 secundum
1427 2520 1562 2557 justitiam
1574 2522 1664 2547 tuam.
1694 2531 1696 2534 ι

86 2606 103 2621 "
119 2607 207 2638 Matth.
226 2619 311 2643 xxv",
330 2611 373 2638 63.

509 2702 662 2735 Addenda
676 2706 706 2734 et
722 2701 918 2744 porrigenda
935 2710 974 2733 ex
999 2701 1068 2732 cod.
1084 2700 1185 2732 Vatic.

100 2789 122 2837 ἐξ
135 2791 272 2837 nunc»
285 2795 428 2832 ὲξιδίκησά
444 2805 519 2823 ποτε.

512 2815 519 2823 .
963 2795 1056 2837 ἑύεῷν
1069 2794 1266 2835 ἀνατξοκλείσει.

100 2789 110 2816 1
135 2791 164 2835 gl
179 2793 272 2820 ἑαυτὸν
285 2795 428 2832 ὲξιδίκησά
444 2805 519 2823 ποτε.
914 2795 951 2837 (Ai)
963 2795 1056 2837 Δύξῶν
1069 2795 1155 2835 ἀνατξο

137 2827 284 2889 Ειέτξηὲξίς.
914 2831 951 2866 (5)
963 2832 1016 2858 Του
1028 2831 1155 2866 Χριστου.

196 2872 203 2889 -.
235 2873 262 2890 av
274 2873 309 2892 τι.

196 2872 203 2889 ι
218 2872 262 2890 ουν
274 2873 309 2892 τι.
