1919 3051
42 139 90 167 675
514 136 557 163 DE
576 136 714 164 TITULIS
733 136 961 164 PSALMORUM.
983 151 1018 156 —
1037 136 1134 163 PSAL.
1157 135 1224 163 V‘Ill.
1606 134 1659 164 οτι

122 195 172 226 Εἰς
185 193 218 221 τὸ
230 193 314 226 τέλος
330 193 405 226 ὑπὲρ
416 192 476 219 τῶν
488 193 600 226 ληνῶν,
617 193 738 228 ψαλμὸς
838 197 861 224 Α

838 197 861 224 Α
945 193 979 221 In
990 193 1068 228 ﬁnem
1086 201 1133 227 pro
1154 191 1340 222 torcularibus,
1353 189 1470 224 psalmus
1490 189 1585 218 David.

274 237 314 271 τῷ
326 237 423 264 Δαϐίδ.
441 239 527 265 ΨΑΑ.
543 237 585 265 II'.

1158 237 1259 265 PSAL.
1283 236 1364 263 VIII.

78 286 103 314 1.
118 286 202 321 Κύριε
215 286 228 312 ὁ
243 284 343 319 Κύριος
356 284 445 319 ἡμῶν,
459 284 497 316 ὼς
522 283 678 319 θαυμαστὸν
696 284 726 310 τὸ
739 284 824 319 ὄνομά

911 284 937 311 1.
953 284 1066 311 Domine
1082 284 1215 311 Dominus
1224 287 1326 314 noster,
1339 290 1421 318 quam
1440 282 1600 310 admirabile
1618 287 1659 310 est

46 341 90 360 σου
103 333 131 358 ἐν
142 332 217 367 πάεῃ
228 333 259 366 τῇ
277 332 311 366 γῇ
322 331 328 356 !
777 324 783 331 ’

777 324 783 331 ’
876 339 975 358 nomen
996 337 1071 358 tuum
1091 331 1116 358 in
1136 331 1262 358 universa
1275 330 1363 357 terral

77 379 103 406 2.
118 379 177 404 Ὀτι
188 377 291 412 ἐπήρθη
304 378 319 412 ἡ
337 375 559 411 μεγαλοπρέπειά
573 385 618 402 σου
633 376 760 410 ὑπεράνω
769 375 823 402 τῶν

910 378 936 404 2,
951 378 1083 411 Quoniam
1100 378 1204 404 elevata
1221 382 1263 405 est
1288 376 1489 412 magniﬁcentia
1514 379 1560 402 tua
1577 382 1657 410 super

45 424 169 460 οὐρανῶν.
876 424 969 451 οωιος.
1148 427 1150 429 ’

77 469 102 496 5.
124 469 169 495 Ἐκ
182 467 314 503 στόματος
326 467 431 502 νηπίων
453 466 501 494 καὶ
526 466 695 502 θηλαζόντων
721 476 822 502 κατηρ-

911 470 936 497 5.
954 469 992 496 Ex
1004 477 1050 496 ore
1062 468 1206 497 infantium
1227 474 1254 497 et
1276 469 1434 496 lactentium
1447 467 1582 502 perfecisti
1600 467 1658 494 lau-

44 515 105 540 τίτω
120 512 201 545 αἶνον,

188 524 201 545 ’ν
877 515 946 547 dem,

76 561 100 586 1.
118 561 219 586 Ἕνεκα
234 559 288 586 τῶν
307 558 410 594 ἐχθρῶν
427 566 485 591 σου,

909 559 936 586 4.
955 559 1067 594 Propter
1082 559 1208 587 inimicos
1222 563 1294 592 tuos,

76 606 99 632 5.
115 605 167 632 Τοῦ
182 605 332 632 καταλῦσαι
347 604 442 640 ἐχθρὸν
463 604 509 630 καὶ
523 604 678 639 ὲκδικητήν.

911 606 937 633 5.
953 605 988 633 Ut
1002 607 1128 634 destruas
1145 606 1286 634 inimicum
1300 611 1327 633 et
1344 606 1470 634 ultorem.

76 649 100 675 6.
117 650 174 676 ’Ὁτι
191 649 291 684 ὄψομαι
306 650 369 681 τοὺς
385 649 516 684 οὐρανοὺς
528 649 595 684 ἔργα
610 649 664 676 τῶν
684 649 822 676 δακτύλων

911 651 936 679 6.
956 651 1091 685 Quoniam
1108 652 1204 680 videbo
1230 652 1315 679 cmlos
1334 656 1395 679 tuos
1412 658 1494 686 opera
1511 649 1657 685 digitorum

46 702 86 721 σου
95 715 102 727 ,

876 700 996 730 tuorum,

75 741 98 766 7.
115 741 233 776 Σελήνην
247 740 294 767 καὶ
306 740 433 775 ἀστέρας,
449 740 467 767 ἃ.
487 740 518 767 σὺ
535 739 726 775 ἐθεμελίωσας.

911 743 936 770 7.
955 742 1060 770 Lunam
1080 747 1107 769 et
1125 742 1228 775 stellas,
1242 750 1303 777 quae
1323 746 1351 769 tu
1371 741 1499 769 fundasti.

75 785 99 813 8.
115 786 145 812 Τί
160 786 236 812 ἐστιν
247 785 401 821 ἄνθρωπος,
416 787 456 812 ὅτι
475 785 614 820 μιμνήσκῃ
626 785 707 812 αὑτοῦ
721 794 727 817 ;

910 788 936 815 8.
953 788 1023 821 Quid
1039 793 1081 815 est
1095 789 1188 821 homo,
1204 788 1276 823 quod
1296 796 1398 816 memor
1411 796 1440 815 es
1453 786 1529 822 ejus?

75 831 99 859 9.
115 831 148 857 Ἦ
164 831 222 863 υίὸς
232 830 387 866 ἀνθρώπου,
399 831 439 857 ὅτι
451 831 604 867 ἐπισκέπτῃ
616 831 714 862 dimov;

910 833 936 860 9.
954 833 1008 860 Aut
1026 832 1098 860 ﬁlius
1114 833 1243 865 hominis,
1257 834 1385 868 quoniam
1397 833 1492 860 visitas
1504 832 1583 859 eum?

77 876 116 904 10.
136 877 308 909 Ὶιλάττωσας
328 872 408 904 αὑτὸν
422 877 506 912 βραχὺ
518 885 543 903 τι
560 877 623 912 παρ’
640 877 787 911 ἀγγέλους·

835 895 859 922 η
909 879 952 906 10.
967 879 1088 907 Minuisti
1099 888 1162 907 eum
1178 881 1259 914 paulo
1277 879 1366 906 minus
1377 879 1411 906 ab
1428 878 1550 913 angelis:

76 923 114 950 11.
127 923 194 959 Δόξῃ
208 924 255 950 καὶ
271 925 334 960 τιμῇ
351 924 541 958 ἐστεφάνωσας
554 923 644 955 αὑτὸν,

909 926 953 952 11.
971 926 1064 953 Gloria
1081 931 1107 953 et
1120 927 1222 954 honore
1236 925 1374 953 coronasti
1386 933 1448 952 eum
1459 946 1465 958 ,

77 969 115 995 12.
129 969 181 995 Καὶ
192 969 362 1005 κατέστησας
375 969 455 996 αὐτὸν
471 969 515 995 ἐπὶ
527 969 560 995 τὰ
575 969 641 1004 ἔργα
653 968 706 994 τῶν
721 968 820 1003 χειρῶν

912 970 954 997 12.
970 970 1002 997 Et
1015 971 1180 999 constituisti
1192 979 1254 998 eum
1267 978 1348 1005 super
1362 977 1444 1005 opera
1458 975 1589 996 manuum
1600 972 1658 996 lua-

47 1023 96 1041 σου.
609 1044 615 1049 .

609 1044 615 1049 ,
875 1024 946 1044 rum.

76 1061 115 1089 15.
132 1062 223 1089 Πάντα
239 1061 374 1095 ὑπέταξας
390 1061 519 1089 ὑποκάτω
531 1061 585 1088 τῶν
598 1060 686 1087 ποδῶν
699 1059 793 1092 αὑτοῦ,

744 1059 793 1092 τοῦ,
912 1060 954 1088 15.
972 1060 1069 1088 Omnia
1083 1061 1223 1096 subjecisti
1235 1061 1286 1088 sub
1298 1061 1412 1096 pedibus
1424 1060 1484 1096 ejus
1494 1079 1502 1094 ,

608 1129 794 1158 ATHANASII
814 1129 1102 1158 INTEBPRETATIO.

81 1187 110 1214 Ἥ
126 1188 292 1224 προκειμένη
309 1189 447 1225 ἐπιγραφὴ
465 1190 481 1224 ἠ
496 1188 541 1215 διὰ
550 1189 601 1223 τῆς
612 1188 797 1225 κινναϐάρεως
809 1188 949 1226 περιέχει·
962 1189 1013 1222 Εἰς
1029 1188 1061 1215 τὸ
1078 1187 1176 1222 τέλος,
1192 1188 1268 1223 ὑπὲρ
1278 1187 1338 1215 τῶν
1351 1187 1468 1222 ληνῶν,
1487 1187 1608 1222 ψαλμὸς
1621 1187 1662 1220 τῷ

48 1234 133 1262 Δαείό.
145 1235 230 1262 Τοῦτο
247 1233 294 1262 οὖν
311 1237 394 1267 ἐστιν,
409 1235 423 1262 ὃ
433 1235 506 1269 λέγει
518 1243 526 1250 ⁸
547 1236 606 1262 Ἐπ’
622 1235 744 1270 ἐσχάτων
763 1235 865 1270 ζητῶν
881 1235 986 1271 χρόνων
1009 1235 1079 1269 ὑπὲρ
1102 1235 1156 1261 τῶν
1172 1235 1286 1270 ἑχόντων
1303 1236 1332 1262 ἐν
1349 1236 1456 1265 ἑαυτοῖς
1467 1234 1512 1260 τὸν
1523 1231 1594 1261 οἶνον
1616 1233 1662 1260 τὸν

48 1281 212 1317 εὐφραίνοντα
222 1283 337 1319 καρδίας
353 1283 403 1317 (2).
418 1283 540 1310 τουτέστι
551 1283 597 1309 τὸν
612 1282 723 1318 Κύριον·
740 1283 782 1309 διὰ
794 1283 872 1310 τοῦτο
885 1284 939 1319 γὰρ
954 1283 1068 1317 ⁵ιηνοὺς
1079 1283 1176 1315 αὐτοὺς
1190 1281 1260 1310 εἷπε.
1276 1282 1378 1310 Ψάλλει
1395 1281 1441 1309 οὖν
1455 1281 1537 1309 Δασὶδ
1551 1281 1591 1313 εἰς
1601 1282 1663 1308 ἑαυ-

47 1330 101 1361 τοὺς
111 1330 152 1356 τὸν
170 1331 281 1366 ψαλμὸν
294 1331 332 1366 τῷ
344 1331 448 1366 Κυρίῳ.

79 1377 186 1410 Titulus,
196 1379 242 1413 qui
259 1379 365 1413 psalmo
380 1379 558 1412 praaponitur,
569 1377 711 1405 cinnabari
727 1378 855 1413 scriptus,
873 1378 995 1406 continet
1009 1377 1060 1405 :In
1075 1379 1153 1413 finem
1168 1386 1215 1413 pro
1229 1377 1418 1409 torcularibus,
1431 1376 1548 1412 psalmus
1563 1375 1661 1404 David.

50 1421 98 1450 Hoc
111 1426 188 1459 Igitur
198 1430 250 1457 est,
269 1425 340 1459 quod
365 1425 431 1452 dicit
448 1435 454 1453 :
481 1425 510 1452 ln
527 1426 682 1453 novissimis
699 1427 868 1461 temporibus
891 1434 940 1462 pro
961 1427 1006 1459 iis,
1025 1427 1072 1462 qui
1099 1427 1199 1454 habent
1224 1425 1250 1453 in
1278 1433 1308 1453 se
1322 1425 1390 1460 ipsis
1412 1427 1505 1452 viuum
1522 1424 1664 1452 laetiﬁcans

49 1473 128 1504 corda.
143 1474 193 1501 hoc
208 1477 251 1499 est
270 1473 412 1500 Dominum
427 1482 434 1504 ;
452 1474 553 1501 idcirco
565 1474 638 1500 enim
654 1481 700 1501 eos
715 1473 783 1501 dixit
798 1474 953 1501 toreularia.
966 1473 1050 1501 David
1058 1474 1141 1508 igitur
1151 1473 1178 1500 in
1190 1480 1283 1500 eorum
1300 1479 1416 1507 persona
1431 1471 1523 1506 psallit
1536 1470 1662 1499 Domino.

78 1519 100 1546 1.
115 1521 194 1554 Κύριε
209 1521 222 1547 ὁ
235 1520 302 1551 Θεὸς
313 1521 350 1554 (5)
365 1520 453 1556 ἡμῶν,
467 1521 504 1552 ὼς
517 1520 621 1553 ἔνδοξον
631 1519 662 1548 rb
676 1521 762 1556 ὄνομά
777 1529 824 1547 σου

916 1521 941 1548 1.
957 1521 1070 1548 Domine
1085 1520 1156 1548 Deus
1172 1524 1272 1551 noster,
1289 1527 1370 1555 quam
1390 1519 1538 1554 gloriosum
1554 1525 1596 1547 est
1611 1527 1662 1547 no-

49 1564 114 1599 παρὰ
130 1566 210 1592 πᾶσιν
232 1565 366 1601 ὑπάρχειὲ
383 1566 424 1592 ὅτι
440 1565 507 1597 Θεὸς
534 1565 572 1593 ὢν
587 1566 724 1598 πέπονθας
753 1567 804 1593 ὐπὲ

908 1575 940 1594 en
957 1572 1034 1594 tuum
1048 1566 1119 1601 apud
1131 1573 1226 1593 omnes
1240 1566 1246 1592 !
1260 1565 1390 1600 quoniam
1407 1573 1470 1592 cum
1487 1564 1560 1592 Deus
1575 1572 1662 1599 esses,

49 1608 126 1644 ἡμῶν.

878 1621 977 1648 passus
992 1620 1021 1640 cs
1035 1619 1084 1648 pro
1099 1612 1187 1640 nobis.

78 1653 101 1680 2.
123 1655 152 1680 'ﬂ
163 1655 241 1690 χάρις
258 1663 305 1681 σου
320 1656 348 1682 ὲν
362 1656 417 1686 τοῖς
432 1656 602 1688 ἀποστόλοις.

552 1665 602 1688 ms-
838 1671 860 1700 ρ
914 1660 940 1686 2.
958 1659 1051 1687 Gratia
1064 1664 1110 1687 tua
1127 1659 1153 1685 in
1171 1658 1310 1693 apostolis.

79 1699 102 1726 3.
118 1700 156 1726 Τὰ
170 1701 265 1727 παιδία
280 1700 353 1734 λέγει
362 1700 394 1727 τὰ
409 1702 436 1727 ἐν
453 1701 491 1736 τῷ
500 1701 564 1737 ἱερῷ
575 1701 719 1737 κράζοντα,
732 1702 779 1729 καὶ
791 1708 826 1729 τα

914 1705 941 1732 5.
957 1704 1061 1732 Pueros
1079 1704 1212 1739 signiﬁcat
1235 1703 1262 1730 in
1288 1703 1388 1738 templo
1410 1703 1560 1731 clamantes
1582 1707 1611 1731 et
1633 1703 1661 1730 in

52 1745 75 1771 ὲν
86 1745 201 1782 Βηθλεὲμ
211 1747 390 1781 ἀναιρεθέντα
405 1747 438 1774 δι’
456 1748 548 1774 αὐτόν.

877 1751 1014 1778 Bethleem
1029 1755 1142 1785 protper
1156 1757 1217 1777 eum
1231 1749 1347 1776 occisos.

80 1791 103 1823 1,
119 1791 143 1819 5.
159 1793 224 1828 Περὶ
237 1792 294 1819 τῶν
313 1792 445 1820 Ἰουδαίων
457 1793 561 1820 καὶτοῦ
579 1794 700 1821 διαϐόλου
715 1794 800 1829 λέγει,

748 1803 800 1829 γει.
911 1797 939 1829 4,
953 1797 979 1824 5.
999 1795 1037 1823 De
1049 1795 1151 1824 Judazis
1168 1800 1195 1823 et
1208 1795 1241 1823 de
1256 1795 1364 1822 diabolo
1375 1795 1506 1830 loquitur.

79 1835 102 1863 θ.
118 1837 202 1873 ’Ἔργα
214 1838 291 1872 λέγει
305 1839 368 1870 τοὺς
391 1839 521 1874 οὐρανοὺς
538 1839 584 1866 τοῦ
606 1840 764 1876 Πνεύματος
779 1840 826 1867 τοῦ

726 1849 764 1872 τος
779 1840 826 1867 τοῦ
912 1843 940 1873 6.
957 1842 1047 1870 Caelus
1062 1846 1141 1870 vocat
1156 1849 1238 1878 opera
1252 1842 1370 1877 Spiritus
1386 1842 1484 1870 sancti.

53 1883 130 1917 ἁγίου.

79 1928 103 1955 ’1.
117 1929 230 1966 Σελήνην
257 1929 332 1964 λέγει
354 1930 399 1957 τὸν
420 1931 531 1966 κόσμον,
560 1931 678 1968 ἀστέρας
706 1932 735 1959 δὲ
764 1934 827 1965 τοὺς

912 1933 939 1959 7.
956 1932 1061 1960 Lunam
1079 1937 1160 1959 vocat
1176 1931 1319 1964 mundum,
1333 1931 1424 1959 stellas
1438 1934 1527 1959 autem
1540 1935 1661 1959 sanctos.

53 1973 143 2008 ἁγίους.

82 2020 105 2047 8.
121 2021 175 2048 Οὐκ
188 2022 242 2049 ἀπὸ
257 2022 309 2058 γῆς
323 2023 395 2049 ὲστιν
407 2023 520 2054 ἕκαστος
535 2022 590 2050 τῶν
603 2023 674 2050 κατὰ
689 2023 769 2058 φύσιν
781 2024 828 2050 ἀν-

912 2020 939 2046 8.
953 2020 1050 2046 ‘Mnue
1064 2027 1079 2046 e
1095 2024 1166 2047 terra
1181 2018 1369 2054 unuSquisque
1382 2023 1423 2046 est
1437 2017 1586 2045 secundum
1608 2017 1661 2045 hn-

54 2064 176 2100 θρῶπων;
782 2065 789 2066 “
877 2072 986 2091 manam
1003 2065 1147 2092 naturam?

83 2112 106 2138 9.
118 2113 163 2144 Τίς
176 2114 213 2148 (1)
225 2113 313 2145 οὕτως
326 2122 406 2141 αυτον
419 2114 580 2149 ἠγάπησας;

537 2123 580 2147 ις;
912 2108 939 2136 9.
958 2108 1013 2136 Cur
1028 2109 1065 2136 ita
1078 2117 1140 2136 eum
1156 2109 1295 2136 dilexisti?

85 2157 123 2184 10.
140 2158 205 2193 Περὶ
216 2158 265 2186 τοῦ
279 2159 381 2195 Κυρίου
397 2159 471 2194 λέγει
483 2160 531 2186 καὶ
545 2159 592 2186 τοῦ
610 2159 712 2192 πάθους
731 2160 825 2186 αὑτοῦ·

914 2155 957 2182 10.
970 2154 1008 2182 De
1019 2154 1134 2182 Domino
1148 2155 1277 2189 loquitur,
1289 2159 1315 2181 et
1326 2153 1359 2181 de
1369 2154 1495 2189 passione
1506 2153 1582 2189 ejus;
1595 2161 1663 2188 quo-

55 2201 188 2240 ὶπειδήπερ
206 2207 230 2232 οἱ
247 2205 297 2241 μὲν
307 2205 415 2239 ἄγγελοι
429 2205 558 2232 ἀθάνατοί
573 2206 636 2236 είσι,
661 2205 706 2232 τὸν
721 2206 749 2231 δὲ
762 2207 812 2240 ὁμο

907 2208 950 2228 am
962 2201 1050 2236 angeli
1062 2201 1170 2235 quidem
1184 2199 1351 2227 immortales
1367 2204 1441 2230 sunt,
1459 2198 1556 2226 Filium
1572 2202 1662 2226 autem

55 2247 131 2275 οὐςιον
141 2251 219 2277 αὐτοῦ
233 2251 296 2278 Υἱὸν
311 2250 466 2288 παρέδωκεν
477 2253 491 2278 ὁ
504 2251 598 2286 Πατὴρ
614 2251 683 2286 ὑπὲρ
700 2250 777 2286 ἡμῶν
788 2252 811 2277 εί

904 2255 956 2274 tum
984 2247 1245 2275 consubstantialem
1268 2246 1349 2274 morti
1374 2245 1486 2273 tradidit
1511 2244 1591 2273 Pater
1613 2253 1662 2280 pro

57 2291 157 2322 θάνατον
167 2305 174 2311 ·
770 2304 775 2309 '

770 2304 775 2309 ν
878 2293 957 2320 nobis
968 2301 974 2325 ;

86 2341 123 2368 11.
136 2343 217 2369 Τοῦτο
231 2343 287 2378 γὰρ
299 2342 372 2378 αὑτῷ
383 2343 487 2379 ὑπῆρχε
502 2342 575 2375 δόξα.
841 2341 844 2369 1

564 2362 575 2370 ,.
841 2341 865 2370 D
914 2339 958 2366 11.
970 2339 1028 2366 Hoc
1044 2338 1115 2365 enim
1129 2338 1152 2365 ei
1165 2337 1258 2373 gloriae
1271 2337 1322 2365 fuit

87 2386 124 2413 12.
141 2388 255 2420 Πάντας,
267 2388 313 2420 οὓς
325 2388 434 2421 ἔκτισας
448 2388 617 2424 ἀνθρώπους,
630 2387 762 2422 ἐποίησας
776 2395 828 2421 φυ-

915 2385 958 2411 1‘2.
973 2386 1082 2416 Omnes.
1100 2392 1170 2419 quos
1193 2385 1290 2411 creasti
1312 2383 1446 2416 homines,
1463 2382 1551 2410 fecisti
1573 2382 1608 2410 ab
1632 2390 1665 2410 eo

57 2430 183 2461 λάττεσθαι
195 2435 240 2461 ὑπ’
254 2434 347 2462 αὑτοῦ.

264 2434 347 2462 ιὺτοῦ.
881 2431 1022 2458 custodiri.

88 2477 125 2503 13.
136 2479 211 2514 Αὐτῷ
227 2480 292 2515 γὰρ,
308 2480 345 2512 ὼς
361 2479 472 2512 δυνατὸς
486 2478 514 2516 ᾗ.
526 2477 548 2512 ᾧ
565 2479 618 2506 πᾶν
634 2478 698 2512 γόνυ
721 2477 827 2512 κάμψει

917 2476 959 2502 15.
976 2475 1028 2510 1ρεί
1046 2475 1128 2506 cnim.
1143 2483 1205 2502 cum
1222 2478 1318 2510 potens
1335 2475 1381 2507 sit,
1396 2481 1477 2501 omne
1494 2481 1564 2509 genu
1577 2473 1666 2501 ﬂectet

60 2520 219 2558 ἰπσδρανίων,
234 2525 362 2559 ἐπιγείων
377 2526 426 2561 (5),
446 2525 639 2560 καταχθονίων,
649 2523 818 2558 ἐξομολογού-

906 2522 1044 2553 elestium.
1055 2521 1223 2548 terrestrium
1237 2525 1264 2548 et
1280 2520 1460 2552 infernorum,
1477 2520 1664 2547 conﬁtentium

61 2575 133 2600 μενοι,
145 2570 185 2596 ὅτι
200 2571 303 2606 Ἰησοῦς
321 2571 358 2602 ὡς
374 2571 480 2606 ἀληθῶς
497 2571 561 2603 Υἱός
581 2579 628 2597 σου
652 2569 722 2596 κατὰ
744 2569 819 2604 φύσιν

909 2568 953 2594 rod
965 2567 1046 2595 Jesus
1061 2575 1123 2594 vere
1140 2566 1226 2594 Filius
1242 2572 1306 2594 tnus
1321 2572 1362 2594 est
1377 2568 1526 2594 secundum
1541 2570 1665 2592 naturam

61 2610 101 2645 τῆς
113 2614 157 2650 σῆς
170 2616 261 2647 οὐσίας
276 2617 360 2644 ἐστίν.

317 2617 360 2644 τίν.
881 2619 934 2642 tua:
944 2614 1075 2642 essentia}.

517 2683 667 2716 Addenda
683 2685 714 2715 et
733 2680 926 2720 corrigenda.
946 2689 984 2711 ex
1001 2681 1072 2712 cod.
1089 2680 1189 2712 Vatic.

101 2744 125 2782 1)
137 2746 201 2782 ξΑπν
211 2749 332 2782 ἔσχατον.

251 2756 332 2782 [aro-4.
922 2744 957 2782 (1)
968 2744 1009 2782 Ti-

101 2744 125 2777 1)
142 2746 190 2772 ’Δπ
211 2749 332 2782 ἔσχατον.
922 2744 957 2777 14)
968 2744 1010 2771 Τί-

91 2743 126 2849 ἓξ
918 2780 955 2815 (5)
978 2780 1022 2813 Ὠς
1034 2779 1146 2815 δύναμις
1159 2787 1187 2815 ῃ,
1197 2786 1251 2806 παν
1265 2798 1270 2804 .
1282 2797 1289 2805 .
1304 2797 1310 2804 .
1325 2798 1332 2804 .
1344 2786 1390 2804 και
1406 2784 1533 2810 επιγειων
1545 2775 1602 2810 καί,
1611 2780 1666 2806 etc.

117 2816 126 2849 )
141 2815 168 2842 ’0
180 2815 290 2851 Κύριος.
