1919 3051
56 133 111 161 6⁸17

93 190 139 218 12.
162 190 299 216 Ἀπώλετο
311 189 342 215 τὺ
357 189 528 224 μνημόσυνον
543 189 632 216 αὐτῶν
651 190 708 225 μετ’
727 191 809 226 ἤχου*

91 236 137 264 15.
153 236 209 263 Καὶ
219 236 234 262 ὀ
246 236 347 270 Κύριος
361 236 400 266 εὶς
410 235 455 262 τὸν
472 234 556 261 αἰῶνα
574 235 658 270 μένει.

92 283 138 309 11.
162 281 324 316 Ἠτοίμασεν
339 281 367 307 ἐν
379 281 468 316 κρίσει
484 281 532 307 τὸν
549 281 642 317 θρόνον
656 281 738 308 αὑτοῦ
748 290 754 296 ·

94 328 107 355 1
113 327 139 354 5.
151 326 206 353 Καὶ
218 326 299 357 αὐτὸς
309 327 396 361 κρινεῖ
403 326 451 361 τὴν
459 327 621 362 οἰκουμένην
632 328 660 353 ἐν
668 327 824 364 δικαιοσύνῃ

94 373 138 400 16.
159 374 254 408 Κρινεῖ
266 372 347 402 λαοὺς
360 373 389 398 ἐν
405 372 543 406 εύθύτητι,

97 420 141 445 17.
162 419 217 445 Καὶ
230 419 338 450 ἐγένετο
354 418 455 454 Κύριος
471 418 616 453 καταφυγὴ
630 419 668 453 τῷ
683 419 790 455 πένητι,

94 464 137 492 18.
153 464 255 500 Βοηθὸς
266 465 295 491 ὲν
308 464 469 500 εὐκαιρίαις,
492 465 521 491 ἐν
535 464 650 499 θλίψεσι.

95 510 139 538 19.
160 510 215 537 Καὶ
241 510 428 536 ὲλπισάτωσαν
449 510 494 536 ἐπὶ
522 510 562 536 σοὶ
576 511 600 536 οἱ
617 509 795 544 γινώσκοντες
814 511 845 537 τὸ

57 556 144 591 mea
158 564 204 582 σου
212 564 219 570 ·

91 601 506 637 20.Ὅτιίούκὲγκατέλιπεςτοὺς
512 601 692 637 ἐκζητοῢντάς
699 611 739 635 σε,
747 603 842 638 Κύριε.

93 649 138 676 21.
155 649 265 676 Ψάλατε
279 648 318 683 τῷ
333 648 428 684 Κυρίῳ
447 648 484 683 τῷ
498 648 668 674 κατοικοῦντι
683 649 712 674 ἐν
728 649 806 676 Σιών·

94 695 140 722 22.
162 695 352 729 ’Λναγγείλατε
367 696 396 721 ἐν
412 695 468 725 τοῖς
487 694 575 721 ἔθνεσι
594 695 627 721 τὰ
643 695 845 732 ἐπιτηδεύματα.

58 741 153 768 αὐτοῦ·

95 787 140 814 25.
157 786 218 814 ’Ότι
229 789 244 814 ὀ
256 787 378 823 ἐκζητῶν
390 787 423 815 τὰ
439 789 543 824 αἵματα
559 789 649 816 αὐτῶν
667 789 806 825 ἐμνήσθη·

93 875 138 902 24.
155 876 212 902 Οὐκ
226 876 372 903 ἐπελάθετο
385 877 435 911 τῆς
447 878 570 913 κραυγῆς
589 878 643 904 τῶν
658 879 794 914 πενήτων.

93 922 140 949 25.
163 922 288 958 Ἐλέησόν
305 931 348 958 με,
366 923 465 955 Κύριε·
488 924 525 950 ἱόε
544 924 592 959 τὴν
611 925 772 952 ταπείνωσιν
793 933 842 961 μου

56 969 92 995 ὲκ
105 968 160 995 τῶν
173 968 277 1004 ἐχθρῶν
291 977 340 1004 μου

93 1014 138 1040 26.
161 1014 190 1040 '0
202 1013 276 1048 ὑψῶν
293 1023 326 1048 με
342 1015 373 1040 ἐκ
389 1014 442 1040 τῶν
457 1014 548 1041 πυλῶν
563 1015 609 1041 τοῦ
624 1015 753 1048 θανάτου,

91 1060 138 1086 27.
157 1059 249 1091 ὀπως
263 1060 296 1086 ἂν
309 1059 457 1094 ἐξαγγείλω
471 1062 561 1093 πάσας
573 1062 621 1094 τὰς
634 1063 751 1094 αἰνέσεις
766 1071 813 1090 σου

94 1105 140 1132 28.
165 1106 208 1132 Ἐν
220 1107 280 1137 ταῖς
294 1106 390 1138 πύλαις
402 1107 451 1142 τῆς
466 1107 600 1143 θυγατρὸς
615 1108 696 1135 Σιών.

93 1152 140 1179 29.
168 1152 399 1188 Ἀγαλλιασόμεθα
410 1153 455 1179 ἐπὶ
467 1153 505 1188 τῷ
519 1155 644 1189 σωτηρίῳ
662 1163 718 1181 σου.

93 1198 138 1225 50.
163 1199 349 1235 Ἐνεπάγησαν
364 1199 427 1234 ἕθνη
442 1200 471 1226 ἐν
485 1198 655 1237 διαφθορᾷ,ᾖ
668 1201 807 1237 ἐποίησαν.

94 1244 140 1272 51.
161 1245 206 1272 Ἐν
233 1246 325 1280 παγίδι
345 1245 440 1283 ταύτῃ,
467 1244 484 1282 ᾖ
501 1246 636 1282 ἔκρυψαν,
666 1247 819 1284 συνελήφθη
832 1255 847 1275 ο

59 1291 130 1322 ποῦς
145 1291 246 1320 αὐτῶν.

523 132 567 159 DE
587 132 727 161 TITULIS
747 131 971 161 PSALHOBUM.
992 147 1027 152 —
1047 131 1143 159 PSAL.
1165 131 1211 158 IX.

858 192 883 221 Α
933 188 976 215 12.
991 187 1074 214 Periit
1090 187 1222 215 memoria
1233 195 1327 215 eorum
1344 195 1407 215 cum
1427 188 1538 222 sonitu;

1627 130 1664 161 61
1670 135 1682 159 ’ζ

932 235 974 261 15.
989 234 1022 260 Et
1039 234 1170 261 Dominus
1183 233 1211 260 in
1228 237 1360 261 aeternum
1378 239 1529 269 permanet.

931 281 973 307 M.
991 280 1102 308 Paravit
1113 281 1140 307 in
1153 281 1258 315 judicio
1268 281 1397 308 thronum
1413 288 1513 313 suum;

930 327 973 354 15.
991 326 1024 353 Ει
1037 327 1094 361 ipse
1103 327 1237 361 judicahit
1251 327 1344 354 orbem
1364 332 1442 354 terra:
1460 328 1486 354 in
1501 328 1628 363 aequitate
1642 337 1650 362 ;

932 372 972 399 ιϐ.
989 371 1126 400 Judieabit
1142 373 1257 407 populos
1274 373 1301 400 in
1314 373 1431 407 justitia,

928 419 972 446 17.
987 418 1019 445 Et
1036 417 1126 446 factus
1137 423 1178 446 est
1196 418 1327 446 Dominus
1339 419 1475 454 refugium
1491 418 1616 454 pauperi,

931 464 973 491 18.
982 464 1131 499 Adjutorin
1142 465 1433 500 opportunitatilmsgin
1445 466 1679 493 tribulationibus.

930 510 973 538 19.
993 510 1027 537 Et
1042 515 1150 545 sperent
1167 511 1194 537 in
1206 515 1241 542 te,
1253 511 1299 546 qui
1319 516 1453 539 noverunt
1464 519 1564 539 nomen
1579 516 1654 538 tuum
1668 519 1679 545 ς

928 599 1111 633 20.Quoniam
1119 607 1172 627 non
1181 600 1348 636 dereliquiin
1355 604 1506 636 quaerentes
1513 605 1549 632 te.
1556 600 1670 629 Domine

929 645 974 673 2i.
995 645 1104 674 Psallite
1120 646 1237 674 Domino
1249 647 1295 682 qui
1315 648 1418 675 habitat.
1433 648 1459 674 in
1477 647 1560 680 Sion;

928 692 974 720 22.
995 692 1162 720 Annuntiate
1181 692 1253 719 inter
1271 697 1365 728 gentes
1381 694 1471 721 studia
1486 693 1562 728 ejus;

928 799 973 826 25.
994 799 1128 832 Quoniam
1140 799 1282 834 requirens
1293 799 1452 834 sanguinem
1465 807 1571 832 eorum,
1588 807 1680 827 recor-

895 845 975 871 datus
992 849 1034 871 est
1045 852 1062 876 ;v

860 870 882 899 ῃ
930 888 975 915 21.
1004 889 1061 916 Νοιι
1078 894 1120 916 est
1137 891 1238 918 oblitus
1252 891 1398 918 clamorem
1413 897 1574 925 pauperum.

931 933 975 961 25.
996 933 1124 963 Miserere
1151 937 1214 968 mei.
1242 936 1354 963 Domine
1380 946 1387 963 :
1416 936 1475 963 vide
1502 936 1682 963 humilitatem

897 986 984 1006 meam
1000 979 1033 1007 de
1049 981 1165 1009 inimicis
1185 983 1268 1014 meis;

929 1025 974 1052 26.
997 1025 1047 1058 Qui
1061 1027 1164 1055 exaltas
1178 1036 1221 1055 me
1238 1028 1270 1055 de
1287 1029 1372 1063 portis
1384 1028 1489 1061 mortis,

930 1070 975 1098 27.
997 1071 1031 1099 Ut
1045 1073 1204 1100 annuntiem
1218 1081 1313 1101 omnes
1327 1074 1496 1102 laudationes
1511 1076 1581 1108 tuas,

931 1116 976 1143 28.
998 1116 1026 1143 In
1047 1118 1133 1152 portis
1147 1118 1208 1145 ﬁliae
1222 1117 1297 1146 Sion.

931 1162 975 1189 29.
996 1162 1202 1192 Exsultabimus
1221 1164 1248 1191 in
1266 1164 1378 1192 salutari
1399 1169 1456 1192 tuo.

930 1208 974 1235 30.
995 1208 1087 1236 inﬁxa:
1099 1213 1163 1236 sunt
1175 1214 1269 1245 gentes
1280 1210 1307 1236 in
1320 1210 1440 1241 interitu,
1454 1218 1535 1245 quem
1548 1208 1681 1238 fecerunt.

930 1253 975 1280 51.
997 1253 1024 1280 lu
1038 1254 1136 1289 laqueo
1151 1254 1214 1288 isto,
1229 1262 1310 1289 quem
1327 1255 1541 1287 abscondcruut,
1558 1263 1682 1290 compre-

896 1300 999 1326 hensus
1017 1305 1057 1327 est
1073 1308 1120 1334 pes
1135 1307 1240 1328 eorum.

608 1352 810 1392 >ATHANASII
829 1355 1123 1387 INTERPRETATIO.

95 1399 140 1425 12.
154 1398 247 1430 Οὕτως
262 1398 408 1430 ἀπώλοντο,
421 1399 493 1426 ὥστε
509 1400 642 1435 ἀκουστὴν
656 1400 782 1434 γενέσθαι
795 1401 845 1437 τὴν

57 1444 196 1472 ἀπώλειαν
211 1444 310 1477 αὐτῶν,
328 1445 374 1471 καὶ
390 1445 456 1480 μηδὲ
468 1446 577 1481 μνήμην
593 1446 682 1472 αὐτῶν
702 1447 844 1483 φέρεσθαν

95 1492 140 1518 15.
165 1492 193 1517 '0
211 1491 238 1517 δὲ
257 1491 358 1526 Κύριος
371 1491 452 1522 ἀΐδιος
470 1492 525 1527 ζωή
543 1492 625 1520 ἐστιν.

95 1537 140 1564 14.
156 1537 297 1573 Προώρισε
307 1537 352 1564 τὸν
364 1537 457 1573 θρόνον
472 1538 565 1567 αὑτοῦ.

96 1584 142 1610 15.
156 1583 243 1615 Αὐτὸς
253 1583 307 1619 γὰρ
320 1585 407 1619 κρινεῖ
418 1584 525 1619 ἑκάστῳ
540 1583 611 1611 κατὰ
624 1584 658 1611 τὰ
671 1583 739 1620 ἔργα
752 1584 844 1620 αὑτοῦ,

98 1671 142 1699 16.
167 1671 279 1707 Ὀρθῶς,
299 1673 557 1708 ἀπροσωπολήπτως

98 1717 141 1747 17,
155 1717 198 1744 18.
213 1717 313 1752 Βοηθὸς
327 1719 355 1743 ἐν
370 1718 533 1754 εὐκαιρίαις,
547 1719 575 1745 ὲν
590 1717 710 1753 θλίψεσιν
722 1727 729 1734 ·
745 1721 846 1747 εὐκαι-

56 1762 149 1796 ρίαις,
175 1762 263 1796 λέγει,
290 1763 391 1789 ὡσανεὶ⁸
416 1764 445 1789 ἐν
467 1764 505 1799 τῷ
525 1762 594 1791 εἷναι
621 1765 666 1792 τὸν
689 1765 794 1802 πένητα
812 1767 846 1804 τῇ

59 1808 133 1844 ψυχῇ
150 1808 311 1844 ἀϐοήθητον,
328 1809 421 1843 ἐγένου
438 1809 512 1845 αὐτῷ
527 1810 634 1845 βοηθός.

96 1907 140 1934 19.
161 1908 193 1934 οι
207 1908 261 1944 γὰρ
279 1908 316 1944 μὴ
328 1908 435 1942 γνόντες
450 1909 529 1936 αὑτὸν
544 1909 720 1946 ἐσταύρωσαν
736 1910 827 1938 αὐτόν.

97 1953 143 1980 20.
164 1953 233 1985 Τοὺς
247 1953 443 1986 ἐπιποθοῦντάς
458 1963 498 1986 σε,
512 1954 608 1990 Κύριε.

96 1999 142 2026 21.
171 2000 354 2035 Ἀνυμνήσατε
365 1999 410 2026 τὸν
419 2001 567 2036 οἰκήσαντα.
575 2001 676 2038 Κύριον
686 2003 715 2029 ἐν
723 2004 755 2039 τῇ
766 2003 844 2035 Σιὼν,

61 2045 126 2072 ἔνθα
142 2045 231 2080 ὤφθη.

96 2092 143 2120 22.
169 2092 396 2128 Ἐπιτηδεύματα
414 2093 505 2120 αὑτοῦ
515 2101 522 2108 ·
537 2093 570 2120 τὰ
581 2094 750 2129 δικαιώματα
761 2094 842 2130 λέγει.

95 2138 144 2166 25.
162 2136 238 2172 Aha;
251 2138 325 2172 λέγει
340 2138 389 2169 τὰς
399 2137 486 2173 ψυχὰς
499 2138 598 2165 αὐτῶν.

932 1406 976 1432 12.
991 1405 1030 1433 [ta
1049 1411 1170 1442 pereant,
1192 1411 1222 1434 ut
1236 1414 1331 1434 eorum
1350 1407 1429 1433 ruina
1446 1405 1581 1438 audiatur,
1594 1413 1682 1441 neque

897 1450 953 1478 ulla
967 1458 1062 1478 eorum
1076 1451 1205 1478 memoria
1222 1451 1338 1486 supersit
1358 1460 1365 1478 :

934 1497 978 1523 15.
997 1496 1130 1524 Dominus
1145 1500 1235 1523 autem
1253 1501 1352 1524 acterna
1369 1495 1422 1523 vita
1437 1500 1487 1523 est.

933 1543 976 1570 11.
992 1543 1140 1571 Prtetinivit
1155 1544 1283 1570 thronum
1301 1550 1390 1570 suum.

931 1589 975 1616 15.
989 1589 1049 1624 ipse
1062 1590 1134 1617 enim
1150 1589 1183 1617 de
1199 1596 1364 1624 unoquoque
1372 1587 1508 1622 judicabit
1528 1587 1680 1615 secundum

897 1641 980 1670 opera
994 1635 1066 1669 ejus,

933 1680 976 1707 16.
994 1679 1076 1708 Recte
1089 1683 1115 1707 et
1132 1679 1192 1707 sine
1202 1686 1381 1714 personarum
1395 1678 1564 1714 acceptione.

932 1716 1035 1757 17,18.
1053 1725 1170 1759 Adjutor
1192 1725 1220 1751 in
1243 1724 1503 1759 opportunitatibus,
1519 1724 1544 1750 in
1568 1723 1682 1751 tribula-

897 1771 1018 1798 tionibus
1032 1781 1038 1798 :
1054 1771 1082 1798 in
1093 1770 1334 1807 opportunitatibus
1347 1770 1422 1802 dicit,
1442 1770 1525 1796 veluti
1540 1777 1601 1796 cum
1619 1777 1681 1797 am-

896 1826 941 1845 ma
953 1826 1054 1853 pauper
1071 1822 1154 1851 esset,
1169 1822 1197 1846 et
1210 1818 1269 1845 sine
1292 1817 1433 1851 adjutore,
1455 1815 1544 1843 factus
1564 1822 1600 1851 es
1624 1815 1678 1850 ipsi

897 1864 1014 1892 adiutor.

942 1872 1014 1892 utor.

930 1872 975 1936 19.
996 1909 1102 1936 Etenim
1117 1916 1172 1936 non
1186 1911 1382 1943 cognoscentes
1394 1906 1679 1939 eum,crucilixerunt.

931 1955 976 1983 20.
1000 1955 1189 1983 Desiderantes
1206 1959 1242 1987 te,
1263 1954 1389 1985 Domine,

929 2003 975 2029 2|.
996 2001 1116 2028 Laudate
1132 2000 1289 2034 Dominum,
1312 2000 1360 2035 qui
1377 1998 1482 2026 habitat
1497 1999 1524 2027 in
1542 1997 1619 2030 Sion,
1632 1997 1680 2025 ubi

895 2048 972 2075 visus
989 2051 1040 2074 est.

930 2093 975 2120 22.
996 2091 1093 2119 Studia
1106 2091 1173 2126 ejus,
1188 2090 1311 2125 justitias
1325 2089 1469 2124 signiﬁcat.

930 2139 974 2166 25.
996 2138 1159 2173 Sanguinem
1175 2140 1254 2165 vocat
1270 2136 1375 2163 animas
1388 2143 1491 2162 eorum.

94 2183 142 2210 24.
164 2183 223 2217 Τὴν
240 2183 375 2218 κραυγὴν
388 2182 447 2209 τῶν
461 2183 606 2216 πενήτων,
619 2183 673 2211 τῶν
696 2184 780 2218 ἁγίων
802 2185 840 2212 λέ-

930 2185 975 2213 21.
996 2183 1143 2211 Clamorem
1168 2191 1322 2218 pauperum,
1348 2182 1494 2210 clamorem
1521 2184 1678 2208 sanctorum

58 2238 114 2265 τει.

95 2276 143 2304 25.
163 2276 223 2302 Τῶν
235 2275 364 2302 διαϐόλων
379 2275 462 2309 λέγει.

94 2321 141 2349 26.
161 2322 264 2355 Πύλας
269 2321 397 2348 θανάτου
405 2321 478 2356 λέγει
486 2322 534 2353 τὰς
543 2321 652 2357 διδαχὰς
658 2322 704 2349 τοῦ
712 2323 843 2350 διαϐόλου.

94 2366 140 2393 27.
163 2366 255 2398 Ὅπως
266 2365 299 2392 ἂν
313 2365 423 2401 κηρύξω
436 2366 526 2397 πάσας
537 2366 587 2398 τὰς
600 2367 736 2402 εὐφημίας
753 2376 809 2395 σου.

93 2411 140 2439 28.
160 2410 236 2438 Σιὼν
258 2411 306 2446 μὲν
325 2411 504 2447 ἑρμηνεύεται
525 2412 757 2446 σχοπευτήριον·
782 2414 845 2446 περὶ

57 2459 88 2486 δὲ
104 2459 156 2493 τῆς
172 2457 228 2484 ἄνω
245 2457 420 2493 Ἰερουσαλὴμ
434 2457 518 2491 λέγει.

94 2504 140 2532 29.
167 2503 397 2538 Ἀγαλλιασόμεθα
414 2504 442 2530 ἐν
457 2503 495 2538 τῷ
509 2503 590 2531 πάθει
606 2512 663 2536 σου,
678 2504 761 2538 λέγει.

96 2551 143 2583 50,
158 2551 205 2578 51.
226 2550 310 2585 Ἔθνη
329 2549 402 2583 λέγει
417 2549 465 2581 τὰς
480 2550 608 2585 δυνάμεις
624 2549 670 2576 τοῦ
682 2550 780 2586 ἐχθροῦ
797 2551 839 2584 ἐμ-

57 2596 203 2632 αγείσας,
220 2596 267 2622 καὶ
282 2594 479 2630 συλληφθείσας
499 2596 544 2622 ἐπὶ
563 2596 701 2631 συντελείᾳ
712 2595 765 2622 τῶν
780 2596 845 2622 αἰώ-

58 2652 112 2670 νων
128 2643 157 2670 ὲν
179 2643 238 2673 ταῖς
255 2641 390 2676 ἀνομίαις,
406 2639 450 2673 αἷς
464 2642 540 2668 αὐτοὶ
563 2641 676 2677 ἐφεῦρον
686 2650 692 2656 ·
709 2641 752 2669 διὰ
767 2641 844 2668 τοῦτο

57 2690 151 2725 λέγει·
175 2689 202 2716 ’0
229 2688 305 2720 ποῦς
326 2687 424 2715 αὐτῶν
450 2687 635 2722 συνελήφθη,
659 2688 780 2715 τουτέστι
810 2688 843 2714 τὰ

58 2737 160 2772 ἔσχατα.
170 2735 261 2763 αὐτῶν
269 2743 276 2749 ·
289 2733 364 2765 τέλος
377 2732 430 2768 γὰρ
443 2734 543 2766 παντὸς
554 2733 601 2760 τοῦ
613 2733 739 2769 σώματος
750 2735 764 2764 ὁ
775 2733 843 2765 ποῦς

57 2784 117 2810 ἐστι
126 2790 132 2797 ·
147 2782 189 2809 διὸ
204 2781 251 2808 καὶ
266 2780 407 2815 θεωρεῖται
418 2780 464 2806 καὶ
474 2780 664 2816 ἁλληγορεῖται
679 2780 720 2811 εις
732 2779 767 2807 τὰ
778 2779 841 2815 τέλη

57 2830 110 2857 τῶν
128 2829 244 2856 αἰώνων.

895 2236 984 2259 νοοοι.

929 2275 973 2303 25.
995 2275 1032 2303 De
1045 2274 1159 2302 diabolis
1175 2273 1214 2301 ait

929 2322 973 2348 26.
995 2321 1093 2348 Portus
1107 2321 1200 2347 mortis
1212 2323 1301 2351 vocat,
1318 2318 1458 2346 doctrinas
1471 2317 1581 2344 diaboli.

931 2368 975 2395 27.
998 2368 1033 2396 Ut
1050 2367 1193 2403 praedicem
1210 2373 1305 2393 omnes
1320 2365 1414 2392 laudes
1431 2369 1501 2391 tuas.

927 2414 973 2441 28.
995 2413 1060 2441 Sion
1072 2413 1180 2448 quidem
1194 2412 1385 2446 interpretatur
1396 2409 1502 2444 specula
1513 2417 1523 2436 :
1539 2408 1572 2437 de
1584 2417 1680 2445 super-

894 2469 928 2488 na
944 2460 1094 2488 Jerusalem
1112 2458 1243 2494 loquitur.

927 2507 971 2534 29.
993 2506 1195 2534 Exsultabimus
1210 2505 1236 2531 in
1249 2504 1377 2539 passione
1396 2507 1451 2534 tua,
1468 2503 1568 2537 inquit.

927 2553 972 2585 50,
990 2553 1033 2579 51.
1053 2551 1146 2578 Gentes
1173 2554 1252 2578 vocat
1264 2549 1426 2585 'potestates
1452 2548 1557 2575 inimici
1575 2547 1603 2574 in
1625 2546 1679 2574 ﬁne

893 2599 1054 2627 saeculOrum
1079 2598 1188 2630 inlixas,
1204 2600 1232 2623 et
1248 2596 1464 2630 comprehensas
1483 2593 1510 2620 in
1526 2592 1679 2627 iniquitati~

892 2646 953 2677 bus,
969 2652 1038 2679 quas
1052 2644 1102 2678 ipsi
1117 2644 1295 2674 invenerunt;
1308 2645 1449 2676 propterea
1469 2639 1535 2666 dicit
1550 2648 1556 2665 :
1574 2637 1622 2664 Pes
1635 2645 1678 2664 ρο-

892 2699 951 2718 rum
961 2690 1160 2725 comprehensus
1175 2692 1224 2721 est,
1237 2687 1289 2714 hoc
1302 2691 1344 2714 est
1356 2693 1450 2713 eorum
1465 2684 1630 2714 novissima;
1646 2681 1679 2708 ﬂ-

892 2738 935 2765 nis
949 2737 1022 2764 enim
1038 2736 1122 2765 totius
1140 2734 1262 2770 corporis
1280 2741 1328 2768 pes
1340 2737 1401 2765 est;
1416 2734 1558 2766 propterea
1577 2728 1679 2764 allego-

891 2783 948 2811 rice
961 2782 1162 2815 consideratur,
1176 2785 1204 2809 et
1219 2779 1320 2808 dicitur
1336 2779 1369 2806 de
1382 2776 1544 2806 saeculorum
1559 2773 1623 2802 ﬁne.
