1919 3051
243 125 295 154 679

278 182 324 210 32.
343 180 527 216 Cognoscetur
542 179 673 207 Dominus
685 179 787 214 judicia
803 179 916 207 iaciens.

279 229 324 256 '53.
345 228 373 255 In
389 227 518 262 operibus
534 234 664 254 manuum
680 234 792 254 suarum
817 225 1032 261 comprehensus

245 279 286 303 εει
300 278 437 309 peccator.

280 320 324 347 51.
345 319 544 346 Convertantur
558 321 716 353 peccatores
732 317 758 344 in
770 317 926 350 infernum;

279 365 325 393 '55.
345 364 446 392 Omnes
461 369 558 400 gentes
572 371 633 398 quae
649 363 848 391 obliviscuntur
864 364 958 391 Deum.

280 411 325 439 56.
345 411 480 444 Quoniam
497 417 550 437 non
564 410 590 436 in
607 410 687 436 ﬁnem
703 410 805 437 oblivio
819 410 870 437 erit
885 409 1031 444 pauperis:

281 457 326 484 57.
346 457 479 484 Patientia
496 464 646 491 pauperum
660 463 715 482 non
728 455 826 491 peribit
839 455 866 482 in
881 455 975 483 linem.

282 547 325 575 58.
346 546 479 581 Exsurge,
495 545 619 578 Domine,
633 553 687 573 non
704 545 873 573 confortetur
889 545 972 572 homo
987 553 994 572 :

282 593 326 621 59.
347 592 507 620 Judieentur
523 596 618 626 gentes
634 591 661 618 in
677 596 824 625 conspectu
841 595 898 618 tuo.

281 638 325 665 κιο.
347 637 498 669 Constitue,
514 637 636 667 Domine,
650 637 831 671 legislatorem
848 645 931 672 super
943 643 990 664 eos
1008 646 1014 664 :

281 683 325 709 M.
346 681 381 709 Ut
394 682 481 710 sciant
498 686 591 716 gentes
606 681 735 716 quoniam
753 681 877 709 homines
892 687 965 709 sunt.

282 730 326 757 ιε.
346 728 456 764 thuid,
473 728 597 760 Domine,
615 728 752 755 recessisti
771 728 870 763 longe?

282 775 326 802 45.
347 774 470 802 Desoicis
482 774 509 801 in
522 774 782 809 opportunitatibus,
798 774 825 801 in
850 774 1035 802 tribulationi-

247 821 317 849 bus?

284 868 328 894 14,
350 867 418 894 Dum
433 867 556 902 superbit
569 867 680 902 impius,
697 867 853 895 incenditur
866 875 979 902 pauper.

285 958 328 985 45.
347 957 623 993 Comprehenduntur
646 958 673 985 in
699 958 821 986 consiliis
842 958 942 992 quibus
964 965 1037 992 cogi-

249 1008 317 1032 tant.

284 1048 329 1076 46.
350 1049 484 1082 Quoniam
498 1049 625 1077 laudatur
640 1054 768 1085 peccator
779 1049 805 1076 in
821 1049 965 1076 desideriis
977 1048 1036 1076 ani-

251 1103 302 1123 mm
320 1103 387 1128 suae,

285 1141 330 1168 47.
351 1140 385 1167 Ει
403 1140 514 1174 iniquus
527 1140 711 1168 benedicitur.

285 1186 330 1213 48.
352 1185 531 1213 Exacerbavit
543 1185 687 1212 Dominum
704 1190 850 1220 peccator;

286 1231 329 1259 19.
351 1230 508 1258 Secundum
520 1229 723 1256 multitudinem
736 1230 783 1256 irae
797 1237 853 1257 suae
862 1237 915 1257 non
925 1233 1037 1264 quaeret.

287 1327 332 1356 50.
351 1327 410 1355 Non
427 1331 469 1354 est
483 1326 554 1354 Deus
567 1327 593 1352 in
611 1331 759 1360 conspectu
774 1326 852 1361 ejus:

288 1374 332 1402 51.
352 1373 502 1409 [nquinatae
518 1376 582 1400 sunt
598 1372 648 1399 viie
664 1373 736 1400 illius
754 1373 781 1400 in
801 1373 874 1400 omni
890 1377 1020 1408 tempore.

680 122 708 149 S.
728 120 918 149 ATHANAS“
937 121 1015 149 OPP.
1036 119 1128 147 PARS
1148 119 1192 147 lli.
1210 134 1243 139 -—
1262 118 1467 146 EXEGETICA.

1821 119 1879 147 680

1042 182 1067 211 Α
1117 177 1161 204 52.
1178 176 1341 204 Γινώσκεται
1359 177 1460 212 Κύριος
1477 177 1597 212 κρίματα
1609 176 1705 204 ποιῶν.

1121 223 1166 250 53.
1194 224 1238 250 Ἐν
1263 225 1319 255 τοῖς
1331 223 1421 258 ἔργοις
1435 223 1489 250 τῶν
1504 224 1602 259 χειρῶν
1615 223 1700 251 αὑτοῦ
1717 224 1877 259 συνελήφθη

1084 271 1098 296 ὁ
1110 270 1280 305 ἁμαρτωλός.

1118 317 1162 344 δι.
1182 317 1447 352 Ἀποστραφήτωσαν
1463 317 1487 342 οἱ
1501 316 1658 351 ἁμαρτωλοὶ
1677 317 1717 348 εις
1733 316 1780 342 τὸν
1795 316 1876 352 ᾷδττν

1119 362 1162 389 55.
1178 362 1269 389 Πάντα
1280 362 1315 388 τὰ
1327 362 1390 397 ἔθνη
1403 362 1438 388 τὰ
1452 362 1683 397 ὲπιλανθανόμενα
1698 362 1747 388 τοῦ
1766 362 1849 388 Θεοῦ.

1119 408 1164 435 56.
1186 409 1245 435 ’Ὁτι
1259 409 1309 435 οὐκ
1325 409 1365 440 εἰς
1382 408 1457 440 τέλος
1471 408 1663 444 ὲπιλαθήσεται
1679 410 1694 435 ὁ
1710 409 1838 443 πτωχός·

1119 455 1164 482 57.
1191 455 1224 482 Ἦ
1237 455 1360 491 ὑπομονὴ
1376 455 1430 481 τῶν
1457 455 1579 491 πενήτων
1604 456 1655 482 οὐκ
1677 455 1822 482 ἀπολεῖται
1836 456 1882 486 εἰς

1083 501 1167 533 τέλος.

1120 548 1163 575 58.
1183 547 1335 583 Ἀνάστηθι,
1346 548 1441 583 Κύριε,
1456 547 1491 584 μὴ
1505 548 1694 584 κραταιούσθω
1709 548 1859 584 ἄνθρωπος
1870 557 1878 564 ·

1117 593 1161 621 59.
1183 594 1362 629 Κριθὴτωσαν
1377 594 1441 629 ἔθνη
1456 593 1571 621 ἐνώπιόν
1585 603 1642 621 σου.

1118 641 1162 668 40.
1179 641 1366 676 Κατάστησον,
1384 640 1479 675 Κύριε,
1494 640 1641 676 νομοθέτην
1654 640 1696 667 ἐπ’
1712 640 1830 672 αὐτούς·

1118 687 1161 714 41.
1180 686 1327 713 Γνώτωσαν
1342 686 1405 721 ἔθνη
1421 686 1462 712 ὅτι
1482 686 1620 722 ἄνθρωποί
1633 688 1714 713 εἰσιν.

1119 733 1164 760 42.
1185 733 1242 759 Ἵνα
1260 732 1298 763 τί,
1313 732 1410 767 Κύριε,
1428 732 1588 767 ἀφέστηκας
1603 731 1759 768 μακρόθενς

1119 779 1163 806 65.
1185 779 1336 814 Ὑπερορᾷς
1350 779 1380 804 ὲν
1396 778 1556 814 εὐκαιρίαις,
1573 779 1601 805 ἐν
1621 778 1760 813 θλίψεσιν;

1050 875 1071 902 Β
1121 865 1165 892 41.
1187 865 1231 892 Ἐν
1246 865 1284 900 τῷ
1310 864 1561 900 ὑπερηφανεὺεσθαι
1582 865 1627 891 τὸν
1642 865 1739 900 ἀσεϐῆ,
1755 866 1883 901 ἐμπυρέ-

1087 912 1162 945 ζεται
1174 912 1188 938 ὁ
1203 912 1321 946 πτωχός.

1122 958 1167 986 45.
1197 957 1433 992 Συλλαμὸάνονται
1457 957 1486 983 ὲν
1512 956 1692 989 διαϐουλίοις,
1718 955 1760 989 οἷς
1783 957 1882 984 διαλο-

1087 1002 1219 1037 γίζονται.

1123 1050 1167 1076 46.
1183 1050 1244 1075 Ὀτι
1264 1049 1414 1075 ἐπαινεῖται
1437 1050 1451 1075 ὁ
1470 1049 1632 1086 ἁμαρτωλὸς
1656 1050 1686 1077 ὲν
1699 1051 1759 1082 ταῖς
1779 1050 1882 1078 ἐπιθυ-

1089 1096 1164 1132 μίαις
1179 1096 1229 1130 τῆς
1241 1095 1330 1130 ψυχῆς
1345 1095 1427 1122 αὑτοῦ
1438 1105 1444 1111 ·

1125 1143 1169 1170 47.
1190 1143 1245 1169 Καὶ
1259 1143 1272 1168 ὁ
1291 1141 1392 1168 ἀδικῶν
1404 1143 1593 1178 ὲνευλογετται.

1124 1190 1168 1216 48.
1187 1189 1334 1224 Παρώξυνε
1351 1189 1395 1214 τὸν
1417 1189 1518 1225 Κύριον
1534 1192 1548 1217 ὁ
1570 1191 1730 1226 ἁμαρτωλός
1744 1199 1751 1206 ·

1122 1236 1167 1263 49.
1184 1235 1262 1262 Κατὰ
1282 1235 1314 1261 τὸ
1329 1235 1430 1270 πλῆθος
1451 1236 1502 1271 τῆς
1525 1237 1609 1273 ὀργῆς
1627 1238 1710 1265 αὑτοῦ
1729 1238 1780 1265 οὒκ
1798 1237 1884 1274 ἐκζη-

1087 1283 1180 1318 τήσει.

1123 1328 1168 1356 50.
1184 1329 1240 1356 Οὐκ
1255 1330 1327 1356 ἐστιν
1341 1332 1356 1357 ὁ
1370 1331 1435 1364 Θεὸς
1449 1331 1562 1358 ἐνώπιον
1574 1331 1656 1358 αὐτοῦ
1666 1339 1673 1346 ⁸

1127 1375 1171 1402 51.
1188 1376 1368 1412 Βεὸηλοῠνται
1387 1379 1415 1405 αἱ
1426 1379 1481 1405 ὁδοὶ
1491 1378 1573 1406 αὑτοῦ
1585 1379 1614 1405 ὲν
1628 1377 1711 1405 παντὶ
1722 1377 1826 1413 καιρῷ.

821 1450 1008 1479 ATHANASH
1027 1451 1317 1481 INTERPRETATIO.

287 1530 332 1559 τε.
349 1529 541 1564 Cognoverunt
563 1537 668 1562 omnes,
687 1528 761 1565 quod
781 1533 880 1564 potest
895 1530 1040 1558 vindictam

1128 1534 1172 1561 52.
1198 1534 1371 1567 Ἐπέγνωσαν
1399 1533 1508 1567 πάντες,
1533 1534 1574 1560 ὅτι
1600 1534 1710 1562 δύναται
1738 1535 1885 1570 ἐκδίκησιν

253 1576 354 1605 facere.

289 1624 333 1652 55.
351 1622 449 1650 Cordis
462 1623 505 1650 sui
522 1623 621 1658 inquit.

288 1670 333 1701 54,
348 1670 393 1698 35.
410 1669 512 1697 Omnes
527 1670 599 1697 enim
614 1673 773 1704 peccatores,
787 1669 833 1703 qui
847 1676 920 1696 nunc
930 1673 1004 1701 sunt,
1015 1669 1043 1696 in

254 1722 355 1745 terram
373 1721 562 1750 revertentur;
589 1717 720 1751 quoniam
747 1715 822 1743 obliti
846 1718 910 1742 sunt
934 1711 981 1742 Dei
996 1715 1043 1750 qui

253 1763 357 1790 ereavit
372 1770 431 1794 eos.
447 1765 475 1790 et
489 1762 657 1790 descendent
671 1763 698 1789 in
716 1761 880 1796 profundum
897 1760 1007 1788 inferni.

287 1809 333 1840 56,
350 1809 394 1837 37.
414 1808 564 1843 Paupercm
581 1812 608 1836 et
622 1808 742 1843 inopem,
763 1812 842 1834 vocat
854 1807 970 1842 justum.

288 1853 333 1881 58.
351 1853 430 1886 Veni,
444 1853 569 1885 Domine,
581 1860 616 1880 ne
627 1852 710 1880 veluti
721 1852 783 1887 jure
796 1859 846 1879 suo
862 1851 979 1886 quisque
995 1858 1043 1878 uo.

253 1902 341 1926 strum
356 1898 440 1926 libere
453 1899 619 1926 dominetur.

291 1943 334 1972 33.
355 1943 590 1974 Demonstrentur,
610 1943 682 1978 quod
698 1946 822 1978 peccant.

290 1989 336 2016 40.
357 1988 551 2024 Legislatorem
565 1988 710 2015 Dominum
732 1992 823 2015 vocat.

291 2036 336 2063 H.
355 2035 530 2071 Cognoscant
546 2042 622 2062 suam
636 2035 838 2063 inﬁrmitatem.

290 2081 335 2110 42.
355 2081 447 2109 Sivisti
463 2088 513 2108 nos
530 2081 670 2107 voluntate
684 2085 776 2107 nostra
794 2081 928 2109 incedere.

290 2127 335 2155 43.
356 2127 384 2154 In
393 2126 642 2161 opportunitatibus
656 2126 732 2159 dicit,
742 2126 866 2154 videlicet
879 2134 941 2154 cum
955 2134 1043 2156 essem

256 2173 331 2200 omni
345 2173 448 2200 auxilio
465 2171 622 2199 destitutus.

293 2220 335 2248 44.
352 2220 421 2247 Cum
445 2218 561 2252 insurgit
587 2217 712 2246 diabolus
725 2217 855 2246 adversus
869 2218 970 2254 justos,
986 2219 1044 2246 bel-
1057 2204 1084 2234 ι)

256 2266 312 2293 lum
327 2273 422 2293 eorum
437 2264 575 2291 mentibus
589 2262 672 2290 infert
685 2272 691 2290 :

293 2311 338 2338 45.
359 2311 391 2338 Ει
402 2312 511 2338 demum
526 2310 643 2344 quisque
658 2310 798 2336 hominum
812 2310 855 2336 his
872 2310 1044 2345 cogitationi-

257 2355 442 2386 bus/tenetur,
462 2362 521 2389 qua:
535 2362 550 2381 a
566 2354 698 2389 Propheta
716 2354 909 2389 subjiciuntur.

292 2401 338 2432 46,
356 2401 399 2428 17.
428 2399 620 2435 Unusquisque
641 2407 748 2432 eorum.
774 2400 821 2434 qui
850 2401 954 2435 aliquid
979 2401 1044 2428 mali

257 2452 423 2484 perpetrant,
436 2452 463 2475 et
477 2447 578 2475 divitiis
592 2447 742 2479 abundant,
758 2447 805 2482 qui
835 2447 939 2482 seipsos
965 2455 1046 2474 mun-

258 2495 337 2521 danis
354 2493 548 2527 cupiditatibus
573 2494 696 2524 tradunt,
721 2493 868 2520 laudantur
891 2497 918 2520 et
942 2493 1047 2528 glorili~

258 2547 354 2569 cantur
370 2541 404 2568 ab
420 2542 496 2576 ipsis.

293 2587 338 2619 48,
350 2587 394 2615 49.
410 2588 586 2614 Vehementer
601 2587 710 2622 quidem
724 2586 856 2613 adVersus
872 2590 1043 2620 peccatorem

259 2635 401 2668 irascitur,
420 2642 529 2662 rursum
549 2638 638 2660 autem
654 2633 820 2667 longanimis
834 2637 876 2659 est
888 2640 950 2659 cum
964 2640 1008 2659 eo.

293 2679 338 2711 50,
356 2680 400 2707 5M.
418 2679 465 2706 llle
480 2685 569 2706 autem
582 2686 636 2705 non
650 2678 803 2713 intelligens
818 2677 865 2705 Dei
882 2677 1045 2712 longanimi-

258 2730 351 2758 tatem,
370 2733 424 2752 non
447 2725 499 2752 sibi
519 2724 645 2760 proponit
659 2723 744 2751 Deum
760 2724 878 2758 judicem
903 2732 983 2752 suum
1001 2723 1044 2752 fu-

258 2777 369 2805 turum;
384 2772 431 2799 sed
447 2771 555 2806 quidem
573 2771 600 2798 in
617 2774 758 2806 peccatum
777 2778 972 2807 usquequaque
984 2778 1044 2806 spe-

260 2822 323 2845 ctat.

1093 1581 1192 1607 ποιεῖν.

1127 1624 1171 1651 55.
1193 1624 1250 1658 Τῆς
1266 1624 1379 1659 καρδίας
1392 1624 1475 1651 αὑτοῦ
1492 1624 1576 1659 λέγει.

1127 1670 1172 1700 51,
1189 1670 1233 1697 55.
1254 1671 1285 1696 Οἱ
1301 1670 1354 1706 γὰρ
1373 1671 1448 1702 ὄντες
1463 1671 1502 1702 εἰς
1524 1671 1573 1706 τὴν
1594 1670 1647 1706 γῆν
1671 1671 1885 1705 ἀπελεύσονται,

1093 1717 1133 1743 ὅτι
1149 1716 1309 1743 ἐπελάθοντο
1333 1716 1379 1743 τοῦ
1402 1716 1469 1743 Θεοῦ
1489 1716 1535 1743 τοῦ
1552 1717 1694 1749 κτίσαντος
1707 1718 1822 1751 αὐτοὺς,
1838 1719 1887 1746 καὶ

1093 1761 1292 1797 καταῦήσονται
1308 1763 1349 1793 εἰς
1362 1762 1487 1797 πυθμένα
1501 1762 1574 1798 ᾅδου.

1128 1808 1172 1841 56,
1187 1809 1230 1835 57.
1252 1808 1362 1844 Πτωχὸν
1378 1809 1426 1835 καὶ
1440 1809 1542 1844 πένητα
1557 1810 1603 1836 τὸν
1614 1809 1720 1836 δίκαιον
1734 1810 1822 1844 λέγει.

1129 1855 1171 1882 58.
1199 1855 1285 1887 Ἐλθὲ,
1303 1855 1399 1891 Κύριε,
1419 1855 1455 1891 μὴ
1480 1855 1518 1887 ὡς
1543 1856 1806 1892 αὐτοδεσποτησάτω
1821 1857 1885 1884 ἐκα-

1094 1909 1156 1933 στος
1172 1901 1259 1937 ἡμῶν.

1128 1948 1172 1975 59.
1193 1947 1390 1983 Δειχθήτωσαν,
1406 1949 1447 1974 ὅτι
1460 1948 1698 1984 διαμαρτάνουσιν.

1088 2031 1092 2034 _
1128 1993 1173 2020 40.
1194 1994 1351 2029 Νομοθέτην
1363 1994 1408 2020 τὸν
1424 1994 1525 2029 Κύριον
1539 1995 1622 2030 λέγει.

1128 2039 1172 2066 41.
1199 2039 1346 2074 Ἐπιγνῶσι
1363 2039 1411 2075 τὴν
1427 2040 1529 2067 ἑαυτῶν
1544 2040 1694 2068 ἀσθένειαν.

1129 2085 1174 2112 42.
1194 2085 1294 2116 Εῖασας
1308 2086 1381 2120 ἡμᾶς
1394 2085 1433 2121 τῷ
1451 2086 1598 2121 βουλήματι
1613 2086 1691 2122 ἡμῶν
1706 2088 1884 2123 πορεύεσθαι.

1128 2131 1173 2158 45.
1192 2130 1361 2167 Εὑκαιρίαις,
1375 2131 1457 2166 λέγει,
1469 2133 1567 2160 ὡσανεὶ
1578 2134 1606 2158 ὲν
1619 2132 1659 2168 τῷ
1672 2131 1744 2160 εἶναί
1759 2143 1794 2169 με
1805 2135 1886 2170 ὰσοή-

1095 2175 1185 2211 θητον.

1131 2222 1175 2249 44.
1202 2223 1245 2249 Ἐν
1261 2223 1300 2258 τῷ
1312 2223 1524 2258 κατεπαίρεσοαι
1540 2224 1585 2251 τὸν
1599 2223 1722 2251 διάϐολον
1744 2225 1820 2252 κατὰ
1834 2225 1886 2252 τῶν

1095 2268 1217 2300 δικαίων,
1238 2269 1352 2304 πολεμεῖ
1366 2270 1456 2300 αὐτοῖς
1470 2270 1539 2296 κατὰ
1552 2270 1680 2297 διάνοιαν.

1132 2315 1176 2340 45.
1198 2315 1251 2341 Καὶ
1265 2315 1357 2341 λοιπὸν
1376 2315 1491 2347 ἕκαστος
1508 2316 1562 2342 τῶν
1577 2316 1730 2352 ἀνθρώπων
1743 2319 1887 2352 κρατεῖται

1097 2361 1236 2396 λογισμοῖς
1250 2363 1307 2393 τοῖς
1320 2362 1508 2397 ὑποκειμένοις
1527 2362 1578 2389 ὑπὸ
1593 2363 1640 2390 τοῦ
1656 2364 1815 2400 Προφήτου.

1131 2406 1176 2439 66,
1199 2407 1243 2433 47.
1265 2407 1398 2438 Ἕκαστος
1425 2407 1478 2433 τῶν
1502 2408 1648 2435 ποιούντων
1673 2410 1760 2435 κακόν
1786 2419 1813 2436 τι
1843 2411 1887 2436 καὶ

1098 2452 1294 2486 πλουτούντων,
1311 2453 1358 2479 καὶ
1382 2455 1440 2484 ταῖς
1461 2453 1618 2488 ἐπιθυμίαις
1632 2454 1679 2480 τοῦ
1694 2455 1800 2489 κόσμου
1818 2456 1887 2482 ἐκδι-

1096 2499 1195 2526 δόντων
1217 2500 1339 2532 ἐαυτοὺς,
1355 2500 1504 2526 ἐπαινεῖται
1530 2501 1577 2527 καὶ
1599 2500 1741 2532 δοξάζεται
1766 2501 1820 2527 ὑπὸ
1835 2501 1886 2527 τῶν

1097 2546 1196 2573 αὐτῶν.

1131 2591 1176 2622 48,
1190 2591 1234 2618 49.
1261 2591 1414 2626 Ὀργίζεται
1429 2591 1477 2625 μὲν
1497 2591 1622 2625 μεγάλως
1643 2591 1689 2618 ἐπὶ
1706 2591 1747 2626 τῷ
1761 2592 1885 2627 ἁμαρτὰς

1095 2645 1166 2664 νοντι
1175 2657 1182 2669 ,
1197 2637 1366 2672 μακροθυμεῖ
1379 2637 1407 2663 δὲ
1423 2637 1502 2663 πάλιν
1516 2637 1559 2662 ἐπ’
1572 2637 1656 2672 αὐτῷ.

1132 2683 1176 2713 50.
1192 2683 1236 2710 51.
1263 2674 1381 2714 Ἐκεῖνος
1397 2682 1434 2714 δὲ,
1454 2682 1491 2718 μὴ
1509 2682 1605 2708 συνιὼν
1621 2682 1669 2718 τὴν
1683 2683 1731 2709 τοῦ
1744 2683 1812 2710 Θεοῦ
1835 2692 1884 2718 μα-

1096 2727 1256 2764 κροθυμίαν,
1270 2729 1300 2754 οὺ
1314 2728 1403 2764 τίθησι
1427 2728 1472 2754 τὸν
1493 2728 1559 2755 Θεὸν
1585 2729 1681 2764 κριτὴν
1707 2730 1808 2756 αὑτοῦ·
1827 2728 1884 2757 ἀλλ’

1096 2775 1140 2800 ἐπὶ
1157 2774 1205 2809 μὲν
1217 2776 1249 2810 τῇ
1263 2775 1385 2810 ἁμαρτίᾳ
1398 2775 1426 2801 ὲν
1442 2776 1522 2802 πᾶσιν
1534 2775 1590 2811 ὁρῶ
1604 2775 1687 2811 [694].
