1919 3051
228 114 280 143 683

265 170 308 198 75.
321 168 448 204 Orphano
463 174 489 196 tu
507 168 579 196 fuisti
596 169 711 203 atljutor.

263 216 309 244 74.
322 215 438 243 Contcre
453 215 592 242 brachium
607 215 758 249 peccatoris
773 218 799 241 et
816 214 925 249 maligni
943 222 949 238 :

265 303 309 331 75.
326 303 466 337 Quzeretnr
481 308 620 338 peccatum
637 304 718 334 illius,
733 309 761 331 ct
778 312 831 330 non
848 303 1010 331 invenietur.

267 349 310 376 76.
329 349 460 384 Regnabit
481 349 611 376 Dominus
630 350 656 376 in
676 357 819 381 aeternum,
840 354 866 376 et
883 351 910 376 in
929 356 1014 376 saecu-

232 395 286 422 lum
302 395 393 423 szeculi
411 404 417 421 :

268 442 310 469 77.
325 442 461 474 Peribitis,
478 448 583 478 gemes.
597 443 629 470 de
648 447 718 470 terra
736 443 819 470 illius.

267 488 310 516 78.
327 488 495 516 Desiderium
511 497 658 524 pauperum
673 489 810 516 exaudivit
824 489 965 516 Dominus.

267 533 310 562 79.
328 534 518 569 Praeparatioui
533 535 623 562 cordis
637 542 730 562 eorum
747 535 860 562 attendit
872 535 945 563 auris
957 539 1014 562 tua.

268 623 311 652 80.
326 624 419 652 Judica
436 625 536 659 pupillo
552 628 578 651 et
591 624 696 656 humili,

267 670 312 697 8L
330 669 364 697 Ut
382 678 436 697 non
461 675 580 706 apponat
601 671 672 698 ultra
693 670 867 711 magniﬁcare
889 678 919 698 se
934 670 1016 698 homo

233 723 311 751 super
324 720 433 743 terram.

341 772 372 800 1η
387 773 464 807 ﬁnem
479 773 602 800 Psalmus
617 773 711 800 Dauid.
725 772 857 800 PSALM.
874 772 910 799 X.

648 113 676 141 S.
697 112 883 140 ATHANASII
901 111 976 140 OPP.
997 110 1088 138 PARS
1108 110 1153 138 III.
1173 125 1207 129 —
1227 107 1434 136 EXEGETICA.

1798 104 1867 132 685

1095 167 1139 193 75.
1164 165 1288 202 Ὀρφανῷ
1302 166 1334 192 σὺ
1350 163 1420 200 ἦσθα
1438 163 1543 198 βοηθός.

1097 213 1140 239 74.
1156 211 1302 247 Σύντριψον
1323 210 1368 237 τὸν
1394 210 1523 246 βραχίονα
1546 209 1592 236 τοῦ
1615 208 1786 244 ἁμαρτω).οὖ
1807 209 1867 235 καὶ

1062 257 1178 292 πονηροῦ
1199 264 1207 272 ’

1097 303 1356 338 75.ίΖητηθήσεταιὴ
1367 301 1487 337 ἁμαρτία
1495 300 1588 332 αὑτοῦ,
1596 301 1642 327 καὶ
1649 301 1680 327 οὺ
1693 300 1731 336 μὴ
1739 301 1771 326 εὖ
1777 300 1865 336 ρεθῇ.

1098 349 1142 376 76.
1160 348 1318 375 Βασιλεύσει
1332 348 1433 384 Κύριος
1454 349 1494 379 εἰς
1510 347 1555 374 τὸν
1572 347 1668 378 αἰῶνα,
1682 348 1730 374 καὶ
1747 348 1792 378 εἰς
1812 347 1869 372 :37.

1063 396 1149 424 αίῶνα
1161 395 1208 421 τοῦ
1224 395 1331 426 αἰῶνος.

1101 443 1143 469 77.
1166 441 1331 472 Ἀπολεῖσθε,
1348 439 1422 475 ἔθνη,
1439 440 1471 465 ὲκ
1483 439 1533 474 τῆς
1548 439 1600 473 γῆς
1614 438 1710 466 αὑτοῦ.

1101 488 1144 515 78.
1160 488 1214 522 Τὴν
1228 487 1373 521 ἐπιθυμίαν
1384 485 1438 511 τῶν
1449 485 1570 519 πενήτων
1583 485 1727 520 εἰσήκουσε
1739 485 1871 520 Κύριος.

1097 534 1141 561 79.
1156 533 1195 568 Τῇ
1209 531 1351 567 ἑτοιμασίᾳ
1370 531 1420 565 τῆς
1440 530 1551 566 καρδίας
1567 530 1655 557 αὐτῶν
1671 531 1814 566 προῖκες-λε
1832 538 1872 556 το

1064 577 1110 611 οὖς
1127 587 1182 605 σου.

1101 625 1144 652 80.
1162 626 1259 660 Κρῖναι
1274 623 1383 659 ὀρφανῷ
1399 623 1446 649 καὶ
1460 622 1589 657 ταπεινῷ,

1100 671 1145 698 81.
1165 672 1221 697 Ἱνα
1245 670 1281 706 μὴ
1303 669 1405 705 προσθῇ
1423 669 1462 695 ἔτι
1484 668 1530 695 τοῦ
1550 669 1732 704 μεγαλαυχεῖν
1748 670 1870 705 ἄνθρω-

1067 727 1116 750 πος
1131 718 1176 744 ἐπὶ
1187 717 1235 752 τῆς
1247 717 1310 751 γῆς,

1119 775 1171 806 Εἰς
1184 772 1217 799 τὸ
1231 771 1316 804 τέλος
1331 771 1451 805 ψαλμὸς
1465 770 1504 803 τῷ
1519 771 1615 798 Δαόίδ.
1637 773 1753 798 ΨΑΛΜ.
1770 772 1809 798 I'.

268 829 293 857 1.
302 829 330 856 1η
339 829 452 857 Domino
460 830 575 862 conﬁdo,
585 829 723 865 quomodo
732 829 820 857 dicitis
828 829 926 857 anima:
933 837 1014 857 meae:
1032 841 1038 868 ι

1106 829 1129 855 1.
1139 828 1200 855 Ἐπὶ
1208 827 1246 862 τῷ
1254 827 1347 862 Κυρίῳ
1356 827 1482 857 πέποιθα,
1495 825 1553 857 πῶς
1561 827 1647 862 ἐρεῖτε
1659 828 1691 862 τῇ
1700 826 1778 862 ψυχῇ
1792 834 1851 861 μου
1863 834 1873 841 ·

266 875 293 902 2.
310 875 483 911 Transmigra
502 876 528 902 in
546 881 664 903 montem
681 875 752 902 sicut
765 874 878 910 passer?

266 922 294 950 5.
308 922 442 956 Quoniam
457 930 519 950 ecce
534 927 688 957 peccatores
704 922 878 949 intenderunt
890 929 999 954 arcum;

267 969 295 997 4.
309 968 475 1004 Paraverunt
490 969 601 1004 sagittas
616 976 680 996 suas
696 968 722 995 in
741 968 878 1003 pharetra,

268 1016 295 1044 5.
310 1014 346 1043 Ut
361 1016 489 1051 sagittent
506 1015 533 1043 in
550 1016 667 1042 obscuro
682 1019 771 1042 rectos
786 1014 867 1042 corde
885 1022 892 1039 :

267 1105 296 1134 ὃ.
309 1105 442 1139 Quoniam
453 1113 514 1141 quae
526 1105 672 1141 perfecisti,
686 1105 738 1140 ipsi
755 1105 958 1133 destruxerunt.

269 1152 296 1179 7.
310 1151 404 1180 Justus
419 1156 508 1179 autem
527 1152 590 1187 quid
604 1151 686 1180 fecit?

268 1197 296 1225 8.
309 1197 441 1225 Dominus
459 1198 485 1224 in
501 1198 602 1232 templo
618 1202 714 1225 sancto
727 1205 777 1225 suo
794 1206 800 1222 :

1106 875 1133 901 2.
1146 873 1350 901 Μεταναστεύου
1366 872 1412 899 ἐπὶ
1427 873 1461 898 τὰ
1479 872 1527 908 ὅρη
1542 872 1579 904 ὡς
1593 873 1751 908 στρουθίον;

1105 919 1131 946 '5.
1147 920 1206 946 Ὅτι
1220 919 1273 945 ἰδοὺ
1287 920 1310 944 οἱ
1323 911 1478 953 ἆμαρτωλοὶ
1493 918 1626 944 ἐνέτειναν
1637 917 1714 950 τόξον

1104 967 1131 993 4.
1152 966 1318 1001 Ἡτοίμασαν
1335 965 1399 1000 βέλη
1410 966 1449 996 εἰς
1463 965 1612 1000 φαρέτραν,

1106 1013 1132 1040 5.
1147 1012 1200 1039 Τοῦ
1215 1011 1410 1043 κατατοξεῦσαι
1425 1012 1454 1037 ἐν
1477 1012 1628 1046 σκοτομήνῃ
1643 1011 1706 1042 τοὺς
1723 1010 1818 1042 εὐθεῐς
1830 1016 1875 1036 τ’

1071 1059 1177 1095 καρδίαι

1105 1105 1132 1133 6.
1150 1106 1209 1132 Ὀτι
1225 1104 1243 1132 ἃ
1258 1105 1290 1131 σὺ
1307 1103 1473 1140 κατηρτίσω,
1489 1103 1565 1130 αὐτοὶ
1582 1103 1714 1130 καθεῖλον.

1107 1151 1133 1178 7.
1154 1151 1184 1177 '0
1199 1151 1227 1177 δὲ
1242 1150 1343 1181 δίκαιος
1354 1150 1380 1176 τί
1395 1149 1522 1184 ὲποίησες

1108 1197 1135 1224 8.
1150 1197 1252 1233 Κύριος
1269 1197 1297 1223 ὲν
1311 1195 1367 1231 ναῷ
1381 1194 1450 1230 ἁγίῳ
1466 1194 1548 1221 αὑτοῦ
1559 1202 1566 1210 ·

794 1263 984 1292 ATHANASII
1005 1264 1299 1293 INTERPRETATIO.

271 1325 315 1351 75.
330 1323 488 1359 Orphanum
510 1323 670 1355 dicit‘eum,
691 1322 737 1357 qui
757 1329 811 1349 non
829 1322 908 1350 habet
923 1323 1020 1351 huma-

238 1379 303 1400 num
320 1370 462 1398 auxilium.

273 1415 318 1443 74.
335 1415 553 1442 Dominationem
569 1414 678 1441 diaboli.

273 1462 317 1492 75,
332 1461 375 1488 76.
389 1460 530 1493 Quaeretur
553 1465 691 1495 peccatum
707 1459 777 1495 ejus,
793 1464 819 1487 ct
834 1468 888 1488 non
904 1461 1023 1496 amplius

239 1507 296 1543 ipse
317 1506 443 1534 diabolus
467 1507 634 1539 invenietur;
657 1506 785 1541 quoniam
808 1507 923 1534 traditus
938 1512 980 1534 est
996 1507 1024 1534 in

239 1551 327 1588 ignem
339 1556 469 1579 aeternum
484 1561 491 1578 :
503 1556 530 1579 et
541 1552 648 1579 demum
662 1551 792 1580 Dominus
805 1553 881 1580 solus
891 1553 1022 1588 regnabit.

276 1641 319 1669 77.
338 1641 448 1674 Gentes,
465 1649 525 1677 qum
545 1642 570 1669 ei
585 1650 639 1669 non
659 1642 926 1678 obtemperaverunt,
943 1652 958 1671 a
973 1652 1024 1672 suo

240 1687 343 1716 caelesti
357 1695 440 1722 regno
455 1687 617 1715 alienantur.

276 1733 319 1761 78.
337 1733 505 1762 Desiderium
518 1743 668 1770 pauperum
681 1736 791 1763 exaudit
806 1736 878 1764 Deus
892 1742 919 1764 et
933 1736 1026 1764 Domi-

241 1788 304 1814 nus,
315 1781 444 1816 quoniam
461 1789 521 1816 qua:
537 1781 588 1816 ipsi
607 1787 682 1817 grata
699 1787 764 1809 sunt
779 1783 989 1818 concupiscunt.

276 1871 320 1898 79.
334 1871 486 1899 Clamorem
508 1879 620 1902 eorum,
645 1872 692 1907 qui
711 1871 820 1899 contriti
841 1877 868 1900 et
891 1871 1025 1900 humiliati

242 1921 306 1944 sunt.
318 1918 408 1951 corde,
424 1918 562 1946 exaudivit
575 1919 650 1946 auris
665 1923 720 1945 tua.

278 1963 321 1990 80.
341 1963 450 1991 Vindica
465 1971 521 1997 eos,
537 1964 584 1998 qui
599 1964 730 1991 auxilium
749 1971 802 1990 non
818 1963 935 1996 habent;

278 2008 320 2036 8L
337 2008 376 2036 Ne
390 2013 484 2036 contra
501 2010 574 2044 ipsos
590 2009 730 2041 diabolus,
746 2013 773 2037 et
787 2010 834 2045 qui
851 2010 885 2037 ab
901 2017 934 2037 eo
949 2014 1024 2041 sunt,

242 2055 401 2090 superbiant
417 2056 443 2082 in
457 2056 547 2083 terris.

1109 1325 1153 1352 75.
1175 1324 1306 1359 Ὀρφανδν
1321 1323 1395 1357 λέγει
1418 1321 1468 1357 τὴν
1488 1321 1661 1357 ἀνθρωπίνην
1677 1321 1810 1356 βοήθειαν
1830 1323 1878 1360 μὴ

1037 1360 1060 1391 C
1075 1370 1179 1406 ἔχοντα.

1109 1417 1152 1443 74.
1166 1416 1220 1451 Τὴν
1234 1416 1393 1443 δυναστείαν
1405 1415 1452 1442 τοῦ
1464 1414 1594 1442 διαϐόλου.

1108 1462 1154 1494 75,
1171 1461 1214 1488 76.
1231 1461 1418 1497 Ζητηθήσεται
1441 1461 1458 1496 ἡ
1483 1460 1604 1495 ἁμαρτία
1627 1459 1728 1492 αὐτοῦ,
1750 1460 1801 1486 καὶ
1819 1460 1879 1488 οὐκ

1075 1508 1114 1534 ἔτι
1130 1507 1211 1538 αὐτὸς
1227 1509 1241 1534 6
1256 1507 1377 1538 διάϐολος
1391 1507 1421 1533 οὐ
1443 1507 1479 1542 μὴ
1501 1506 1607 1541 εὑρεθῇ·
1630 1506 1674 1532 διὰ
1696 1506 1727 1532 τὸ
1750 1507 1879 1542 παραδο-

1076 1554 1154 1589 Θῆναι
1170 1553 1250 1580 αὐτὸν
1269 1553 1308 1588 τῷ
1323 1553 1425 1588 αἰωνίῳ
1439 1553 1516 1588 πυρὶ,
1533 1554 1579 1579 καὶ
1590 1552 1683 1579 λοιπὸν
1699 1553 1808 1589 Κύριος
1823 1554 1880 1589 μύ-

1075 1609 1120 1632 νος
1134 1600 1297 1635 βασιλεύσει.

1112 1648 1155 1674 77.
1172 1647 1256 1682 Ἔθνη
1273 1647 1307 1673 τὰ
1332 1646 1369 1682 μὴ
1394 1645 1542 1681 πειθόμενα
1561 1644 1635 1679 αὐτῷ
1661 1644 1882 1681 ἀλλοτριοῦνται

1076 1692 1125 1727 τῆς
1139 1691 1299 1727 ἐπουρανίου
1313 1690 1395 1718 αὑτοῦ
1409 1690 1554 1725 βασιλείας.

1114 1737 1155 1764 78.
1171 1737 1224 1773 Τὴν
1246 1737 1391 1772 ἐπιθυμίαν
1407 1737 1460 1763 τῶν
1477 1736 1600 1771 πενήτων
1614 1735 1751 1762 είσακούει
1768 1736 1783 1762 6
1804 1735 1881 1768 05b;

1077 1783 1124 1810 καὶ
1136 1783 1246 1819 Κύριος,
1261 1783 1353 1818 ἐπειδὴ
1373 1783 1407 1809 τὰ
1429 1784 1530 1818 ἁστερὰ
1543 1781 1668 1818 ὶὰρεστὰ]
1683 1781 1757 1817 αὐτῷ
1769 1783 1879 1810 ἐπιθυ-

1079 1828 1169 1863 μοῦσι.

1113 1873 1157 1900 79.
1172 1873 1232 1900 Τῶν
1247 1874 1481 1910 συντετριμμένων
1504 1873 1550 1899 καὶ
1563 1874 1810 1908 τεταπεινωμένων
1824 1875 1879 1910 τὴν

1079 1919 1190 1954 καρδίαν
1206 1920 1305 1955 ἤκουσε
1317 1921 1365 1953 τῆς
1378 1920 1441 1954 βοῆς
1453 1919 1484 1946 τὸ
1500 1918 1545 1951 οὖς
1562 1928 1618 1945 σου.

1114 1965 1157 1992 80.
1173 1966 1285 2000 Ποιῆσαι
1298 1966 1346 2000 τὴν
1362 1966 1499 2000 ἐκδίκησιν
1514 1964 1567 1990 τῶν
1581 1964 1742 2000 ἁϐοηθήτων
1752 1971 1758 1978 ·

1115 2011 1159 2038 8|.
1172 2012 1230 2037 Ἴνα
1246 2011 1283 2047 μὴ
1303 2012 1362 2038 κατ’
1382 2012 1478 2042 αὐτοὺς
1500 2011 1514 2036 6
1536 2010 1657 2042 διάϐολος
1673 2012 1720 2037 καί
1742 2011 1767 2037 οἱ
1787 2012 1879 2038 αὐτοῦ

1044 2065 1065 2092 Ῑ)
1081 2058 1264 2092 τετυφωμένοι
1277 2055 1342 2084 ὦσιν
1359 2057 1406 2084 ἐπὶ
1420 2058 1468 2093 τῆς
1485 2057 1546 2092 γῆς.
1571 2091 1575 2095 ,

284 2114 316 2141 Ἦ
331 2115 497 2151 προκειμένη
521 2116 659 2152 ἐπιγραφὴ
679 2116 695 2152 ἡ
717 2115 762 2143 διὰ
782 2116 832 2152 τῆς
850 2116 1035 2152 κινναϐάρεως
1049 2116 1179 2152 περιέχει·
1196 2119 1246 2149 Εἰς
1270 2116 1303 2143 τὸ
1319 2116 1405 2149 τέλος
1420 2115 1541 2150 ψαλμός
1559 2114 1599 2147 τῷ
1617 2115 1716 2146 Δαϐὶδ.
1734 2117 1883 2144 τουτέστιν

243 2161 286 2189 ἔπ’
301 2163 421 2198 ἐσχάτων
434 2163 488 2190 τῶν
500 2164 603 2199 χρόνων
620 2163 726 2200 εἴρηται
745 2165 759 2191 ὁ
771 2164 876 2200 unus;
891 2166 931 2197 ei;
948 2166 1010 2197 τοὺς
1025 2165 1119 2200 ἁγίους
1142 2165 1188 2191 τοῦ
1208 2165 1285 2192 Θεοῦ,
1302 2165 1382 2191 Δαὸὶδ
1395 2165 1448 2200 γὰρ
1465 2163 1655 2199 ἑρμηνεύεται,
1671 2164 1788 2191 τούτων
1805 2166 1883 2194 ἐπό-

244 2209 332 2243 θησα,
349 2209 471 2236 τουτέστι
484 2209 538 2236 τῶν
549 2210 643 2245 ἁγίων.

280 2265 397 2298 Titulus,
413 2267 460 2302 qui
477 2267 582 2303 psalmo
598 2268 772 2303 praeponitur,
791 2267 929 2295 cinnabari
947 2268 1065 2302 scriptus
1080 2267 1199 2294 continet
1217 2275 1223 2293 :
1242 2266 1275 2293 In
1289 2267 1367 2302 finem
1377 2268 1495 2302 psalmus
1503 2268 1598 2302 David,
1609 2269 1660 2296 hoc
1677 2274 1720 2297 est
1736 2270 1764 2297 in
1782 2271 1885 2299 novis-

246 2312 324 2341 simis
334 2314 500 2349 temporibus
508 2315 630 2350 psalmus
640 2315 739 2342 dicitur
750 2315 783 2342 de
792 2316 893 2342 sanctis
905 2315 962 2342 Dei.
974 2314 1059 2342 David
1071 2316 1142 2342 enim
1153 2315 1356 2350 interpretatur,
1368 2316 1413 2342 Iros
1423 2317 1580 2350 desideravi,
1598 2317 1649 2344 hoc
1659 2322 1700 2345 est
1717 2324 1844 2346 sanctos.

282 2360 309 2387 1.
328 2360 355 2388 In
373 2361 428 2389 Deo
440 2363 556 2397 speravi,
574 2363 639 2398 quid
655 2363 794 2392 suadetis?

281 2408 310 2435 2.
325 2407 430 2436 Extolle
443 2409 536 2436 oculos
551 2409 649 2436 mentis
663 2413 715 2436 tute
731 2409 765 2436 ad
779 2408 909 2441 cmlestia,
927 2413 953 2436 et
968 2409 1030 2437 nul-

248 2453 301 2481 lam
318 2453 516 2481 mundanarum
532 2462 622 2481 rerum
637 2462 729 2482 curam
746 2461 819 2489 gere.
840 2451 845 2459 '

282 2500 322 2526 5-
334 2500 360 2527 5.
378 2499 511 2532 Quoniam
530 2499 665 2527 daemones
685 2500 846 2535 cupiditates
862 2504 889 2527 et
906 2503 1029 2527 ostenta-

248 2545 336 2573 tiones
357 2545 438 2581 hujus
453 2545 514 2573 vitae
534 2546 683 2574 immittunt
698 2547 768 2574 inter
789 2546 915 2574 tenebras
935 2546 1029 2574 mundi

247 2592 277 2620 in
294 2592 377 2620 corda
390 2592 536 2627 iustorum.

283 2637 310 2665 6.
327 2637 538 2667 Justitieationes
558 2637 676 2672 Domini,
692 2647 759 2674 quas
782 2639 839 2673 ipse
852 2638 1026 2673 praeparavit,

248 2684 300 2719 ipsi
315 2685 516 2713 subverterunt.
992 2690 997 2692 “

284 2732 311 2761 .7.
327 2731 422 2760 Justus
433 2737 524 2761 autem
539 2732 604 2768 quid
621 2733 718 2760 horum
733 2731 815 2760 fecit?

285 2778 312 2806 8.
328 2778 459 2806 Dominus
476 2787 529 2806 non
549 2779 576 2806 in
596 2778 733 2813 speluncis
747 2777 935 2806 haereticorum
952 2776 1031 2804 inha-

249 2824 327 2858 bitat,
345 2825 392 2853 sed
409 2825 435 2853 in
448 2825 549 2861 templo
562 2829 658 2854 saneto
672 2832 734 2853 suo.

1116 2363 1141 2389 1.
1160 2363 1221 2388 Ἐπὶ
1233 2362 1272 2396 τῷ
1287 2363 1380 2398 Κυρίῳ
1394 2363 1506 2398 ἤλπισα,
1520 2364 1544 2390 τί
1561 2364 1777 2399 συμϐουλεύετες

1118 2408 1144 2434 2.
1160 2409 1281 2444 Ἔπαρον
1293 2409 1356 2440 τοὺς
1370 2409 1524 2444 ὀφθαλμοὺς
1535 2411 1584 2445 τῆς
1596 2410 1715 2442 διανοίας
1731 2420 1778 2437 σου
1792 2413 1836 2443 εἰς
1846 2413 1883 2439 c'z

1083 2454 1242 2489 ἐπουράνια,
1258 2455 1304 2480 καὶ
1320 2454 1453 2490 μηδεμίαν
1466 2454 1512 2490 ἔχε
1524 2456 1652 2490 φροντίδα
1665 2455 1808 2492 βιωτικήν.

1118 2500 1179 2526 5-5.
1208 2500 1269 2526 Ὅτι
1289 2500 1313 2526 οἱ
1347 2500 1472 2535 δαίμονες
1492 2501 1542 2532 τὰς
1572 2501 1719 2536 ἐπιθυμίας
1749 2503 1797 2528 καὶ
1831 2505 1884 2536 τὰς

1083 2545 1243 2577 ἀλαζονείας
1258 2546 1380 2581 τοῦ-βίου
1406 2547 1630 2582 καταπέμπουσιν
1643 2548 1683 2579 είς
1697 2548 1747 2580 τὰς
1763 2550 1883 2584 καρδίας

1083 2592 1136 2619 τῶν
1152 2592 1265 2618 δικαίων
1282 2593 1310 2618 ὲν
1328 2591 1367 2627 τῷ
1383 2593 1473 2619 σκότει
1489 2593 1534 2619 τοῦ
1549 2593 1660 2629 κόσμου.

1121 2638 1146 2665 6.
1161 2638 1200 2665 Τὰ
1215 2637 1384 2672 δικαιώματα
1407 2638 1452 2665 τοῦ
1474 2639 1587 2675 Κυρίου,
1609 2639 1627 2666 ἂ
1650 2639 1731 2672 αὐτὸς
1746 2642 1883 2678 κατηρτὶ-

1087 2693 1161 2716 σατο,
1179 2685 1256 2711 αὐτοὶ
1268 2685 1493 2720 ἀπεστράφησαν.

1121 2731 1148 2758 7.
1171 2732 1199 2757 '0
1212 2731 1240 2757 δὲ
1253 2730 1355 2763 δίκαιος
1373 2733 1399 2758 τί
1412 2732 1488 2758 τοῦτο
1504 2731 1628 2767 [τούτων]
1641 2732 1786 2767 Samii-165v;

1117 2777 1149 2812 V8.
1164 2777 1266 2814 Κύριος
1284 2779 1334 2804 οὐκ
1354 2779 1383 2805 ἐν
1404 2777 1545 2813 σπηλαίοις
1567 2778 1714 2814 αἰρετικῶν
1738 2780 1881 2814 κατοικεῖ,

1089 2818 1146 2850 ἀλλ’
1163 2824 1193 2851 ὲν
1205 2823 1261 2855 ναῶ
1277 2823 1346 2857 ἁγίῳ
1359 2824 1451 2851 αὐτοῦ.
