1919 3051
50 125 117 156 685
476 155 478 158 .
520 130 564 158 DE
584 131 721 161 TlTULIS
741 133 966 164 PSALMORUM.
992 151 1029 157 —-
1046 136 1145 164 PSAL.
1163 137 1210 166 X1.
1629 144 1681 172 686

94 172 124 202 9.
138 173 248 210 Κύριος,
261 175 290 201 ὲν
305 175 409 211 οὐρανῷ
420 177 434 202 ό
445 177 538 213 θρόνος
553 180 643 207 αὑτοῦ.

860 187 885 215 Α
934 184 959 211 9.
976 183 1117 219 Dominus,
1133 186 1161 213 in
1173 187 1242 214 caelo
1257 188 1334 216 sedes
1347 188 1415 224 ejus.

96 219 142 247 10.
154 221 185 247 Οί
197 220 332 257 ὀφθαλμοὶ
345 222 426 249 αὑτοῦ
438 225 478 255 εις
487 224 532 251 τὸν
547 227 650 262 πένητα
661 228 845 263 ὲπιϐλὲπουσι,

770 239 845 263 τουσι,
899 266 914 271 __
934 230 975 256 lO.
995 230 1072 258 Oculi
1087 231 1146 267 ejus
1161 233 1187 259 in
1207 241 1352 269 pauperem
1371 236 1528 271 respiciunt,

94 265 141 292 11.
157 266 197 292 Τὰ
212 266 333 304 βλέφαρα
345 268 426 295 αὑτοῦ
441 270 561 303 ἐξετάζει
577 274 639 305 τοὺς
650 275 723 306 υἱοὺς
733 275 786 302 τῶν
800 276 846 302 ἀν-

899 266 914 274 ’
934 274 977 301 Η.
995 265 1132 310 Palpebrae
1146 265 1383 314 ejuslinterrogant
1398 265 1466 309 lilios
1483 265 1634 312 hominum.

49 310 68 337 θ
73 310 187 346 ρώπων.

94 355 140 383 12.
155 356 257 392 Κύριος
270 357 390 391 ἐξετάζει
406 360 451 388 τὸν
467 361 569 389 δίκαιον
581 364 684 392 καὶτὸν
698 366 795 402 ἀσεϐῆ·

929 362 972 390 l2.
991 363 1122 392 Dominus
1138 365 1397 402 interrogatjustum
1415 375 1442 396 et
1459 370 1586 406 impium;

93 400 138 428 15.
161 402 190 428 '0
205 402 232 428 δὲ
253 403 368 437 ἀγαπῶν
389 405 437 440 τὴν
459 406 564 434 ἀδικίαν
583 411 658 444 μισεῖ
679 411 727 446 τὴν
747 400 843 439 ἑαυτοῦ

930 408 972 435 l5.
991 408 1043 441 Qui
1066 413 1156 437 autem
1173 411 1259 446 diligit
1284 400 1468 448 iniquitatem,
1485 400 1542 444 odit
1557 400 1674 446 animam

47 446 157 483 ψυχήν.

894 460 981 481 suam.

93 493 138 520 14.
159 494 311 530 Ἐπιϐρὲξει
324 496 370 523 ἐπὶ
381 496 558 532 ἁμαρτωλοὺς
574 499 698 534 παγίδας·

930 498 973 526 ll.
988 498 1064 527 Pluet
1079 508 1160 536 super
1173 508 1327 537 peccatores
1343 505 1463 540 laqueos,

90 540 135 568 15.
153 540 228 576 Πῦρ,
243 542 290 568 καὶ
303 542 390 574 θεῖον,
406 544 452 570 καὶ
466 544 574 580 πνεῦμα
588 547 741 582 καταιγίδος
757 550 773 584 ὴ
792 558 841 585 με-

928 543 972 571 l5.
990 543 1063 579 Ignis
1076 551 1103 574 et
1126 547 1240 581 sulphur
1254 553 1281 576 et
1295 550 1406 585 spiritus
1420 553 1597 587 procellarum
1610 563 1673 590 pars

47 584 99 620 ρὶς
113 585 161 612 τοῦ
178 587 307 622 ποτηρίου
322 587 422 616 αὐτῶν.

342 587 422 616 ὐτῶν.
891 589 984 617 calicis
996 598 1099 619 eorum.

88 629 133 656 16.
155 630 215 656 Ὅτι
225 631 326 663 δίκαιος
335 633 445 668 Κύριος,
455 635 501 661 καὶ
509 635 679 669 δικαιοσύνας
687 639 838 675 ἠγάπησεν,

927 635 970 663 16.
987 636 1121 671 Quoniam
1133 639 1225 674 justus
1237 640 1376 675 Dominus,
1389 648 1415 671 et
1426 644 1547 679 justitias
1561 647 1670 675 dilexit:

87 676 133 703 17.
151 676 309 714 meamea;
322 676 375 705 εἶδε
391 679 422 706 τὸ
436 681 580 716 πρόσωπον
595 683 687 710 αὐτοῦ.

656 683 687 710 ιῦ,
926 682 969 710 l7.
986 682 1141 719 [Equitates
1158 686 1224 713 vidit
1240 687 1330 716 vultus
1345 689 1414 724 ejus.

44 732 104 764 Εζς
117 731 152 759 τὸ
164 732 252 766 τέλος
264 734 340 769 ὑπὲρ
550 739 672 774 ψαλμὸς
685 740 725 773 τῷ
738 742 802 770 Δαϐλ

910 737 941 766 In
953 739 1031 773 ﬁnem
1041 748 1089 775 pro
1102 748 1194 770 octaua
1208 744 1325 778 psalmus
1340 745 1436 774 David.
1451 747 1584 778 PSALM.
1598 744 1649 779 ΧῙ.

83 811 113 838 1.
129 811 221 839 Σῶσόν
236 822 281 848 με,
295 815 391 852 Κύριε,
409 817 450 843 ὅτι
465 817 619 846 ἐκλέλοιπεν
637 820 719 853 ὅσιος·

925 819 950 846 l.
977 819 1086 848 Salvum
1114 829 1157 849 me
1180 821 1237 856 fac,
1263 823 1392 858 Domine,
1418 827 1546 862 quoniam
1572 829 1669 858 deiecit

854 863 876 891 Β
889 871 1000 893 sanctus
1013 875 1020 892 :

79 903 111 930 2.
129 904 192 931 Ὅτι
205 904 381 942 ὠλιγώθησαν
393 908 422 934 αἱ
433 908 557 944 meum
568 910 622 937 ἀπὸ
634 911 689 938 τῶν
704 912 770 939 υἱῶν
782 913 836 941 τῶν

924 910 951 938 2.
967 911 1099 944 Quoniam
1123 914 1262 942 diminuta:
1284 922 1349 944 sunt
1368 918 1494 948 veritates
1509 928 1524 947 a
1542 921 1604 950 ﬁliis
1618 923 1669 950 ho-

42 949 211 986 ἀνθρώπων.

888 957 1002 990 minum,

78 995 110 1023 3.
132 997 242 1024 Μάταια
273 998 403 1035 ἐλάλησεν
423 1000 535 1034 ἕκαστος
558 1002 626 1038 πρὸς
651 1003 696 1030 τὸν
723 1004 836 1039 πλησίον

922 1001 949 1029 5.
969 1002 1043 1030 Vana
1067 1004 1150 1033 locuti
1171 1012 1236 1034 sunt
1260 1011 1447 1046 unusquisque
1466 1012 1499 1040 ad
1514 1014 1667 1048 proximum

42 1042 140 1069 αὐτοῦ·

886 1054 967 1074 suum
982 1057 988 1074 :

74 1087 109 1118 Ἀ.
126 1089 209 1126 Χείλη
224 1090 298 1119 δόλια
313 1092 343 1119 ἐν
359 1093 468 1129 καρδίᾳ,
483 1094 530 1121 καὶ
544 1095 573 1121 ἐν
589 1095 687 1131 καρδίᾳ
699 1095 832 1132 ἐλάλησαν

74 1133 129 1161 ικά.

920 1094 950 1127 ῚᾹ.
964 1094 1046 1123 Labia
1061 1096 1154 1126 dolosa
1170 1099 1196 1126 in
1213 1101 1304 1134 corde,
1327 1106 1354 1130 et
1367 1103 1394 1130 in
1411 1104 1493 1132 corde
1508 1106 1591 1134 locuti
1603 1113 1666 1135 sunt

908 1141 957 1161 ml,

40 1141 129 1161 κακα.

886 1141 967 1168 mala.

75 1180 107 1208 5.
131 1181 328 1218 Ἐξολοθρεύσει
345 1183 446 1220 Κύριος
460 1185 547 1212 πάντα
563 1186 597 1213 τὰ
611 1187 686 1223 χείλη
700 1187 734 1214 τὰ
746 1187 819 1214 δόλια

920 1186 947 1214 5.
966 1187 1106 1223 Disperdet
1121 1189 1253 1220 Dominus
1267 1186 1479 1223 universa'labia
1496 1189 1600 1231 dol-osa,

74 1227 105 1254 6.
121 1228 176 1255 Καὶ
188 1229 315 1263 γλῶσσαν
328 1231 566 1268 μεγαλορρήμονα.

919 1232 947 1259 6.
965 1232 997 1261 Et
1009 1234 1129 1270 linguam
1141 1238 1343 1274 magniloquam
1359 1248 1365 1267 :

74 1273 105 1302 7.
114 1274 185 1306 Τοὺς
191 1276 325 1308 εἰπόντας
335 1277 391 1312 Τὴν
398 1278 522 1313 γλῶσσαν
528 1280 544 1316 ἡ
549 1279 606 1315 μῶν
615 1279 764 1315 μεγαλυνοῦ
768 1288 827 1316 μεν.

910 1279 991 1313 7.Qui
1000 1280 1126 1309 dixerunt
1136 1291 1142 1309 :
1152 1273 1282 1319 Linguam
1291 1291 1411 1314 nostram
1421 1289 1663 1325 magniﬁcabimus.

606 1334 793 1365 ATHANASII
812 1335 1108 1365 INTERPRETATIO.

70 1378 102 1406 9.
123 1379 169 1407 Ἐν
181 1382 237 1413 τοῖς
251 1381 385 1415 ὑψίστοις.

842 1385 863 1414 c
915 1382 942 1410 9.
958 1382 986 1410 ln
999 1383 1147 1412 altissimis.

70 1426 121 1454 10.
142 1427 204 1453 Ἐπὶ
218 1428 280 1459 τοὺς
293 1428 411 1460 δικαίους
421 1428 514 1455 αὑτοῦ.

493 1428 514 1455 5.
918 1427 960 1455 lO.
979 1428 1065 1464 Super
1075 1430 1164 1465 justos
1178 1439 1251 1459 suos.

70 1472 122 1500 Η.
142 1473 244 1508 Ἐφορᾷ
259 1474 360 1510 Κύριος
372 1474 407 1501 τὰ
422 1475 490 1510 ἔργα
505 1476 559 1503 τῶν
571 1476 730 1512 ἀνθρώπιον.

916 1473 960 1501 ll.
975 1473 1096 1503 lntuetur
1112 1476 1243 1506 Dominus
1255 1486 1337 1514 opera
1353 1481 1504 1511 hominum.

70 1517 118 1545 12.
141 1518 170 1545 ’0
181 1519 282 1553 Κύριος
296 1522 401 1555 γυμνοῖ,
417 1522 464 1547 καὶ
475 1523 586 1558 φανεροῖ
601 1522 649 1554 τὰς
665 1522 825 1558 ἐνθυμήσεις

915 1519 959 1546 12.
974 1519 1106 1549 Dominus
1116 1522 1243 1557 denudat,
1259 1529 1285 1553 et
1297 1528 1454 1557 manifestat
1471 1531 1648 1567 cogitationes

35 1563 159 1594 καὶτοὺς
175 1563 321 1599 λογισμοὺς
335 1564 381 1591 τοῦ
395 1565 496 1592 δικαίου
515 1567 562 1593 καὶ
578 1566 625 1593 τοῦ
642 1567 766 1599 ἀσεϐοῦς.

590 1566 625 1593 τοῦ
642 1567 766 1599 ἀσεϐοῦς.
879 1565 1016 1600 animique
1032 1575 1128 1595 sensus
1141 1568 1206 1603 justi
1222 1575 1247 1598 et
1264 1571 1348 1606 impii.

69 1608 169 1635 15-15.
188 1609 216 1635 ’0
235 1609 264 1636 δὲ
286 1609 454 1646 κολλώμενος
475 1612 508 1647 τῇ
526 1612 648 1648 ἁμαρτίᾳ
671 1614 744 1648 μισεῖ
759 1614 823 1640 ἐαυ-

914 1611 1004 1640 15-15.
1028 1613 1080 1646 Qui
1115 1615 1233 1644 adhaeret
1262 1624 1385 1652 peccato,
1411 1622 1468 1649 odit
1492 1631 1522 1651 se
1548 1625 1658 1660 ipsum.

34 1655 89 1682 τόν·
112 1656 288 1690 παραδίδοται
305 1657 359 1694 γὰρ
380 1657 419 1693 τῷ
439 1658 540 1694 αἰωνίῳ
563 1659 646 1695 πυρίυ
660 1659 698 1692 ὡς
719 1660 792 1695 Σόδοι

899 1657 994 1684 νοᾱὶιυι·
1006 1660 1077 1686 enim
1094 1660 1148 1696 igni
1163 1666 1281 1697 artemo;
1295 1667 1523 1698 quemadmodum
1541 1655 1657 1700 deoma

35 1702 80 1728 καὶ
101 1702 230 1738 Γόμορρα
249 1703 407 1738 πρόκεινται
424 1704 522 1739 δεῖγμα
539 1704 586 1730 τοῦ
603 1704 711 1731 αἰωνίου
727 1705 793 1740 πυρὶ

900 1723 903 1728 ,
921 1702 1083 1738 Gomorrha,
1105 1713 1185 1741 super
1196 1715 1265 1742 quas
1276 1709 1346 1745 ignis
1366 1717 1393 1740 et
1406 1713 1519 1748 sulphur
1530 1716 1658 1747 divinitus

35 1749 72 1780 είς
91 1748 128 1780 ἃς
147 1747 257 1783 ἔϐρεξεν
272 1749 285 1775 ὁ
298 1748 363 1780 Θεὸς
381 1748 436 1784 πῦρ
448 1750 495 1776 καὶ
512 1749 590 1776 θεῖον.

876 1750 955 1784 pluit,
970 1751 996 1778 in
1010 1752 1163 1786 exemplum
1176 1756 1268 1781 aeterni
1285 1755 1355 1790 ignis
1371 1747 1516 1794 proposita?
1530 1768 1603 1790 sunt.

68 1793 114 1821 16.
133 1793 192 1820 Ὀτι
208 1794 310 1830 ἀληθὴς
322 1795 432 1830 Κύριος,
444 1796 490 1822 καὶ
500 1795 549 1831 τὴν
563 1794 690 1831 ἀλήθειαν
701 1796 747 1822 καὶ
760 1796 823 1827 τοὺς

913 1795 955 1823 l6.
973 1795 1106 1830 Quoniam
1123 1807 1204 1827 verax
1221 1799 1362 1837 Dominus,
1390 1808 1418 1831 et
1431 1806 1569 1836 veritatem
1585 1815 1657 1838 amat

34 1840 181 1872 ποιοῦντας
196 1841 281 1876 αὐτὴν
296 1841 449 1876 ἠγάπησεν.

405 1850 449 1868 τεν.
876 1846 903 1868 et
920 1842 965 1876 qui
980 1850 1040 1870 eam
1054 1843 1163 1872 faciunt.

67 1886 115 1912 17.
139 1885 230 1917 Ὁδοὺς
245 1885 327 1921 ὀρθὰς
343 1886 427 1922 ἡδέως
442 1887 548 1922 ἀγαπᾷ.

836 1883 862 1913 Ι)
911 1887 954 1914 17.
972 1888 1034 1916 Vias
1051 1894 1138 1917 rectas
1153 1898 1284 1926 propense
1294 1893 1389 1930 diligit.

71 1934 105 1959 'H
124 1933 292 1969 προκειμένη
310 1935 450 1970 ἐπιγραφὴ
472 1935 515 1961 διὰ
528 1935 578 1970 τῆς
597 1935 781 1971 κινναϐάρεως
803 1935 940 1970 περιέχει·
962 1937 1016 1969 Εἰς
1036 1936 1069 1963 τὸ
1090 1937 1176 1971 τέλος
1191 1939 1267 1973 ὑπὲρ
1283 1941 1339 1976 τῆς
1359 1943 1467 1978 ὀγδόης
1477 1947 1596 1982 ψαλμδς
1614 1949 1656 1983 τῷ

33 1981 132 2008 Δαϐιδ.
148 1981 232 2007 Τοῦτο
250 1980 295 2007 οὖν
310 1982 391 2014 ἐστιν,
414 1981 428 2008 ὃ
450 1981 533 2016 λέγει,
551 1983 596 2009 ἐπὶ
612 1983 750 2018 συντελείᾳ
771 1982 824 2009 τῶν
843 1982 946 2010 αἰώνων
964 1983 1094 2019 ρυσθῆναι
1113 1987 1162 2021 τῆς
1183 1987 1299 2022 κρίσεως
1319 1990 1343 2015 ot
1360 1989 1432 2024 ἅγιοι
1452 1992 1654 2028 παραϐαλοῦοιν

33 2029 181 2064 ἀξιωθῆναι
193 2029 243 2063 τῆς
256 2029 363 2056 αἰωνίου
380 2030 599 2065 μισθαποδοσίας-
612 2032 650 2067 τῷ
664 2032 719 2067 γὰρ
734 2031 954 2078 ἑξακισχιλιοστῴ
966 2031 1019 2058 ἔτει
1036 2034 1198 2061 συντελεῖται
1213 2036 1322 2072 κόσμος,
1338 2038 1384 2064 καὶ
1397 2039 1436 2074 τῷ
1448 2039 1553 2077 ἑϐδόμῳ
1567 2043 1653 2078 κρίνει

33 2075 78 2109 τὴν
96 2074 270 2110 οἰκουμένην*
285 2074 324 2110 τῷ
338 2075 365 2102 δὲ
376 2076 460 2112 ὀγδόῳ
472 2079 535 2109 τοὺς
548 2077 597 2112 μὲν
610 2077 791 2112 παραδίδωσιν
806 2078 845 2108 εἰς
860 2076 969 2104 κόλασιν
983 2077 1104 2110 αἰωνίαν,
1118 2080 1180 2110 τοὺς
1198 2080 1226 2106 δὲ
1238 2081 1277 2113 είς
1294 2082 1364 2118 ζωὴν
1377 2084 1493 2113 αἰώνιον.
1574 2074 1653 2115 τοῦτο

34 2123 137 2158 εἴρηται
154 2123 169 2149 ό
182 2123 289 2158 ψαλμὺς
303 2124 373 2159 ὑπὲρ
390 2124 439 2158 τῆς
453 2123 548 2159 ὀγδόης
564 2124 639 2159 παρὰ
651 2123 697 2150 τὸν
713 2123 793 2150 Δαὸὶδ
806 2124 883 2157 ἅγιον
895 2122 952 2159 [τοῦ
965 2123 1046 2150 Δαϐὶδ
1059 2124 1160 2161 ἁγίου].

64 2169 184 2202 Titulus,
199 2170 246 2204 qui
262 2170 366 2204 psalmo
383 2170 558 2204 praeponitur,
576 2169 717 2197 cinnabari
740 2170 858 2204 scriptus
875 2171 996 2198 continet
1011 2179 1017 2196 :
1036 2170 1070 2197 In
1083 2172 1161 2206 ﬁnem
1175 2174 1224 2206 pro
1241 2178 1332 2201 octava
1345 2175 1463 2209 psalmus
1476 2176 1562 2204 David
1575 2187 1585 2205 :
1600 2179 1652 2207 hoc

32 2220 122 2243 autem
132 2221 183 2250 est,
201 2217 274 2252 quod
287 2217 430 2252 signiﬁcat,
447 2218 473 2245 in
487 2218 721 2246 consummatione
741 2218 902 2246 saeculorum
918 2219 1005 2247 sancti
1023 2220 1175 2253 obsecrant,
1191 2226 1219 2248 ut
1232 2222 1380 2250 liberentur
1393 2231 1409 2251 a
1423 2224 1526 2259 judicio
1540 2230 1567 2254 et
1577 2227 1650 2262 digni

32 2270 193 2293 censeantur
208 2270 315 2293 eterna:
337 2267 470 2294 mercedis
487 2267 675 2294 retributione.
697 2266 764 2294 Nam
789 2275 837 2294 se:
854 2267 1000 2294 millesimo
1024 2275 1096 2295 anno
1119 2275 1324 2298 consummatur
1345 2273 1475 2307 mundus,
1495 2279 1521 2302 et
1534 2276 1650 2310 septimo

31 2307 100 2338 Deus
113 2311 237 2345 judicat;
260 2316 355 2340 octavo
372 2317 462 2340 autem
486 2312 514 2340 hi
535 2313 679 2340 traduntur
701 2313 728 2340 in
744 2313 905 2348 supplicium
931 2317 1077 2346 aeternum,
1093 2314 1131 2340 illi
1147 2319 1238 2342 autem
1254 2316 1281 2343 in
1294 2316 1376 2344 vitam
1390 2321 1517 2347 zeteruam
1530 2322 1563 2348 ³ο.
1580 2321 1649 2350 Pro-

31 2361 117 2390 pterea
134 2359 256 2393 psalmus
269 2367 316 2394 pro
336 2365 428 2387 octava
443 2361 532 2388 dictus
547 2366 589 2389 est
602 2362 672 2396 apud
685 2366 809 2389 sanctum
821 2361 950 2388 Davidem
971 2361 997 2397 [ιι
1012 2366 1105 2390 sancto
1118 2362 1240 2400 Davide].

61 2404 87 2431 ς.
113 2404 204 2432 Σῶσόν
233 2414 283 2441 με,
306 2406 410 2443 Κύριε,
435 2408 475 2435 ὅτι
501 2409 600 2442 πάντες
624 2409 698 2436 ἄθεοι
725 2409 813 2445 ὑπάρ-

901 2408 927 2436 1.
943 2408 1052 2436 Salvum
1067 2418 1110 2437 me
1122 2410 1175 2443 fac,
1192 2410 1316 2446 Domine,
1329 2414 1458 2448 quoniam
1467 2421 1562 2444 omnes
1575 2417 1647 2445 athei

31 2458 130 2484 χουσιν.

865 2460 937 2481 sunt.

59 2497 85 2523 2.
104 2498 160 2524 οὐκ
174 2498 231 2524 ἐστι
244 2499 401 2526 διδασκαλία
411 2500 478 2527 Θεοῦ
491 2500 566 2535 παρὰ
579 2502 634 2531 τοῖς
645 2500 810 2537 ἀνθρώποις.

728 2501 810 2533 ὸποις.
898 2501 925 2527 2.
940 2500 998 2528 Non
1012 2505 1054 2529 est
1066 2502 1187 2530 doctrina
1203 2503 1250 2531 Dei
1267 2504 1338 2539 apud
1352 2505 1486 2534 homines.

59 2542 86 2569 5.
98 2543 231 2576 Ἕκαστος
238 2545 331 2576 δολίως
342 2545 453 2582 ὲλάλησε
465 2546 532 2581 πρὸς
540 2546 584 2573 τὸν
595 2546 706 2582 πλησίον
715 2547 807 2573 αὑτοῦ.

898 2546 925 2574 5.
941 2547 1135 2582 Unusquisque
1156 2549 1250 2576 dolose
1263 2549 1370 2578 locutus
1385 2555 1428 2578 est
1443 2552 1567 2586 proximo
1581 2559 1642 2579 suo.

60 2587 85 2614 4.
113 2589 235 2624 Ῥήματα
258 2591 403 2623 ἀκολασίας
426 2593 626 2627 προσφέρουσι,
654 2593 698 2620 καὶ
722 2594 750 2620 ὲν
773 2595 806 2628 τῇ

895 2592 922 2619 4.
937 2593 1024 2620 Verba
1048 2593 1262 2629 intemperantia:
1282 2595 1433 2631 proferunt,
1460 2602 1487 2624 et
1513 2597 1541 2624 in
1563 2598 1644 2625 corde

31 2635 122 2670 καρδίᾳ.
134 2636 224 2662 αὐτῶν
237 2635 327 2671 ἔχουσι
338 2637 387 2673 τὴν
403 2638 509 2664 κακίαν.

418 2638 509 2664 ηακίαν.
859 2645 910 2666 suo
922 2639 1022 2666 habent
1036 2640 1176 2667 malitiam.

61 2681 86 2708 5.
104 2682 172 2713 Τοὺς
184 2682 323 2718 δαίμονας.

893 2683 920 2710 5.
939 2683 1087 2712 Daemones.

60 2726 85 2754 6.
101 2728 152 2754 Τὸν
166 2729 288 2756 Σατανᾶν
300 2729 383 2764 λέγει.

893 2729 920 2755 6.
936 2728 1063 2758 Satanam
1081 2731 1223 2766 signiticet.

60 2774 86 2800 7.
99 2775 166 2811 Περὶ
180 2776 234 2802 τῶν
250 2776 377 2804 ἐναντίων
391 2777 530 2813 δυνάμεων
542 2776 626 2812 λέγει.

895 2775 919 2803 7.
935 2775 970 2804 De
984 2778 1128 2807 contrariis
1142 2780 1321 2814 potestatibus
1337 2779 1468 2815 loquitur.

60 2832 82 2847 "
96 2831 139 2860 Ps.
157 2840 220 2866 xxv,
241 2833 263 2860 4.
