1919 3051
50 172 108 204 689
519 177 562 203 DE
581 175 718 204 TITULIS
736 174 808 202 PSA]

913 173 953 202 JM
969 186 1002 194 -ν-
1018 171 1116 200 ρδΑι..
1135 169 1203 198 Xlll.
1621 164 1671 192 69G

88 236 117 263 2.
135 236 207 267 Ἕως
227 235 293 262 πότε
315 236 497 272 ἀποστρέφεις
513 237 543 263 τὸ
561 236 705 271 πρόσωπόν
725 244 770 262 σου
790 234 835 262 ἀπ’

790 234 835 262 ἀπ’
924 233 951 260 2.
967 231 1114 268 Usquequo
1126 229 1225 258 avertis
1249 228 1343 256 faciem
1357 231 1431 255 tuam
1446 234 1461 254 a
1475 225 1535 254 me?

48 291 121 310 εμου
135 291 141 310 ἶ

106 292 121 309 υ
135 291 143 315 ;

67 291 116 356 μζ).
133 329 204 361 Ἕως
219 329 292 361 τίνος
308 329 425 364 θήσομαι
443 328 539 364 βουλὰς
557 331 584 355 ἐν
598 328 670 363 ψυχῇ
690 336 750 363 μου,

925 327 953 354 5.
973 325 1098 360 Quandiu
1113 333 1213 360 ponam
1230 323 1342 351 consilia
1364 323 1390 349 in
1406 323 1496 349 anima
1517 329 1589 353 mea,

89 375 117 401 4.
141 374 251 406 nam;
267 376 296 401 ὲν
310 376 409 411 καρδίᾳ
428 384 478 411 μου
495 376 601 411 ἡμέρας
615 375 662 401 καὶ
678 375 791 406 νυκτός;

927 372 954 399 4-.
970 371 1095 399 Dolorem
1108 371 1134 398 in
1150 371 1233 398 corde
1247 377 1308 397 mco
1325 377 1370 404 per
1383 369 1452 396 diem
1468 373 1494 394 et
1510 366 1635 394 noctem?

89 421 117 448 5.
135 421 206 452 Ἕως
223 422 288 448 πότε
304 421 477 457 ὑψωθήσεται
490 423 505 448 ὀ
520 421 615 457 ἐχθρός
633 429 683 455 μου
701 421 743 447 ἐπ’
761 419 828 455 ὲμέ;

927 418 954 445 5.
971 417 1117 453 Usquequo
1126 416 1290 444 exaltabitur
1301 415 1428 442 inimicus
1439 422 1515 441 meus
1525 421 1604 448 super
1615 411 1674 439 me?

88 463 116 490 6.
141 458 310 499 fumis-40v,
327 466 485 492 είςάκουσὸν
499 474 560 500 μου,
576 465 659 500 Κύριε
671 466 685 491 ὁ
697 465 761 496 Θεός
776 473 838 500 μου.

926 464 953 491 6.
978 463 1101 498 Respice,
1119 469 1146 490 et
1163 463 1259 490 exaudi
1276 470 1328 495 me,
1347 461 1460 489 Domine
1484 459 1556 487 Deus
1571 466 1653 486 meus.

89 509 118 536 7.
133 509 251 536 Φώτισον
266 511 329 542 τοὺς
343 510 498 546 ὀφθαλμούς
523 519 585 545 μου,
605 511 709 545 μήποτε
724 509 840 535 ὑπνώσω

930 510 954 536 7.
975 509 1101 536 lllumina
1118 509 1211 538 oculos
1225 516 1310 541 meos,
1327 515 1361 535 ne
1373 514 1491 542 unquam
1506 506 1672 534 obdormiam

50 555 94 585 εἰς
113 554 238 582 θάνατον.

891 557 917 583 in
935 560 1031 584 morte.

33 598 38 603 ”
86 599 114 626 8.
131 600 243 635 Μήποτε
258 601 329 627 εἴποι
343 600 461 636 ὁὲχορός
483 609 550 636 μουι
570 601 682 635 Ἴσχυσα
704 600 771 635 πρὸς

925 603 952 631 8.
970 602 1008 630 Ne
1040 603 1148 637 quando
1171 602 1244 629 dicat
1269 601 1396 628 inimicus
1426 607 1502 627 meus
1521 608 1527 626 :
1545 597 1674 627 Prteralui

47 644 98 670 τόν
103 664 109 670 .

893 650 1024 677 adversus
1040 657 1112 676 cum.

87 688 116 715 9.
132 689 164 715 ΟΞ
180 687 317 720 θλίὸοντές
335 697 368 724 με
384 689 601 723 ἀγαλλιάσονται,
615 692 662 717 ἐὰν
677 690 799 717 σαλευθῶ
813 702 818 706 ·

926 695 952 722 9.
971 695 1027 728 Qui
1041 695 1173 722 tribulant
1184 702 1226 721 me
1243 701 1275 720 ex
1283 693 1431 724 sultabunt,
1443 691 1466 719 si
1475 695 1563 719 motus
1576 690 1652 718 fuero
1665 700 1671 717 :

90 733 134 760 10.
158 733 228 767 Ἐγὼ
244 734 273 760 δὲ
287 734 332 760 ἐπὶ
341 734 380 770 τῷ
394 734 462 760 ἐλέει
482 743 527 761 που
539 736 649 770 ἤλπισα.

927 740 970 767 10.
988 739 1044 775 Ego
1060 744 1154 766 autem
1171 739 1198 765 in
1214 738 1402 766 misericordia
1418 741 1463 763 tua
1482 736 1605 770 speravi.,

89 778 134 805 11.
156 778 362 812 Ἀγαλλιάσεται
379 781 395 815 ή
414 780 511 816 καρδία
537 790 587 816 μου
601 782 646 808 ἐπὶ
660 782 699 818 τῷ
715 783 840 818 σωτηρίῳ

809 783 840 817 ίῳ
927 786 970 813 Η.
998 785 1152 813 Exsultabit
1164 793 1210 812 cor
1225 792 1315 811 meum
1334 784 1360 810 in
1377 783 1490 810 salutari
1511 787 1566 809 tuo.

50 832 115 852 σου.

88 870 135 897 12.
156 871 230 906 ’ᾼσω
245 871 284 906 τῷ
297 872 390 907 Κυρίῳ
402 872 440 907 τῷ
454 873 662 909 εὐεργετή-ςαντί
681 883 713 910 με
726 883 731 888 '

862 870 877 897 Β
930 874 974 900 12.
992 874 1119 901 Cantabo
1136 873 1260 903 Domino.
1275 873 1321 907 qui
1335 873 1406 900 bona
1428 871 1520 899 tribuit
1538 871 1620 898 mihi:

87 916 132 943 15.
149 917 204 942 Καὶ
217 916 294 951 ψαλῶ
306 917 344 953 τῷ
355 918 466 954 ὀνόματι
480 920 587 954 Κυρίου
605 920 651 946 τοῦ
663 920 786 954 ὑψίστου.

929 921 972 947 15.
995 920 1028 948 Ει
1044 921 1157 955 psallam
1179 920 1281 948 nomini
1304 919 1411 947 Domini
1423 918 1558 946 altissimi.

86 974 141 1005 Εἷς
153 973 186 999 τὸ
202 974 288 1006 τέλος
302 975 423 1009 ψαλμὸς
440 975 479 1008 τῷ
494 976 591 1002 Δαϐίδ.
608 976 725 1003 ΨΑΛΜ.
743 977 801 1004 ΙΓ’.

985 979 1016 1006 In
1029 980 1106 1014 ﬁnem
1117 980 1233 1014 psalmus
1246 978 1341 1007 David.
1357 977 1490 1006 PSALM.
1505 975 1592 1004 XIII.

85 1019 113 1046 Ι.
132 1016 216 1045 Εἶπεν
229 1020 324 1055 ἄφρων
341 1021 369 1047 ὲν
385 1021 483 1056 καρδία
498 1022 579 1048 αὑτοῦ
593 1031 599 1036 ·
616 1023 672 1048 Οὺκ
692 1022 748 1048 ἔστι
763 1022 838 1054 Θεός.

930 1026 954 1054 ι.
977 1025 1050 1052 Dixit
1064 1026 1196 1060 insipiens
1209 1027 1237 1053 in
1253 1026 1335 1053 corde
1350 1033 1413 1052 suo:
1429 1024 1487 1052 Non
1506 1028 1546 1052 est
1560 1023 1641 1051 Deus.

83 1064 114 1091 2.
130 1065 332 1101 Διεφθάρηααν,
353 1066 400 1093 καὶ
422 1066 621 1102 ὲϐδελύχθησαν
643 1068 671 1094 ἐν
697 1068 839 1103 ἐπιτηδεύ-

926 1071 953 1098 2.
971 1071 1102 1106 Corrupti
1119 1077 1193 1104 sunt,
1210 1076 1237 1099 et
1254 1070 1450 1099 abominabiles
1471 1069 1534 1097 facti
1558 1073 1622 1098 sunt
1645 1069 1672 1096 in

49 1119 145 1145 μασιν.

891 1116 988 1144 studiis
1002 1116 1075 1144 suis.

84 1157 112 1184 3.
132 1157 189 1184 Οὐκ
201 1157 260 1184 ἔστι
271 1157 354 1185 ποιῶν
365 1159 545 1195 χρηστότητα,
556 1160 605 1186 οὐκ
620 1159 691 1187 ἔστιν
703 1160 755 1192 ἕως
768 1160 835 1192 ἑνός.

925 1161 952 1188 3.
968 1159 1027 1187 Non
1044 1165 1085 1188 est
1096 1161 1142 1195 qui
1156 1160 1238 1188 faciat
1260 1161 1362 1190 bonum
1373 1181 1381 1192 ,
1397 1169 1450 1188 non
1465 1164 1508 1188 est
1526 1167 1611 1195 usque
1637 1159 1670 1187 ad

889 1214 984 1234 unum.

84 1241 111 1267 4.
128 1242 233 1277 Κύριος
251 1242 284 1269 ὲκ
295 1242 342 1270 τοῦ
357 1243 472 1280 οὐρανοῦ
490 1245 616 1280 διέκυψεν
628 1246 674 1273 ἐπὶ
687 1248 749 1279 τοὺς
763 1247 836 1278 υἱοὺς

925 1253 952 1280 Α.
969 1253 1098 1280 Dominus
1115 1253 1148 1281 de
1161 1254 1231 1281 coelo
1243 1253 1382 1289 prospexit
1395 1260 1476 1288 super
1487 1251 1557 1280 ﬁlios
1576 1251 1663 1280 liomi-

47 1286 103 1314 τῶν
119 1288 273 1324 ἀνθρώπων
284 1309 291 1322 ,
890 1306 955 1325 num
967 1317 975 1328 .

615 1405 660 1432 AT
669 1405 808 1433 HANASll
828 1407 1127 1435 INTEHPRETATIO.

83 1490 116 1517 9.
131 1490 270 1527 Βδελὼσῃ
286 1501 335 1527 μου
352 1494 400 1529 τὴν
413 1494 513 1530 δέησιν.

926 1498 954 1525 2.
967 1499 1143 1527 Abominaris
1158 1500 1340 1534 precationem
1358 1507 1455 1527 meam.

84 1536 113 1564 5.
127 1537 201 1568 Ἕως
215 1539 281 1564 πότε
295 1539 345 1571 τὰς
360 1539 455 1575 βουλὰς
473 1541 527 1568 τῶν
537 1542 673 1577 δαιμόνων
683 1543 796 1578 δέξομαι
809 1543 838 1571 ὲν

924 1545 952 1572 5.
973 1545 1120 1582 Usquequo
1134 1547 1268 1582 excipiam
1279 1547 1392 1575 consilia
1402 1547 1554 1575 daemonum
1572 1547 1599 1574 in
1608 1548 1670 1575 ani-

46 1583 82 1618 ’ᾗ
99 1582 173 1618 ψυχῇ
187 1591 237 1618 μου
251 1592 258 1616 ;

888 1598 933 1618 ma
947 1599 1007 1619 mea
1018 1592 1029 1619 ἳ

83 1628 113 1656 4.
135 1630 242 1656 Ὀδύναι
252 1631 306 1666 γάρ
322 1633 375 1658 εἰσι
392 1632 435 1659 διὰ
452 1634 550 1665 παντὸς
563 1634 611 1669 τῆς
626 1635 740 1669 καρδίας
757 1645 817 1671 μου.

925 1638 953 1665 4.
971 1638 1084 1666 Dolores
1098 1639 1171 1666 enim
1187 1639 1262 1666 omni
1278 1644 1397 1674 tempore
1408 1639 1483 1667 cordi
1503 1646 1563 1666 meo
1581 1642 1653 1667 sunt.

83 1673 113 1701 5.
131 1675 384 1703 Καταδυναστεύσει
403 1685 462 1713 μου.

926 1683 952 1711 5.
970 1683 1000 1711 1η
1015 1691 1058 1711 me
1069 1684 1261 1712 dominabitur.

83 1718 112 1745 6.
127 1719 381 1757 Προσεσχηκὼςτὴν
388 1724 543 1758 τυραννίδα,
551 1725 584 1760 ἣν
591 1726 723 1762 τυραννοῦ
727 1736 775 1762 μαι
786 1728 837 1755 ὑπὸ

924 1730 952 1757 6.
968 1729 1151 1758 Considerans
1167 1730 1346 1765 tyrannidem,
1359 1737 1413 1764 qua
1425 1730 1563 1765 opprimor
1575 1730 1608 1757 ab
1617 1730 1665 1757 ini-

47 1765 96 1791 τοῦ
114 1765 224 1802 ἐχθροῦ.
886 1776 967 1804 mico-

84 1810 116 1857 ’1Γ
130 1811 201 1843 Τοὺς
214 1813 369 1849 ὀφθαλμοὺς
382 1815 433 1852 τῆς
447 1817 560 1853 καρδίας
577 1827 626 1854 μου
645 1819 772 1853 φώτισον.
793 1821 837 1848 ἵνα

922 1822 949 1849 7.
969 1821 1070 1850 Oculos
1084 1823 1174 1850 cordis
1195 1823 1247 1850 mei
1276 1822 1410 1856 illumina,
1431 1827 1460 1850 ut
1482 1830 1534 1849 non
1559 1831 1667 1857 perma-

49 1863 88 1890 μη
103 1856 276 1891 ὲναπομείνω
289 1860 321 1894 τῇ
336 1859 466 1896 ἁμαρτίᾳ.

380 1861 466 1896 ιρτίᾳ.
887 1875 965 1895 neum
980 1867 1006 1894 in
1018 1872 1138 1902 peccato.

85 1900 115 1948 ξ.
129 1901 247 1948 adﬁrmare
262 1903 332 1931 εἴποι
346 1906 360 1931 ὁ
377 1905 497 1939 διάϐολος
507 1916 513 1922 ·
530 1909 697 1945 Περιγέγονα
713 1911 804 1938 αὑτοῦ.

921 1913 948 1940 8.
967 1911 1004 1939 Ne
1018 1900 1128 1947 quando
1141 1912 1214 1940 dicat
1227 1912 1370 1940 diabolus:
1385 1913 1517 1948 Superavi
1528 1920 1599 1940 eum.

82 1945 111 1973 9.
127 1947 196 1979 Τοὺς
205 1948 334 1984 δαίμονας
345 1951 428 1986 λέγει.
758 1965 762 1971 ’

758 1965 762 1971 '
922 1957 949 1984 9.
966 1945 1108 1985 Daemones
1121 1957 1262 1993 signiﬁcat.

87 1991 136 2017 10.
157 1991 230 2027 Ἐγὼ
240 1993 267 2020 δὲ
281 1995 392 2030 ἤλπισα,
407 1997 454 2028 ὅτι,
466 1996 562 2029 σώσεις
581 2007 613 2034 με
627 2000 656 2026 ἐν
672 1999 710 2035 τῷ
727 2001 836 2038 σταυρῷ

925 2003 969 2030 10.
985 2003 1042 2038 Ego
1066 1991 1158 2031 autem
1180 2003 1307 2039 speravi,
1332 2004 1403 2039 quod
1427 2004 1544 2031 salvabis
1567 2011 1611 2030 me
1639 2003 1665 2030 in

50 2046 97 2064 0'0)

887 2056 970 2077 cruce
984 2053 1039 2077 tua.

84 2084 131 2112 Η.
153 2085 213 2112 Ἐπὶ
225 2086 264 2122 τῷ
281 2087 338 2122 Υίῴ
353 2096 408 2114 σου.

402 2108 408 2114 .
921 2095 964 2122 Η.
983 2095 1010 2122 1η
1024 2095 1092 2123 Filio
1104 2100 1159 2124 tuo.

83 2129 130 2157 12.
144 2131 248 2167 ’Υμνον
261 2133 414 2168 ἀναπέμψω
425 2134 464 2170 τῷ
480 2135 574 2172 Κυρίῳ
584 2137 623 2172 τῷ
638 2137 774 2174 ἰασαμένῳ
786 2139 834 2174 τὴν

926 2141 968 2167 l2.
987 2140 1121 2176 Hymnum
1135 2141 1251 2169 cantabo
1263 2141 1387 2174 Domino,
1400 2149 1446 2176 qui
1467 2142 1570 2169 sanavit
1594 2141 1667 2169 inﬁr-

48 2176 193 2204 ἀσθένειαν
203 2179 252 2214 τῆς
263 2179 351 2215 ψυχῆς
368 2189 429 2215 μου.

887 2186 1007 2214 mitatem
1021 2186 1117 2213 animae
1130 2194 1210 2218 mere,
1425 2190 1428 2195 '

84 2221 130 2250 15.
144 2223 200 2250 Καὶ
215 2224 293 2259 ψαλῶ
304 2225 342 2260 τῷ
353 2226 462 2261 ὀνόματι
482 2227 584 2262 Κυρίου
600 2228 646 2255 τοῦ
661 2229 833 2265 ἐπουρανίου.

924 2231 968 2259 l5.
984 2231 1017 2258 Et
1029 2231 1142 2266 psallam
1158 2231 1261 2259 nomini
1280 2231 1387 2259 Domini
1404 2232 1611 2266 supercmlestis.

88 2280 124 2308 Ἦ
140 2284 307 2319 προκειμένη
325 2285 462 2320 ἐπιγραφὴ
476 2286 493 2321 ἡ
506 2286 550 2314 διὰ
564 2287 614 2321 τῆς
631 2288 816 2323 κινναϐάρεως
839 2289 975 2324 περιέχει⁸
989 2290 1042 2322 Εἷς
1059 2289 1093 2316 τὸ
1112 2289 1198 2322 τέλος
1212 2290 1331 2324 ψαλμὸς
1342 2289 1381 2323 τῷ
1403 2290 1505 2317 Δαῦἰδ·
1519 2290 1665 2324 τουτέστιν,

49 2325 121 2364 ὑπὲρ
136 2329 185 2364 τῆς
202 2330 352 2365 παρουσίας
367 2331 413 2357 τοῦ
427 2332 530 2368 Κυρίου
547 2333 597 2368 τῆς
611 2334 654 2360 ἐπ’
671 2334 792 2370 ἐσχάτων
806 2334 861 2362 τῶν
877 2335 988 2370 ἡμερῶν
1001 2336 1084 2370 λέγει.
1102 2336 1182 2363 Δαεὶὶδ
1196 2336 1250 2371 γὰρ
1259 2336 1437 2372 ἑρμηνευεται
1452 2337 1665 2372 πεποθημένος,

48 2373 119 2410 ὅπερ
135 2376 209 2403 tam
220 2377 267 2403 καὶ
284 2377 359 2414 παρὰ
373 2377 412 2414 τῷ
427 2378 523 2405 ἑαυτοῦ
537 2380 633 2416 Πατρὶ,
648 2381 694 2407 καὶ
707 2381 783 2417 παρὰ
795 2383 851 2413 τοῖς
865 2382 1018 2418 ἀνθρώποις
1039 2382 1125 2418 [Υἱὸς]
1141 2382 1188 2409 τοῦ
1205 2382 1281 2410 Θεοῦ.

83 2431 203 2466 Titulus,
220 2433 266 2468 qui
279 2434 384 2468 psalmo
398 2437 572 2471 praeponitur,
587 2437 726 2466 cinnabari
745 2439 859 2474 scriptus
885 2440 1006 2467 continet
1024 2450 1030 2467 :
1051 2440 1083 2467 In
1110 2441 1198 2476 ﬁnem,
1224 2442 1341 2476 psalmus
1357 2441 1458 2470 Dat-id:
1476 2442 1528 2470 hoc
1545 2448 1597 2475 est,
1616 2451 1664 2478 pro

49 2478 166 2525 adventu
182 2479 290 2507 Domini
304 2481 369 2508 dicit
384 2482 411 2508 in
441 2482 596 2510 novissimis
612 2483 718 2512 diebus.
738 2484 820 2512 David
843 2485 915 2513 enim
934 2486 1136 2521 interpretatur
1166 2488 1343 2521 desideratus,
1368 2489 1456 2523 qualis
1475 2493 1526 2522 est,
1550 2494 1577 2516 et
1594 2490 1665 2525 apud

49 2531 128 2551 suum
144 2523 263 2558 Patrem,
278 2530 305 2553 et
319 2527 390 2561 apud
402 2528 536 2563 homines,
556 2529 600 2557 Dei
615 2529 709 2558 Filius.

86 2605 112 2634 Ι.
133 2605 164 2633 Ὀ
178 2606 299 2640 Σατανᾶς
313 2608 360 2634 καὶ
374 2609 398 2635 οξ
410 2610 492 2637 αὐτοῦ
510 2610 590 2639 εἶπαν
606 2613 670 2649 περὶ
683 2613 730 2641 τοῦ
746 2622 830 2641 σταυ-

921 2616 947 2643 1.
966 2615 1093 2650 Satanas,
1113 2620 1141 2645 et
1154 2617 1199 2652 qui
1216 2616 1276 2652 ejus
1291 2623 1365 2652 sunt,
1386 2617 1512 2646 dixerunt
1528 2617 1562 2645 de
1575 2625 1662 2646 cruci-

51 2651 193 2686 ρωΘέ-ντος.

188 2672 193 2679 .
880 2658 946 2686 ﬁxo.

83 2697 110 2723 2.
132 2697 199 2724 Ὑπὸ
211 2697 266 2725 τῶν
284 2699 372 2735 ἔργων
391 2702 480 2729 αὐτῶν
500 2703 554 2730 τῶν
570 2705 696 2740 πονηρῶν
718 2707 828 2743 ἐμολύν-

918 2704 946 2731 2.
964 2704 1097 2739 lmprobis
1116 2712 1209 2733 eorum
1235 2705 1313 2734 factis
1338 2706 1514 2734 contaminati
1538 2711 1612 2738 sunt,
1636 2712 1663 2734 et

48 2740 143 2778 θησαν,
159 2745 206 2771 καὶ
219 2745 357 2780 βδελυκττὶ
372 2748 495 2782 ἐγένοντο
512 2749 587 2786 παρὰ
602 2751 641 2787 τῷ
655 2751 723 2788 Θεῷ.
735 2740 741 2743 1

886 2750 1084 2780 abominabiles
1100 2750 1163 2780 facti
1184 2757 1248 2780 sunt
1262 2752 1331 2786 apud
1346 2751 1440 2780 Deum.

82 2790 108 2817 3.
125 2791 181 2818 Οὐκ
193 2791 251 2819 Em.
263 2793 348 2820 ποιῶν
363 2803 389 2821 τι
405 2796 547 2831 χρήσιμον.

917 2796 943 2826 3.
960 2796 1046 2826 Nemo
1058 2803 1109 2832 est,
1120 2799 1167 2834 qui
1180 2799 1246 2826 utile
1261 2799 1362 2834 aliquid
1377 2798 1467 2827 faciat.

83 2835 110 2862 ι.
125 2837 228 2873 Κύριος
238 2839 270 2865 ἐκ
285 2839 332 2866 τοῦ
346 2841 460 2876 οὐρανοῦ
473 2842 578 2870 ἐπεῖδεν
594 2842 640 2869 ἐπὶ
656 2842 758 2876 πάντας
769 2843 831 2876 τοὺς

915 2843 942 2870 4.
960 2843 1092 2873 Dominus
1116 2852 1132 2873 e
1148 2845 1217 2874 coelo
1234 2846 1353 2881 respexit
1372 2853 1455 2881 super
1475 2850 1570 2872 omnes
1590 2842 1660 2872 ﬁlios

52 2882 122 2914 υἱοὺς
138 2883 194 2910 τῶν
210 2883 372 2919 ἀνθρώπων.

283 2883 372 2913 ώπων.
881 2888 1022 2917 hominum
1036 2899 1041 2917 :
