1897 3050
251 175 302 205 691

255 241 316 314 De5.
336 240 371 269 Ut
386 242 484 275 videat,
501 243 524 270 si
549 247 589 270 est
619 243 791 279 intelligens,
820 250 866 272 aut
893 247 1034 281 requirens

295 295 349 314 um.

295 295 349 314 um.

291 333 318 361 6.
335 333 436 362 Omnes
461 335 690 368 declinaverunt,
717 336 798 363 simul
828 337 938 365 inutiles
971 338 1034 365 facti

257 384 320 407 sunt
331 389 336 406 :

292 427 318 454 7.
333 427 394 454 Non
405 431 447 454 est
465 427 512 462 qui
529 427 610 456 faciat
623 429 736 460 bonum,
757 437 811 456 non
829 434 871 457 est
894 437 980 465 usque
1003 430 1036 457 ad
1079 463 1082 467 .

258 481 352 500 unum.

292 519 318 546 8.
335 518 431 547 Nonne
447 526 613 556 cognoscent
633 530 738 554 omnes,
764 522 811 557 qui
827 527 973 557 operantur
987 522 1038 548 ini-

258 566 388 600 quitatem
400 587 407 599 ,

293 611 320 638 9.
336 610 388 643 Qui
403 611 534 639 devorant
544 613 650 648 plebem
661 622 749 642 meam
759 614 830 641 sicut
841 622 931 642 escam
944 614 1038 649 panis?

295 656 338 683 10.
357 656 502 685 Dominum
521 666 575 686 non
593 660 797 687 invocaverunt.

296 702 341 730 11.
357 702 413 730 Illic
430 704 634 739 trepidaverunt
659 707 768 737 timore,
787 705 833 732 ubi
851 713 902 733 non
927 711 985 733 erat
1006 706 1039 732 ti-

260 757 321 777 mor
333 759 340 777 ε

298 796 341 823 12.
358 795 493 828 Quoniam
511 798 642 826 Dominus
656 798 683 825 in
704 799 879 833 generatione
892 799 1039 834 justorum.

295 842 338 868 15.
357 842 507 870 Consilium
525 843 613 878 inopis
628 843 813 877 confudistis;

295 888 338 915 11.
354 888 389 915 At
404 887 537 916 Dominus
551 897 615 924 spcs
628 889 689 925 ejus
704 894 756 917 est.

297 935 340 963 15.
357 935 424 968 Quis
441 935 516 963 dabit
529 944 561 963 ex
579 936 645 964 Sion
663 937 784 964 salutare
800 936 903 964 Israel?

299 981 341 1008 I6.
358 982 427 1009 Cum
452 983 581 1010 averterit
598 982 732 1011 Dominus
754 983 937 1018 captivitatem
955 983 1043 1018 plebis

263 1035 318 1055 602
330 1047 338 1057 9

299 1074 343 1101 17.
359 1073 512 1102 Exsultabit
529 1074 631 1107 Jacob,
647 1079 675 1102 et
687 1075 825 1103 laetabitur
842 1075 936 1103 Israel.

346 1151 378 1179 In
394 1153 472 1187 ﬁnem
486 1153 603 1188 psalmus
616 1153 713 1181 Dauid.
728 1152 859 1180 PSALH.
879 1151 959 1180 XIV.

301 1197 326 1225 1.
344 1197 468 1233 Domine,
481 1199 543 1234 quis
564 1199 697 1227 habitabit
712 1199 739 1226 in
754 1198 931 1226 tabernaculo
947 1198 1017 1225 tuo?

657 176 686 206 S.
705 177 892 207 ATHANASII
913 179 988 208 OPP.
1009 179 1098 208 PARS
1117 179 1162 207 III.
1181 195 1216 200 —
1234 177 1438 206 EXEGETICA.
1821 176 1869 204 699

1120 248 1146 274 5.
1163 246 1214 272 Τοῦ
1231 246 1303 277 ἰδεῖν,
1319 246 1342 271 εἰ
1357 244 1414 271 ἔστι
1432 243 1540 275 συνιῶν,
1558 244 1575 277 ἢ
1591 243 1715 278 ἐκζητῶν
1730 241 1781 268 τὸν
1798 242 1868 269 Θιόν.

1119 337 1145 364 6.
1161 337 1263 367 Πάντες
1277 334 1424 366 ἐξέκλιναν,
1439 333 1497 368 ἅμα
1510 331 1700 368 ἡχρειώθησαν
1714 339 1721 346 ν

1123 426 1148 452 7.
1168 425 1223 451 Οὐκ
1233 423 1289 450 ἔστι
1299 423 1382 449 ποιῶν
1398 422 1583 459 χρηστότητα,
1595 421 1645 447 οὐκ
1658 421 1731 447 ἔστιν
1739 419 1795 451 ἕως
1804 420 1861 451 ἑνός

1124 514 1150 539 8.
1167 512 1234 546 Οὐχὶ
1248 512 1394 545 γνώσονται
1408 511 1507 541 πάντες
1521 510 1545 536 oi
1559 508 1735 545 ἐργαζόμενοι
1750 507 1802 543 τὴν
1813 508 1869 534 ἀνο-

1091 559 1153 594 μίαν
1162 579 1168 589 ,

1123 606 1148 631 9.
1166 605 1196 631 Οἱ
1212 604 1347 634 ἐσθίοντες
1358 602 1403 629 τὸν
1418 603 1481 628 λαόν
1498 611 1550 637 μου
1566 602 1595 628 ὲν
1610 600 1710 637 βρώσει
1725 600 1828 636 ipson;

1127 651 1169 676 I0.
1186 650 1237 675 Τὸν
1249 649 1351 683 Κύριον
1367 648 1416 674 οὑκ
1430 646 1642 673 ἐπεκαλέσαντο·

1127 696 1170 722 II.
1191 695 1265 721 Ἐκεῖ
1281 694 1430 721 ὲδειλίασαν
1444 693 1528 726 φόσῳ,
1541 688 1571 718 οὗ
1588 692 1637 718 οὐκ
1651 688 1685 726 ἦν
1700 689 1785 724 φόϐος
1797 697 1803 703 ’

1129 785 1171 812 1⁸2.
1190 785 1250 810 "Ott
1263 783 1364 818 Κύριος
1380 791 1408 809 εν
1419 782 1499 816 γενεᾷ
1512 780 1634 807 δικαίων.

1128 832 1170 858 15.
1188 830 1288 865 Βουλὴν
1301 829 1408 864 πτωχοῦ
1424 826 1610 863 κατῃσχύνατε
1621 834 1628 841 ·

1129 876 1171 902 14.
1196 876 1225 901 '0
1239 875 1267 901 δὲ
1282 874 1382 910 Κύριος
1401 873 1477 904 ἐλπὶς
1495 871 1576 899 αὑτοῦ
1593 871 1662 896 ἐστι.

1128 922 1173 948 15.
1185 921 1232 952 Τίς
1245 919 1323 946 δώσει
1338 920 1368 945 ὲκ
1380 918 1447 945 Σιὼν
1459 918 1489 944 τὸ
1508 917 1639 952 σωτήριον
1651 913 1698 941 τοῦ
1717 913 1836 948 ’ἰσραήλς

1130 966 1173 994 I6.
1193 967 1237 993 Ἐν
1252 966 1290 1000 τῷ
1313 964 1474 1000 ἐπιστρέψαι
1500 962 1600 998 Κύριον
1624 961 1672 996 τὴν
1691 957 1872 994 αἰχμαλωσίαν

1093 1013 1141 1040 τοῦ
1158 1012 1224 1039 λαοῦ
1239 1011 1320 1039 αὑτοῦ
1334 1031 1341 1042 ,

1132 1059 1175 1085 I7.
1201 1057 1407 1092 Ἀγαλλιάσεται
1440 1053 1538 1081 Ἰακὼϐ
1553 1074 1560 1087 ,
1585 1053 1632 1079 καὶ
1662 1049 1872 1086 εὐφρανθήσεται

1103 1103 1220 1140 Ἰσραήλ.

1137 1151 1188 1182 Εἲς
1202 1149 1236 1175 τὸ
1252 1148 1338 1181 τέλος
1354 1147 1475 1182 ψαλμὸς
1487 1146 1526 1179 τῷ
1538 1145 1637 1172 Δαὸίὸ.
1654 1142 1771 1171 ΨΑΛΜ.
1782 1143 1830 1169 ΙΔ’.

1134 1197 1160 1223 1.
1175 1195 1273 1230 Κύριε.
1285 1195 1327 1227 τίς
1342 1194 1504 1230 παοοικήσει
1516 1194 1544 1220 ὲν
1555 1193 1594 1228 τῷ
1609 1189 1768 1227 σκηνώματι
1780 1194 1838 1220 σου;

829 1338 1013 1366 ATHANASII
1033 1337 1320 1366 INTERPRETATIO.

302 1496 329 1524 5.
347 1495 399 1529 Qui
414 1499 504 1523 mente
516 1495 600 1523 Deum
616 1497 761 1531 concipiat,
776 1496 906 1531 illumque
919 1499 1031 1530 qumrat.

1133 1497 1160 1523 5.
1180 1497 1252 1522 Ἀνω
1266 1495 1358 1521 λαϐεῖν
1371 1494 1416 1520 τὸν
1428 1493 1503 1525 Θεὸν,
1523 1493 1569 1519 καὶ
1582 1492 1673 1528 ζητεῖν
1691 1491 1795 1519 τοῦτον.

302 1542 330 1570 6.
350 1542 452 1569 Omnes
462 1546 645 1574 recesserunt.
660 1542 742 1569 simul
754 1542 864 1569 inutiles
878 1542 941 1569 facti
957 1546 1031 1574 sunt,

303 1589 328 1616 7.
345 1588 404 1616 Non
417 1593 459 1616 est
478 1588 580 1616 faciens
602 1589 716 1621 bonum,
740 1596 794 1616 non
813 1593 957 1624 estneque
976 1596 1048 1616 unus

267 1642 375 1667 eorum,
387 1634 460 1668 quia
477 1633 533 1662 Deo
545 1634 683 1661 deﬁciunt.

303 1680 330 1707 8.
349 1679 521 1714 Iuiquitatem
539 1683 683 1714 operantes
699 1685 755 1706 non
773 1683 938 1713 cognosaent
958 1678 1049 1706 Domi—

268 1732 345 1752 num.

304 1771 332 1799 9.
348 1771 535 1806 Opprimentes
547 1771 662 1806 justum.

303 1818 348 1844 I0.
363 1816 422 1845 Non
439 1825 502 1845 eum
517 1823 667 1852 posuerunt
684 1817 735 1845 sibi
750 1817 912 1852 adiutorem.

290 1863 348 1890 -11,
362 1862 400 1890 De
413 1863 515 1890 mundo
529 1863 659 1898 loquitur.

307 1909 350 1936 12.
365 1909 395 1936 In
412 1909 499 1937 medio
516 1909 637 1944 ipsorum
656 1908 818 1940 inambulat,
830 1907 858 1935 et
869 1908 1014 1935 inhabitat.

306 1956 351 1983 15,
369 1955 427 1983 Non
440 1955 583 1990 accepistis
597 1955 734 1987 justorum
752 1953 915 1981 doctrinam.

305 2003 350 2029 14.
370 2001 491 2030 ΑΞῑει-ηεε
507 2000 705 2029 retributionis.

305 2048 351 2076 I5.
367 2047 424 2076 Nisi
439 2048 497 2083 ipse
508 2055 556 2082 per
577 2055 606 2074 se
618 2047 706 2082 ipsum
721 2046 849 2081 largietur
862 2046 979 2073 salutem
992 2053 1052 2073 om-

277 2096 360 2122 nibus
379 2095 406 2122 in
427 2102 490 2122 eum
512 2093 707 2121 credentibus:
724 2091 807 2119 Israel
831 2092 903 2119 enim
919 2092 1052 2126 interpre-

271 2146 344 2169 tatur
355 2142 396 2168 vir
410 2141 498 2168 uidens
512 2139 593 2166 Deum
604 2159 611 2171 ,

307 2187 350 2215 I6.
369 2187 398 2215 In
415 2195 506 2218 cruce,
522 2186 599 2213 dicit.

1136 1543 1162 1569 0.
1179 1542 1282 1572 Πάντες
1295 1540 1462 1576 ἀπέστησαν,
1480 1539 1537 1574 ἅμα
1553 1538 1683 1574 ἄχρηστοι
1698 1537 1826 1571 ἐγένοντο.

1137 1587 1162 1614 7.
1177 1587 1233 1613 Οὐκ
1247 1586 1304 1612 ἔστι
1316 1585 1399 1611 ποιῶν
1416 1583 1585 1618 ἁγαθὸν,οὑκ
1597 1583 1669 1609 ἔστιν
1683 1582 1734 1614 ἓως
1754 1582 1811 1613 ἑνὸς
1823 1580 1872 1606 τῶν

1099 1632 1321 1659 ἀποστατοὼτων
1335 1630 1388 1657 ἀπὸ
1399 1630 1445 1656 τοῦ
1459 1629 1536 1655 Θεοῦ.

1137 1679 1163 1706 8.
1178 1679 1210 1705 Οἱ
1232 1677 1409 1713 ἐργαζόμενοι
1425 1676 1473 1711 τὴν
1494 1675 1608 1711 ἀνομίαν
1627 1675 1658 1701 οὐ
1673 1673 1817 1708 γνώσονται
1831 1671 1871 1696 τὸν

1099 1725 1212 1761 Κύριον.

1135 1771 1162 1798 9.
1180 1772 1211 1798 0t
1222 1770 1501 1800 καταδυναστεύοντες
1514 1768 1558 1795 τὸν
1572 1767 1682 1794 δίκαιον.

1138 1817 1182 1844 10.
1200 1817 1257 1843 Οὑκ
1270 1816 1361 1843 ἔθεντο
1373 1815 1454 1842 αὑτὸν
1470 1814 1576 1850 βοηθόν.

1127 1863 1180 1894 ἐ11.
1198 1862 1246 1894 Εἰς
1264 1862 1309 1888 τὸν
1323 1861 1425 1896 κόσμον
1438 1859 1522 1893 λέγει.

1136 1909 1180 1936 12.
1202 1909 1246 1934 Ἐν
1264 1908 1338 1942 μέσῳ
1350 1905 1438 1933 αὐτῶν
1455 1903 1647 1940 ἐμπεριπατεῖ,
1661 1911 1708 1929 και
1721 1900 1824 1928 ενοικεϊ.

1137 1954 1180 1981 15.
1196 1954 1252 1990 Τὴν
1264 1952 1373 1987 διδαχὴν
1386 1951 1442 1978 τῶν
1457 1950 1568 1977 δικαίων
1582 1949 1632 1976 οὐκ
1644 1947 1778 1981 ἐδέξασθε.

1138 1999 1180 2026 Ii.
1196 1999 1251 2034 Τῆς
1264 1998 1372 2024 αἰωνίου
1390 1995 1608 2031 μισθαποδοσιας.

1139 2045 1181 2072 15.
1198 2045 1230 2071 El
1241 2043 1279 2079 μὴ
1295 2043 1375 2075 αὐτὸς
1397 2043 1430 2068 δι’
1449 2040 1554 2067 ἑαυτοῦ
1570 2040 1710 2076 χαρίσεται
1726 2039 1773 2075 τὴν
1794 2046 1870 2072 σωτη-

1103 2091 1162 2127 ρίαν
1179 2092 1233 2122 τοῖς
1244 2091 1283 2122 εἰς
1299 2089 1380 2116 αὐτὸν
1397 2087 1578 2114 πιστεύουσιν.
1601 2085 1708 2122 Ἰσραὴλ
1722 2084 1774 2120 γὰρ
1792 2084 1869 2120 ἑρμη-

1102 2136 1207 2163 νεύεται
1220 2135 1297 2169 ἀνὴρ
1311 2134 1388 2168 ὁρῶν
1405 2134 1490 2160 Θεὸν.

1139 2181 1181 2208 16.
1205 2182 1248 2208 Ἐν
1265 2181 1303 2215 τῷ
1317 2179 1435 2216 σταυρῷ,
1450 2179 1534 2214 λέγει.

306 2234 350 2260 17.
366 2217 504 2269 Populum
518 2233 595 2264 dicit,
617 2233 664 2267 qui
690 2239 723 2259 ex
748 2230 850 2258 Judatis
871 2235 901 2258 et
926 2231 1041 2266 gentibu:

1140 2228 1182 2254 17.
1201 2227 1251 2253 Τὸν
1268 2226 1331 2253 λαὸν
1343 2225 1372 2258 ἐξ
1390 2225 1532 2256 Ἰουδαίων,
1546 2225 1593 2251 καὶ
1608 2224 1637 2256 ἐξ
1657 2223 1739 2251 ἐθνῶν
1754 2222 1870 2258 μέλλοντα

272 2279 426 2306 crediturus
445 2283 502 2306 est:
523 2278 607 2305 Jacob
620 2277 692 2305 enim
707 2276 893 2311 supplantator
918 2276 1051 2310 interpre-

273 2329 357 2358 tatur,
372 2324 468 2359 quales
481 2328 560 2352 erant
583 2323 685 2350 Judaei:
709 2321 792 2349 Israel
807 2325 897 2348 autem
912 2324 998 2355 gentes
1013 2319 1051 2346 si-

273 2370 394 2406 gniﬁcat.

1105 2273 1242 2300 πιστεύειν
1254 2273 1337 2306 λέγει.
1357 2270 1454 2298 Ἰακὼό
1471 2270 1526 2306 γὰρ
1541 2269 1722 2304 πτερνιστὴς
1737 2268 1870 2304 ἑρμηνεύε-

1104 2327 1160 2349 ται,
1185 2318 1252 2352 ὅπερ
1265 2314 1334 2351 ἦσαν
1347 2316 1370 2342 οἱ
1391 2314 1521 2348 Ἰουδαῖοι,
1536 2315 1561 2340 οἱ
1577 2313 1684 2349 Ἰσραὴλ
1700 2313 1762 2340 θετὰ
1781 2313 1869 2349 [Ἰσρα-

1105 2364 1138 2399 ὴλ
1161 2363 1188 2389 δὲ
1207 2362 1259 2398 τὰ]
1277 2362 1358 2395 ἔθνη.

315 2469 347 2496 Ἠ
361 2468 526 2505 προκειμένη
543 2469 682 2505 ἐπιγραφὴ
696 2470 831 2504 περιέχει·
843 2468 895 2501 Εἰς
909 2467 943 2494 τὸ
954 2466 1040 2499 τέλος
1059 2464 1180 2499 gramm
1202 2464 1242 2497 τῷ
1264 2463 1362 2491 Δαϐἰδ.
1377 2463 1462 2490 Τοῦτο
1482 2460 1527 2490 οὖν
1550 2461 1687 2497 σημαίνει,
1701 2461 1765 2496 ὅπερ
1776 2459 1868 2505 εἴρηται

274 2516 314 2548 εἰς
329 2516 391 2548 τοὺς
406 2515 573 2550 σωζομένους
589 2516 683 2550 ἁγίους
698 2517 726 2542 ὲν
740 2517 772 2551 τῇ
790 2514 928 2550 συντελείᾳ
941 2513 987 2540 τοῦ
1004 2511 1108 2543 αἰῶνος.
1121 2510 1202 2537 Δαδὶδ
1212 2510 1266 2545 γὰρ
1278 2510 1456 2545 ἑρμηνεύεται
1472 2507 1688 2542 πεποθημένος,
1713 2505 1838 2532 τουτέστιν
1856 2504 1867 2529 ὁ

274 2561 353 2597 χορὸς
367 2562 420 2587 τῶν
436 2562 529 2596 ἁγίων,
545 2561 574 2588 ὃν
594 2562 608 2587 ὁ
624 2560 725 2596 Κύριος
739 2550 861 2596 ποθήσας
873 2560 912 2592 εἰς
925 2559 1000 2590 τέλος
1015 2557 1156 2592 ἠγάπησεν
1172 2556 1279 2587 αὐτοὺς,
1296 2555 1343 2581 καὶ
1360 2554 1516 2590 παρέδωκεν
1531 2553 1611 2579 αὑτὸν
1628 2553 1667 2583 εἰς
1681 2551 1788 2578 θάνατον
1807 2550 1866 2585 ὑπὲρ

273 2610 323 2637 τοῦ
333 2609 519 2644 πεποθημένου
531 2608 610 2645 χοροῦ
621 2608 674 2634 τῶν
693 2607 786 2642 ἁγίων.

310 2642 491 2690 Τὶιιιιυείιιυί
509 2642 613 2690 psalmo
630 2656 807 2690 pneponitur,
825 2654 967 2681 continet:
985 2652 1012 2679 in
1027 2651 1106 2686 finem
1128 2649 1245 2685 psalmus
1258 2648 1353 2675 David.
1370 2646 1428 2674 Hoc
1440 2650 1530 2673 autem
1549 2645 1694 2680 signiﬁcat,
1707 2644 1775 2678 quod
1788 2642 1866 2670 dictus

274 2706 317 2730 est
330 2703 363 2729 de
375 2702 487 2733 sanctis.
503 2703 550 2736 qui
565 2702 632 2729 salvi
650 2703 717 2730 ﬁunt
729 2703 755 2729 in
772 2701 1008 2730 consummatione
1024 2699 1125 2727 sreculi.
1153 2697 1237 2724 David
1253 2696 1325 2724 enim
1346 2695 1539 2729 interpretatur
1564 2691 1746 2719 desideratus:
1768 2693 1813 2718 hoc
1832 2694 1866 2717 est

275 2748 376 2776 chorus
388 2752 554 2780 sanctorum,
570 2755 650 2783 quem
666 2747 800 2776 Dominus
807 2748 963 2776 desiderans
977 2753 1063 2782 usque
1073 2745 1101 2772 in
1112 2744 1192 2772 ﬁnem
1201 2743 1304 2776 dilexit,
1315 2746 1343 2769 et
1359 2740 1470 2768 tradidit
1486 2739 1566 2766 morti
1579 2746 1608 2766 se
1618 2738 1707 2774 ipsum
1719 2744 1764 2773 pro
1774 2736 1865 2765 deside.

276 2797 336 2820 rato
350 2796 504 2820 sanctorum
521 2793 616 2820 choro.

314 2871 340 2897 1.
358 2869 386 2898 In
404 2870 511 2898 civitate
525 2877 571 2899 tua
587 2875 692 2899 sancta.

1145 2865 1172 2892 I.
1191 2865 1234 2891 Ἐν
1249 2864 1280 2898 τῇ
1299 2862 1374 2890 πόλει
1391 2870 1437 2888 σου
1455 2862 1489 2897 τῇ
1502 2860 1578 2896 ἁγίᾳ.
