1919 3051
49 163 112 191 893
513 165 556 192 DE
577 166 716 195 TITULIS
734 167 957 195 PSALMORUM.
973 165 1118 197 —“PS'A‘L.
1139 165 1196 197 XV.
1621 173 1674 201 θοι

94 220 122 247 2.
139 221 174 246 ‘H
188 221 229 252 τίς
244 221 450 258 κατασκηνώσει
466 224 495 249 ὲν
512 224 570 258 Sps:
585 225 654 259 ἁγίῳ
668 233 730 258 σου;

859 229 884 257 Α
930 227 958 254 2.
977 227 1031 255 Aut
1048 228 1110 263 quis
1125 228 1277 263 requiescet
1289 228 1316 256 in
1328 234 1420 257 monte
1433 235 1528 258 sancto
1542 230 1605 257 tuo?

95 265 123 294 3.
139 267 326 302 Πορευόμενος
337 269 462 304 ἄμωμος,
482 270 529 296 καὶ
549 271 731 306 ἐργαζόμενος
744 272 846 301 δικαιο-

932 273 959 301 5.
975 273 1027 307 Qui
1042 274 1194 309 ingreditur
1207 276 1266 303 sine
1286 276 1403 309 macula,
1414 281 1441 304 et
1458 280 1586 312 operatur
1597 277 1676 312 justi-

52 312 147 348 σύνην

896 320 960 348 tiam
972 329 977 347 :

96 357 124 384 Δ.
139 358 235 385 Λαλῶν
246 358 374 393 ἀλήθειαν
387 360 416 387 ἐν
436 361 534 397 καρδίᾳ
549 361 631 389 αὐτοῦ
645 372 652 379 ·

932 366 957 392 4.
977 365 1029 399 Qui
1048 365 1170 401 loquitur
1183 367 1321 394 veritatem
1332 367 1359 394 in
1371 368 1453 395 corde
1469 375 1535 395 suo:

95 403 124 432 5.
145 405 193 435 Ὃς
208 405 257 431 οὐκ
273 405 402 433 ὲδόλωσεν
416 408 445 434 ὲν
462 407 570 444 γλώσσῃ
585 409 667 436 αὐτοῦ
680 431 688 443 ,

932 411 959 438 5.
976 411 1029 444 Qui
1046 419 1099 438 non
1115 412 1170 448 egit
1181 412 1272 440 dolum
1287 413 1314 439 in
1326 412 1417 448 lingua
1433 420 1499 441 sua:

96 449 123 477 6.
140 450 206 477 Οὐδὲ
216 451 325 486 ἐποίησε
338 452 377 488 τῷ
394 453 507 488 πλησίον
529 455 611 481 αὑτοῦ
627 457 711 483 κακόν
724 463 731 471 ⁸

687 457 711 483 5v
724 463 731 471 '
932 457 958 484 6.
975 456 1030 485 Nec
1046 457 1110 485 fecit
1124 458 1249 493 proximo
1263 465 1313 486 suo
1327 458 1445 486 malum:

90 496 118 522 7.
135 496 191 523 Καὶ
210 497 359 533 ὀνειδισμὸν
385 499 434 525 οὐκ
457 499 553 527 ἔλαϐεν
577 502 622 528 ἐπὶ
645 502 708 534 τοὺς
733 502 848 538 ἔγγιστα

934 503 961 529 7.
978 502 1011 530 Ει
1022 503 1199 538 opprobrium
1214 511 1268 531 non
1278 504 1382 538 accepit
1398 505 1528 531 adversus
1537 504 1675 539 proximos

51 543 142 570 αὑτοῦ
147 565 154 571 .

897 555 972 575 SUOS.

94 588 123 617 8.
150 589 337 623 Ἐξουδένωται
355 591 470 619 ἐνώπιον
483 592 564 619 αὑτοῦ
579 594 803 630 πονηρευόμενος¹

931 595 958 622 8.
976 594 1016 622 Ad
1038 595 1155 622 nihilum
1180 595 1314 624 deductus
1338 601 1380 624 est
1402 596 1430 623 in
1454 602 1601 624 consnectu
1617 596 1675 632 ejus

896 642 1046 669 malignus:

93 678 122 706 9.
138 677 208 710 Τοὺς
221 678 249 704 δὲ
266 679 450 715 φοϐουμένους
463 681 508 708 τὸν
520 682 620 718 Κύριον
632 683 748 716 δοξάζει.

896 650 1046 677 malignus:

931 687 960 715 9.
976 686 1114 714 Timentes
1127 691 1217 714 autem
1238 687 1383 715 Dominum
1405 687 1545 723 gloriﬁcat.

94 723 140 750 10.
165 725 194 750 Ὀ
205 724 312 760 ὀμνύων
325 725 363 761 τῷ
375 727 488 762 πλησίον
501 729 594 760 αὐτοῦ,
607 730 652 756 καὶ
666 731 714 757 οὐκ
731 731 844 759 ἀθετῶν

829 739 844 756 μ’
936 732 978 760 l0.
999 732 1050 765 Qui
1063 732 1138 767 jurat
1151 733 1276 767 proximo
1289 741 1349 767 suo.
1362 738 1388 761 et
1407 742 1459 762 non
1472 733 1587 769 decipit:

94 768 140 794 11.
159 769 196 795 Τὸ
212 770 342 806 ἀργύριον
355 772 436 799 αὐτοῦ
457 773 507 800 οὐκ
523 773 621 801 ἔδωκεν
634 776 680 803 ἐπὶ
694 777 775 812 τόκῳ¹

933 777 977 804 il.
994 777 1046 810 Qui
1066 779 1209 813 pecuniam
1226 786 1305 806 suam
1319 787 1374 807 non
1388 779 1461 807 dedit
1474 780 1507 807 ad
1522 768 1650 808 usuram:

94 814 140 840 12.
157 815 212 841 Καὶ
224 815 297 851 δῶρα
310 817 353 843 ἐπ’
370 818 470 850 ἀθώοις
482 820 531 847 οὐκ
546 821 651 848 ἔλαϐεν.

933 823 976 850 l2.
995 823 1028 850 Et
1041 831 1153 851 munera
1171 832 1251 859 super
1267 824 1426 852 innocentes
1443 833 1497 853 non
1511 826 1624 860 accepit.

92 861 137 889 15,
161 863 190 888 '0
202 863 286 889 ποιῶν
298 863 386 890 ταῦτα
399 865 428 891 οὺ
439 866 633 902 σαλευθήσεται
647 869 737 901 εἰςτὺν
748 870 842 898 αἰῶνα.

932 869 976 896 l5.
991 869 1044 902 Qui
1063 868 1130 896 facit
1147 870 1214 904 haec,
1231 878 1284 898 non
1304 871 1455 898 movebitur
1470 872 1498 899 in
1519 876 1661 900 aeternum.

134 908 352 954 ’Στηλογραρία
378 920 418 953 τῷ
439 922 537 949 Δαϐίὸ.
565 924 680 953 ΨΑΛΜ.
697 927 753 954 IE'.
861 908 882 926 υ

866 908 882 926 ¹³
951 926 1034 953 Tituli
1049 927 1207 962 inscriptio,
1223 927 1273 961 ipsi
1292 927 1389 955 David.
1411 927 1545 956 psam.
1561 929 1624 958 XV.

91 972 120 998 1.
138 971 256 1004 Φύλαξόν
273 982 318 1009 με,
332 975 434 1010 Κύριε·
450 977 491 1003 ὅτι
510 978 555 1004 ἐπὶ
571 980 612 1005 σοὶ
625 981 736 1015 ἤλπισα.

933 982 958 1009 Ι.
976 981 1114 1010 Conserva
1123 990 1177 1014 me,
1194 982 1324 1017 Domine;
1338 984 1467 1018 quoniam
1483 985 1588 1019 speravi
1604 985 1631 1012 in
1641 989 1676 1014 te.

92 1017 123 1044 2.
139 1016 212 1044 Εἷπα
223 1018 262 1053 τῷ
280 1020 393 1056 Κυρίῳ·
410 1022 512 1057 Κύριός
530 1033 580 1059 μου
595 1024 620 1052 εί
638 1027 670 1053 σὺ
681 1047 688 1059 ,

931 1028 958 1055 2.
977 1027 1038 1054 Dixi
1059 1027 1190 1056 Domino:
1211 1028 1282 1057 Deus
1295 1037 1372 1057 meus
1392 1037 1422 1057 es
1439 1034 1484 1063 tu,

92 1063 122 1090 5.
141 1063 202 1090 Ὀτι
217 1063 271 1091 τῶν
286 1065 395 1099 ἀγαθῶν
412 1076 462 1102 μου
476 1069 505 1095 οὐ
520 1071 613 1106 χρείαν
627 1072 708 1108 ἔχεις.

931 1074 957 1101 5.
976 1074 1110 1107 Quoniam
1125 1074 1259 1103 bonorum
1276 1084 1399 1108 meorum
1419 1084 1473 1104 non
1488 1085 1559 1112 eges.

92 1109 123 1136 ι.
140 1109 204 1140 Τοῖς
215 1109 302 1143 ἁγίοις
314 1112 370 1143 τοῖς
385 1113 414 1139 ἐν
427 1115 459 1149 τῇ
474 1116 508 1150 γῇ
525 1116 619 1143 αὑτοῦ·
635 1117 847 1154 ὲθαυμάστωσεν

933 1120 960 1148 4.
980 1119 1107 1153 Sanctis,
1132 1121 1180 1156 qui
1197 1126 1261 1149 sunt
1281 1122 1308 1149 in
1335 1126 1406 1150 terra
1423 1109 1679 1158 ejus._miriﬁcavit

54 1155 199 1192 Νίύριος,

897 1166 1029 1194 Dominus
1039 1187 1047 1198 ,

96 1202 126 1230 5.
144 1203 238 1231 Πάντα
247 1203 281 1231 τὰ
299 1204 436 1241 θελήματα
446 1206 527 1233 αὐτοῦ
538 1208 567 1234 ὲν
579 1209 678 1241 αὐτοῖς.

672 1230 678 1236 .
934 1213 960 1241 5.
976 1212 1077 1241 Omnes
1088 1214 1242 1243 voluntates
1255 1223 1319 1243 suas
1336 1215 1363 1243 in
1381 1216 1430 1244 eis.

621 1331 809 1362 ATHANASLI
827 1334 1117 1366 INTERPBETATIO.

94 1438 126 1466 2.
150 1439 194 1466 Ἔν
208 1441 241 1476 τῇ
256 1441 311 1468 ἄνω
329 1441 513 1478 Ἰερουσαλήμ.

934 1447 961 1474 2.
976 1449 1006 1475 In
1022 1456 1139 1484 superna
1154 1449 1315 1478 Jerusalem.

95 1485 125 1512 3.
141 1485 328 1521 Πορευόμενος
341 1488 370 1514 ὲν
382 1487 483 1522 πίστειπ,
495 1489 542 1516 καὶ
554 1490 736 1527 ἐργαζόμενος
746 1491 847 1520 δικαιο-

822 1501 847 1519 ο-
934 1493 961 1521 3.
976 1493 1132 1523 Procedens
1143 1496 1170 1523 in
1180 1495 1244 1531 ﬁde,
1260 1501 1287 1525 et
1303 1504 1418 1532 operans
1430 1497 1580 1534 justitiam:

57 1531 158 1558 σύνην.

95 1540 111 1558 ν
132 1540 158 1557 ν.

94 1539 130 1605 41.1
150 1578 351 1615 Ἀνυποκρὶτως
365 1579 462 1612 οὕτως.

864 1609 881 1615 η
936 1584 962 1611 4.
981 1583 1020 1611 lta
1031 1584 1092 1613 sine
1108 1585 1288 1614 simulatione.

94 1621 123 1648 5.
148 1622 178 1649 '0
191 1623 259 1659 πρὸς
270 1609 378 1656 ’πάντας
391 1609 550 1660 ἀνθρώπους
569 1627 680 1663 ἀγάπην
695 1628 776 1664 ἔχων.

861 1609 882 1638 C
935 1629 962 1656 5.
979 1629 1050 1666 Erga
1061 1638 1156 1659 omnes
1169 1632 1294 1660 homines
1308 1633 1411 1660 habens
1423 1632 1592 1667 charitatem,

94 1666 124 1694 ϐ.
143 1667 200 1694 Οὐκ
214 1669 301 1704 ἐχάρη
319 1669 411 1701 κακῶς
428 1670 586 1706 πασχόντων
606 1671 662 1700 τῶν
681 1673 785 1709 ἐχθρῶν
801 1674 848 1701 αὺ-

933 1675 961 1702 6.
977 1672 1038 1705 Non
1051 1677 1161 1713 gavisus
1177 1681 1219 1706 est
1230 1678 1310 1706 malis
1328 1686 1441 1706 suorum
1457 1679 1641 1713 inimicorum,

60 1723 120 1741 θον.

95 1761 122 1787 7.
140 1759 210 1786 Οὔτε
223 1761 362 1789 ὠνείδισεν
375 1763 473 1796 αὐτοὺς
487 1765 528 1799 ἐφ’
545 1762 585 1797 οἷς
599 1766 731 1803 ἥμαρτον.

936 1765 964 1792 7.
979 1763 1074 1800 Neque
1084 1766 1260 1800 opprobravit
1272 1766 1312 1795 eis
1329 1775 1390 1802 quae
1405 1772 1593 1802 peccaverunt.

93 1805 122 1832 8.
145 1806 354 1843 Ἀνθιστάμενος
369 1809 408 1844 τῷ
420 1809 490 1846 Θεῷ,
506 1811 590 1845 λέγει.
934 1809 961 1837 8.
979 1809 1036 1838 Deo
1049 1811 1192 1844 resistens,
1207 1812 1256 1839 ait.

94 1852 124 1878 9.
140 1853 220 1879 Δὺτῶ
237 1854 276 1888 τῷ
290 1855 431 1888 φοϐεῖσθαι
445 1857 543 1889 αὐτοὺς
559 1858 650 1885 αὐτόν.

934 1855 961 1882 9.
978 1855 1019 1883 0b
1035 1855 1062 1882 id
1078 1856 1178 1890 ipsum,
1193 1857 1266 1892 quod
1278 1864 1339 1884 eum
1351 1857 1455 1885 timent.

95 1897 142 1925 10.
161 1899 206 1934 Μὴ
220 1899 392 1935 ψευδόμενος.

935 1901 978 1929 l0.
993 1900 1054 1928 Non
1069 1902 1213 1930 mentiens.

93 1944 139 1970 il.
154 1944 249 1978 Πνίγει
273 1946 327 1980 γὰρ
350 1946 395 1973 τὸν
420 1947 526 1983 πτωχὸν
539 1949 553 1975 ό
569 1949 664 1980 τόκος·
685 1950 846 1986 πνιγομένου

936 1947 979 1974 Η.
999 1946 1120 1974 Suﬂ‘ocat
1141 1948 1214 1983 enim
1240 1955 1385 1983 pauperem
1413 1948 1522 1983 foenus;
1552 1949 1681 1978 suffocato

55 1989 85 2015 δὲ
98 1988 147 2015 τοῦ
164 1990 285 2025 πτωχοῦ,
303 1992 353 2027 ὁρᾷ
369 1992 467 2024 πάντες
482 1993 498 2028 ἡ
513 1993 634 2028 ἁμαρτία
648 1994 692 2021 τὸν
703 1995 748 2021 ἐπὶ
761 1995 813 2022 τόκλ

923 1996 993 2019 utem
1011 1999 1131 2027 paupere
1156 2000 1251 2021 omnes
1274 1994 1365 2021 vident
1382 1999 1523 2030 peccatum
1545 1995 1681 2023 faeneran-

57 2033 225 2061 δανείσαντα
241 2034 342 2070 [ὁρῶσι
359 2037 458 2069 πάντες
470 2039 519 2074 τὴν
535 2039 670 2075 ἁμαρτίαν
682 2039 728 2066 τοῦ
745 2041 790 2066 ἐπὶ
804 2049 815 2066 τ

922 2045 955 2065 s:
973 2038 1027 2066 alio
1041 2039 1123 2066 modo
1138 2039 1283 2067 manifesta
1303 2040 1386 2067 etiam
1414 2041 1526 2068 avaritia
1549 2047 1602 2073 est,
1620 2049 1680 2070 cum

55 2087 115 2105 κων
132 2079 340 2117 δανείσαντος]⁴
365 2082 451 2114 ἄλλως
469 2092 498 2109 τε
522 2084 569 2110 καὶ
586 2085 726 2118 πλεονεξία
747 2086 813 2121 σαφ’)

807 2086 846 2122 ης,
899 2084 972 2119 quis,
989 2092 1050 2119 qua:
1062 2085 1147 2118 dedit,
1165 2085 1222 2113 sola
1235 2085 1358 2120 accipere
1372 2093 1425 2113 non
1439 2085 1565 2114 sustinet.

54 2125 124 2151 ὅταν
134 2125 167 2152 ἄν
181 2133 231 2157 τις.
249 2125 266 2152 ἃ
277 2125 385 2158 δέδωκε,
402 2128 470 2163 μόνα
486 2128 577 2156 λαϐεῖν
594 2130 643 2156 οὐκ
658 2130 793 2165 ἀνέχεται.

94 2171 142 2198 12.
160 2171 229 2207 Περὶ
250 2172 298 2199 τοῦ
316 2174 453 2205 παντελῶς
471 2175 553 2210 μηδὲν
572 2175 720 2211 λαμϐάνειν
737 2177 782 2203 τὸν
802 2177 848 2204 δα-

934 2176 976 2204 12.
995 2176 1072 2209 Quod
1087 2176 1155 2204 nihil
1163 2177 1275 2205 omnino
1294 2178 1416 2213 accipere
1434 2182 1552 2213 oportet,
1567 2177 1612 2212 qui
1623 2185 1681 2204 mu-

55 2216 186 2248 νείζοντα
211 2218 380 2253 χαρίσματος
395 2219 488 2247 ἕνεκεν
508 2220 524 2256 ἢ
539 2221 619 2247 τόκου
649 2222 725 2258 παρὰ
742 2222 787 2249 τοῦ
805 2223 813 2249 ὶ

923 2229 945 2250 ιο
971 2223 1026 2256 dat,
1051 2223 1092 2250 vel
1115 2223 1218 2258 gratiae,
1234 2224 1276 2251 vel
1295 2223 1409 2252 faenoris
1430 2231 1513 2252 causa
1528 2224 1563 2251 ab
1575 2231 1620 2257 eo,
1635 2222 1681 2258 qui

57 2261 226 2297 νειζομὲνου.

861 2294 881 2297 _
899 2271 1048 2294 mutuatur.

99 2389 134 2415 'H
149 2389 318 2424 προκειμένη
331 2389 471 2426 ἐπιγραφὴ
486 2391 618 2426 περιέχει·
638 2391 847 2425 Στηλοπραρία
866 2389 905 2423 τῷ
928 2391 1017 2418 Δαόἰδ
1029 2400 1035 2407 ·
1057 2392 1136 2418 τοῦτο
1149 2390 1195 2418 οὖν
1212 2391 1296 2426 λέγει,
1311 2391 1360 2424 τὰς
1373 2391 1428 2419 τῶν
1446 2392 1531 2426 ἁγίων
1549 2391 1682 2423 πολιτείας

58 2435 162 2471 στήλας
173 2436 327 2472 διαγράφει.
347 2437 461 2472 Εἴρηται
477 2436 523 2465 οὖν
538 2439 551 2464 ὁ
567 2438 673 2474 ψαλμὺς
686 2438 761 2473 παρὰ
772 2438 818 2464 τοῦ
835 2438 918 2465 Δαὸὶδ
932 2438 972 2470 είς
981 2437 1030 2470 τὰς
1041 2438 1095 2465 τῶν
1106 2439 1191 2473 ἁγίων
1205 2439 1315 2474 ἀρετάς,

95 2481 216 2515 Titulus,
235 2483 282 2517 qui
300 2483 405 2517 psalmo
422 2483 598 2518 praeponitur,
612 2484 752 2511 continet:
773 2483 856 2510 Tituli
874 2483 1011 2517 inscriptio
1026 2483 1078 2518 ipsi
1101 2483 1204 2515 David;
1231 2484 1284 2511 hoc
1301 2488 1392 2511 autem
1406 2483 1551 2519 signiﬁcat,
1568 2483 1682 2511 Sancto-

60 2534 122 2554 rum
139 2527 203 2554 vitae
219 2527 386 2559 institutum,
406 2532 433 2554 et
447 2529 683 2556 conversationem
699 2529 778 2563 quasi
797 2529 825 2556 in
841 2528 920 2564 cippo
933 2529 1073 2556 describit.
1099 2529 1193 2556 Dictus
1207 2534 1248 2557 est
1272 2530 1354 2565 igitur
1370 2530 1493 2565 psalmus
1503 2529 1635 2563 a,Davide
1649 2529 1682 2556 de

61 2573 209 2601 virtutibus
223 2577 388 2601 sanctorum.

99 2673 124 2699 Ι.
143 2672 205 2698 Ὅτι
221 2680 250 2698 σε
268 2671 369 2707 ἐθέμην
382 2671 487 2707 βοηθὸν,
505 2671 620 2706 φύλαξόν
635 2681 678 2708 με.

937 2674 961 2700 l.
979 2673 1115 2706 Quoniam
1130 2677 1156 2701 te
1169 2675 1249 2709 posui
1261 2674 1424 2710 adiutorem,
1439 2675 1544 2704 custodi
1558 2683 1610 2703 me.

95 2717 122 2744 Ξ.
145 2717 268 2751 Ἔπέγνω
310 2716 463 2752 Ἐπέγνωνι
479 2717 527 2752 τὴν
536 2717 632 2744 ἑαυτοῦ
646 2717 811 2745 δεσποτείαν.

680 2717 811 2745 σποτείαν.
935 2719 962 2746 2.
981 2719 1086 2754 Agnovi
1103 2720 1190 2754 ipsius
1206 2720 1438 2756 dominationem;

95 2763 123 2791 5.
138 2763 198 2789 Τῶν
211 2763 360 2798 χρημάτων
373 2772 423 2798 μου
438 2764 469 2790 οὐ
489 2764 582 2799 χρείαν
602 2763 683 2799 ἔχεις.

602 2763 683 2799 ἔχεις.
932 2759 963 2791 ’5.
978 2763 1085 2791 Divitiis
1098 2765 1166 2792 mcis
1177 2773 1231 2792 non
1244 2765 1358 2800 indiges.

97 2808 124 2835 4.
138 2808 208 2839 Τοὺς
220 2808 315 2841 ἁγίους
329 2807 464 2841 ἐδόξασεν.

935 2809 963 2838 4.
984 2809 1099 2838 Sanctos
1115 2810 1294 2844 gloriﬁcavit;

97 2853 123 2881 5.
146 2854 189 2881 Ἐν
204 2855 262 2885 τοῖς
276 2853 363 2888 ἁγίοις
377 2854 458 2881 αὑτοῦ
472 2854 505 2882 τὰ
522 2854 627 2890 αἱρετά.

937 2855 963 2883 5.
984 2855 1015 2883 In
1033 2855 1135 2883 sanctis
1149 2856 1218 2890 ejus,
1243 2863 1303 2891 qum
1326 2856 1453 2891 optabilia
1468 2860 1538 2884 sunt.
