1919 3051
51 169 108 198 697
523 170 567 198 DE
585 171 722 199 TlTULlS
742 172 965 201 PSALMORUM.
986 189 1018 193 —
1042 171 1137 199 PSAL.
1158 170 1228 199 XVI.
1632 170 1684 200 (5‘33

91 228 137 255 2L
156 228 315 264 Πληρώσεις
329 238 363 265 με
377 230 547 266 ευφροσύνης
560 231 629 266 μετὰ
641 231 687 258 τοῦ
701 232 846 268 προσώπου

831 241 846 258 υ
860 237 884 264 Α
938 232 982 258 23.
1000 231 1169 266 Adimplebis
1188 239 1231 258 me
1245 231 1337 258 laetitia
1349 238 1410 258 cum
1431 230 1506 257 vultu
1521 235 1586 257 tuo:

48 281 106 302 σου
118 281 129 290 ‘

90 319 138 346 25.
155 321 342 356 Τερπνότητες
358 323 388 348 ὲν
405 324 436 358 τῇ
455 322 530 359 δεξιᾷ
543 332 589 350 σου
605 325 645 356 είς
658 324 742 355 τέλος.

939 322 984 349 25.
1002 321 1201 349 Delectationes
1216 321 1242 347 in
1258 320 1369 348 dextera
1389 325 1433 347 tua
1452 328 1537 354 usque
1552 320 1578 347 in
1591 319 1681 347 linem.

179 400 339 434 Προσειιχὴ
355 400 395 434 τῷ
411 402 508 428 Δαϐίδ.
529 404 643 429 ΨΑΑΜ.
658 404 719 436 ις’.

1057 400 1151 428 Oratio
1168 399 1263 426 David.
1291 397 1423 424 PSALM.
1449 397 1527 424 XVI.

92 465 119 492 1.
133 466 310 497 Είσάκουσον,
325 467 422 503 Κύριε,
439 468 610 500 δικαιοσύνης
627 477 676 498 μου
687 477 694 484 ⁶

937 469 961 496 1.
981 468 1095 499 Exaudi,
1111 467 1236 498 Dotnine,
1249 467 1381 501 justitiam
1399 474 1486 493 meam
1504 475 1509 492 :

88 510 118 538 ‘2.
135 512 256 547 Πρὸσχες
271 514 304 548 τῇ
316 513 405 549 δεήσει
425 523 474 549 μου
485 523 494 530 ·

934 515 961 541 2.
984 514 1095 540 Intende
1110 513 1325 547 deprecationem
1343 520 1430 538 meant
1447 520 1453 537 :

88 557 117 584 5.
138 558 280 585 Ἐνώτισαι
293 560 342 595 τὴν
359 561 512 596 προσευχήν
527 570 576 597 μου
591 562 642 588 οὑκ
651 563 679 588 ὲν
693 562 793 596 χείλεσι
804 562 845 588 δο-

936 561 962 588 5.
979 560 1099 587 Auribus
1113 560 1220 594 percipe
1233 559 1383 598 orationem
1395 565 1482 584 nteant
1498 564 1551 584 non
1566 557 1593 583 in
1606 556 1683 584 labiis

46 601 133 634 λίοις.

899 607 1011 633 dolosis.

88 648 117 675 σί.
141 649 188 676 Ἐκ
204 650 349 685 προσώπου
366 659 412 677 σου
429 651 459 678 τὸ
474 652 560 687 κρῖμά
576 661 626 687 μου
642 652 758 685 ἐξέλθοι·

935 654 962 680 4.
978 652 1015 679 De
1032 653 1106 679 vultu
1123 656 1171 679 tuo
1184 651 1315 686 judicium
1329 659 1417 677 meum
1435 650 1565 686 prodeat:

88 693 117 721 5.
139 694 170 720 Οί
186 695 320 730 ὀφθαλμοί
336 704 385 727 μου
401 696 528 723 tam“.
547 697 697 732 εὐθύτητας
720 697 845 733 [ὀρθότη-

648 705 697 729 ταις
720 697 845 733 [ὀρθότη-
939 699 964 727 5.
978 698 1055 726 Oculi
1071 699 1123 726 mei
1137 698 1244 726 videant
1257 698 1406 732 :equilales.

45 747 103 770 τας
123 740 184 767 cod.
202 740 308 776 Barb.].

88 785 117 813 6.
127 786 306 821 Ἐδοκίμασας
319 787 367 822 τὴν
379 787 491 823 καρδίαν
503 797 564 823 μου,
579 788 721 822 ἐπεσκέψω
733 788 828 819 νυκτός
837 796 843 802 ·

810 788 843 819 ῖς·
937 790 963 816 6.
979 788 1105 816 Probasti
1119 795 1165 815 cor
1177 795 1279 821 meum,
1296 792 1323 814 et
1335 787 1449 814 visitasti
1469 790 1548 813 nocte
1562 795 1568 813 :

86 829 117 857 7.
145 831 305 867 Ἐπύρωσάς
322 842 366 868 με,
383 833 430 860 καὶ
443 834 490 868 οὑχ
504 833 600 869 εὑρέθη
618 835 646 860 ἐν
662 835 724 869 ἐμοὶ
737 834 844 860 ὁιδικία⁸

937 835 964 862 7.
979 834 1042 869 Igne
1060 843 1102 861 me
1119 834 1300 866 examinasti,
1319 839 1345 861 et
1359 841 1412 860 non
1427 837 1468 860 est
1479 833 1586 859 inventa
1601 831 1627 858 in
1643 840 1685 859 me

913 886 1049 911 ntquttas;

88 919 117 947 8.
136 920 231 952 Ὅπως
246 921 278 947 ἂν
295 922 332 957 μὴ
343 922 446 959 λαλήσῃ
460 922 491 949 τὸ
503 923 589 959 στόμα
608 932 658 957 μου
668 923 702 950 τὰ
715 923 782 958 ἔργα
792 933 806 950 τ

48 965 217 992 ἀνθρώπων.

901 888 1049 915 ιιιιίιιιιιιιε;

935 926 961 952 8.
985 925 1020 953 Ut
1032 933 1085 953 non
1102 926 1230 960 loquatur
1248 932 1279 952 os
1294 932 1384 952 meum
1400 931 1480 959 opera
1498 923 1648 950 hominum.

107 974 217 1001 ρωπων.

89 1012 118 1038 9.
137 1012 188 1038 Διὰ
204 1013 266 1045 τοὺς
278 1013 373 1048 λόγους
388 1014 443 1041 τῶν
455 1014 567 1050 χειλέων
588 1023 634 1042 σου
651 1015 707 1050 ἐγὼ
726 1015 847 1050 ἐφύλαξα

937 1018 964 1044 9.
983 1017 1096 1052 Propter
1110 1017 1190 1044 verba
1204 1017 1347 1051 ,labtorum
1364 1021 1471 1044 tuorum
1488 1024 1537 1051 ego
1553 1015 1685 1043 custodivi

48 1057 131 1089 ὁδοὺς
148 1059 279 1095 σκληράς.

901 1063 959 1090 vias
972 1063 1063 1090 duras.

87 1104 307 1141 10.Κατάρτισαι
314 1106 346 1133 τὰ
354 1106 430 1142 διαόή
436 1108 507 1142 ματα
514 1116 564 1142 μου
573 1108 669 1139 ἐνταῖς
677 1107 779 1143 τρίϐοις
788 1117 845 1140 σου,

788 1117 845 1140 σου,
937 1109 979 1135 10.
995 1108 1095 1135 Perﬁce
1111 1116 1220 1141 gressus
1232 1116 1307 1136 meos
1320 1109 1345 1134 in
1362 1108 1466 1135 semitis
1481 1107 1543 1140 luis,

91 1150 136 1177 11.
153 1151 213 1177 Ἵνα
228 1152 266 1187 μὴ
277 1152 426 1179 σαλευθῶσι
442 1153 476 1179 τὰ
490 1153 644 1189 διαδήματὰ
660 1162 721 1189 μου.

936 1155 979 1181 Η.
996 1153 1031 1181 Ut
1045 1162 1099 1181 non
1116 1161 1276 1182 moveantur
1294 1155 1404 1190 vestigia
1424 1163 1492 1182 mea.

606 1266 794 1294 ATIIANASll
815 1266 1109 1295 INTERPRETATIO.

89 1361 138 1388 24.
153 1361 294 1398 Πληρωθῶ
309 1364 488 1399 εὐφροσύνης,
507 1364 569 1391 ὅταν
588 1365 635 1392 ἴδω
655 1366 686 1392 τὸ
700 1366 845 1402 πρόσωπόν

941 1367 986 1394 24.
1004 1367 1138 1402 lmplclior
1152 1368 1255 1399 lmtitia,
1266 1376 1328 1395 cum
1342 1367 1433 1394 videro
1455 1366 1550 1394 faciem
1566 1371 1649 1395 tuam.

51 1415 116 1434 σου.

86 1453 136 1482 25.
155 1455 234 1490 Χαρά
249 1456 320 1490 μετὰ
331 1456 385 1483 τῶν
398 1457 482 1491 ἁγίων
499 1457 653 1490 διαπαντός.

858 1456 880 1485 C
936 1457 981 1485 ΞΒ.
999 1456 1136 1483 Gaudium
1152 1461 1283 1484 aeternum
1299 1464 1359 1483 cum
1373 1455 1484 1483 sanctis.

95 1543 130 1568 Ἡ
147 1544 314 1579 προκειμένη
327 1543 466 1579 ἐπιγραφὴ
479 1544 610 1579 περιέχει·
626 1543 785 1578 Προσευχὴ
802 1543 840 1576 τῷ
851 1543 955 1569 Δαϐίδ·
973 1542 1108 1574 τουτέπι,
1123 1541 1162 1576 τῷ
1175 1542 1231 1577 Υίῴ
1243 1542 1290 1568 τοῦ
1302 1541 1380 1569 Θεοῦ.
1395 1542 1551 1578 Εἱρήκαμεν
1569 1542 1618 1577 μὲν
1633 1541 1686 1576 γὰρ

49 1588 82 1616 ἐν
99 1590 158 1620 τοῖς
175 1589 328 1625 ἔμπροσθεν
339 1611 345 1622 ,
362 1591 457 1626 ὅτιπερ
472 1590 652 1626 ἑρμηνεύεται
669 1590 751 1616 Δαϐὶδ
765 1589 862 1621 οὕτως,
881 1589 1051 1623 ἀγαπητὸς,
1080 1588 1118 1619 ὡς
1133 1589 1164 1614 ἐκ
1180 1588 1273 1614 τούτου
1288 1587 1473 1623 λαμϐάνεσθαι
1494 1588 1523 1613 τὸ
1546 1587 1592 1613 τοῦ
1607 1587 1688 1614 Δαίῗιδ

48 1635 142 1671 ὁνομα
159 1637 198 1668 είς
209 1638 253 1663 τὸν
268 1637 314 1664 τοῦ
329 1637 395 1663 Θεοῦ
414 1638 544 1672 μονογενῆ
562 1638 642 1664 Υἰόν·
660 1639 727 1673 ὅπερ
745 1637 802 1664 ἔστι
821 1637 867 1663 καὶ
881 1637 935 1663 νῶν
955 1635 1024 1672 [νῦν]
1042 1635 1187 1662 ὑπολαϐεῖν
1200 1645 1206 1651 ·
1223 1636 1292 1670 ὃτιή
1315 1635 1451 1671 προσευχὴ
1467 1636 1483 1669 ἡ
1503 1634 1633 1670 εἰρημένη
1657 1636 1686 1661 ὲν

50 1684 92 1720 τῷ
109 1684 211 1720 ψαλμῷ
227 1685 265 1720 τῷ
278 1685 335 1720 Υίῷ
349 1685 396 1712 τοῦ
410 1685 477 1712 Θεοῦ
493 1686 609 1721 εἴρηται.
629 1686 707 1712 Ἐστι
721 1686 743 1712 δ’
757 1686 802 1712 ὅτε
817 1685 864 1711 καὶ
881 1685 981 1719 ἑτέρως
994 1685 1080 1710 εἰπεῖν
1096 1685 1134 1714 εἰς
1146 1683 1194 1719 τὴν
1214 1683 1394 1718 προκειμένην
1411 1682 1564 1717 ἐπιγραφὴν
1575 1702 1581 1714 ,
1593 1682 1686 1718 ἐπειδὴ

50 1733 101 1757 καὶ
116 1731 217 1766 ἑτέρως
229 1732 260 1758 τὸ
271 1732 318 1758 τοῦ
331 1733 411 1759 Δαϐὶδ
430 1733 514 1768 ὄνομα
532 1734 712 1769 ἑρμηνεύεται
736 1733 954 1767 πεποθημένος,
969 1732 1037 1765 ὅπερ
1053 1732 1200 1765 ἀναγκαῖον
1211 1731 1302 1757 λαϐεῖν
1316 1731 1355 1762 εἰς
1373 1731 1417 1756 τὸν
1432 1730 1486 1756 τῶν
1498 1730 1583 1763 ἁγίων
1596 1730 1686 1765 χορὸν,

49 1777 99 1804 τὸν
121 1778 176 1804 ὑπὸ
189 1777 236 1804 τοῦ
248 1777 316 1804 Θεοῦ
335 1778 534 1813 πεποοημένον,
552 1779 589 1810 ὡς
605 1779 633 1805 δὲ
649 1780 746 1810 αὐτοὺς
766 1779 856 1813 λέγειν
873 1779 941 1814 πρὸς
955 1779 1001 1804 τὸν
1018 1778 1081 1804 Υίὸν
1098 1778 1144 1804 τοῦ
1161 1777 1227 1803 Θεοῦ
1242 1777 1287 1803 τὸν
1302 1776 1516 1811 ὑποτεταγμένον
1532 1776 1649 1812 ψαλμόν.

88 1879 201 1907 Titulus
214 1879 377 1913 praepositus
393 1880 513 1908 continet
528 1890 534 1907 :
551 1882 637 1907 oratio
656 1880 760 1913 David;
775 1882 825 1909 ltoc
840 1887 882 1909 est
895 1881 943 1909 Dei
964 1881 1043 1908 Filio.
1057 1880 1124 1907 Nam
1138 1879 1263 1915 superius
1281 1879 1408 1911 diximus,
1422 1878 1493 1912 quod
1509 1877 1590 1905 David
1603 1879 1687 1905 inter-

51 1931 184 1963 pretatur
200 1927 254 1954 hoc
271 1927 363 1961 modo,
382 1929 506 1955 dilectus.
525 1928 594 1955 Hinc
611 1934 701 1956 autem
716 1935 766 1961 est,
780 1935 810 1958 ut
828 1930 979 1964 accipiatur
993 1929 1026 1957 de
1042 1929 1183 1963 unigenito
1201 1927 1245 1954 Dei
1262 1927 1341 1959 Filio,
1358 1927 1585 1961 quemadmodum
1603 1927 1685 1954 etiam

51 1982 130 2002 nunc
148 1974 337 2008 accipiendum
353 1978 395 2002 est
411 1983 417 2001 :
435 1982 547 2009 nempe,
572 1975 645 2010 quod
660 1976 761 2009 oratio,
790 1985 851 2011 qua:
867 1977 973 2011 psalmo
989 1975 1146 2002 continetur
1157 1995 1164 2006 ,
1187 1974 1258 2000 dictat
1273 1977 1314 1999 cst
1330 1971 1375 1999 Dei
1391 1972 1468 1998 Filio.
1493 1971 1577 1998 Aliter
1602 1972 1684 1998 etiam

51 2022 187 2058 explicari
203 2027 292 2057 potest
310 2023 405 2050 eadem
419 2023 572 2058 inscriptio,
589 2025 720 2058 quoniam
734 2031 761 2052 et
780 2025 860 2052 aliter
876 2032 976 2051 nomen
990 2024 1074 2050 David
1094 2023 1297 2057 interpretatur,
1311 2028 1406 2054 nempe
1422 2018 1595 2049 desideratus,
1613 2017 1685 2052 quod

52 2079 170 2099 necesse
184 2077 226 2099 est
240 2072 364 2102 accipere
383 2071 416 2099 de
432 2078 592 2100 sanctorum
611 2074 708 2107 choro,
726 2074 772 2109 qui
786 2083 800 2101 ιι
815 2074 871 2101 Deo
886 2074 1058 2101 desideratus
1074 2078 1132 2103 est,
1151 2074 1187 2099 ita
1207 2075 1236 2097 nt
1255 2070 1305 2105 ipsi
1319 2070 1353 2097 ad
1366 2069 1412 2095 Dei
1426 2067 1524 2094 Filium
1538 2062 1685 2102 psalmum,

55 2120 102 2155 lui
128 2119 285 2154 subjicitur,
313 2119 413 2148 dicant.

88 2225 118 2253 1.
134 2225 192 2261 Τῆς
203 2225 312 2258 δικαίας
326 2235 375 2261 μου
391 2227 532 2263 αἰτήσεως.

938 2223 964 2250 1.
978 2222 1084 2250 Justam
1101 2230 1187 2249 meam
1202 2221 1420 2256 postulationem.

89 2271 118 2298 2.
136 2271 241 2307 Εὕτυχε
261 2272 339 2307 αὐτῇ.

936 2270 964 2297 9..
977 2270 1115 2304 Propitius
1127 2272 1151 2296 ei
1165 2270 1215 2302 sis;

90 2317 120 2344 5.
145 2316 286 2344 Ἐνώτισαι
301 2317 350 2353 τὴν
362 2318 514 2353 προσευχήν
532 2326 582 2352 μου
594 2317 642 2352 τὴν
655 2315 794 2351 ἀληθινήν.

937 2316 964 2342 5.
976 2315 1080 2342 Exaudi
1091 2314 1240 2341 orationem
1253 2322 1340 2341 meam
1351 2321 1405 2341 non
1419 2313 1518 2346 ﬁctam,
1527 2312 1574 2340 sed
1584 2320 1689 2340 veram-

88 2361 120 2390 4.
139 2362 183 2389 Ἑν
197 2364 230 2398 τῇ
245 2362 358 2398 ἀληθείᾳ
370 2371 416 2389 σου
429 2362 459 2389 τὸ
473 2362 578 2397 Θέλημά
591 2370 641 2398 μου
653 2361 733 2388 Ξστω.

715 2371 733 2388 ι.
936 2361 963 2387 4.
978 2359 1007 2387 ln
1024 2360 1137 2387 veritate
1150 2364 1194 2386 tua
1209 2360 1334 2386 voluntas
1352 2367 1409 2385 mea
1430 2359 1473 2386 sit.

89 2408 119 2436 5.
135 2409 168 2436 Οί
184 2409 234 2444 τῆς
251 2409 363 2444 καρδίας
386 2418 435 2444 μου
450 2409 581 2444 ὀφθαλμοὶ
598 2408 697 2443 γνῶσιν
713 2407 847 2443 ἐχέτωσαν

937 2405 965 2433 5.
981 2405 1057 2434 Oculi
1071 2406 1163 2433 cordis
1174 2406 1225 2432 mei
1241 2409 1408 2440 cognoscant
1419 2404 1584 2432 voluntatem
1600 2409 1684 2432 tuam.

52 2455 122 2491 περὶ
137 2455 169 2481 τὸ
184 2455 228 2482 σὺν
243 2455 358 2491 θέλημα.

89 2488 118 2528 ὁ.
134 2498 211 2531 Εἶδες
222 2500 272 2536 τὴν
285 2488 398 2536 ιίαρδίαν
413 2509 464 2536 μου
477 2497 559 2527 οὖσαν
579 2501 607 2526 ὲν
625 2499 787 2536 ἁμαρτίαις,
802 2488 847 2526 κᾶι

941 2497 969 2524 6.
986 2496 1084 2524 Vidisti
1108 2505 1156 2525 cor
1171 2505 1261 2525 meum
1275 2516 1283 2529 ,
1302 2496 1374 2531 quod
1392 2500 1450 2524 erat
1467 2496 1494 2524 in
1508 2496 1644 2531 peccatis,
1661 2499 1687 2522 et

55 2546 209 2582 ὲὸοήθησάς
226 2555 283 2581 μοι.

901 2551 979 2578 opem
996 2543 1062 2570 mihi
1078 2543 1175 2575 tulisti,

90 2593 119 2621 7.
138 2592 321 2628 Ἐκαθάρισάς
336 2600 369 2628 με
379 2612 386 2624 ,
404 2592 450 2618 καὶ
465 2592 513 2627 οὐχ
527 2591 623 2628 εὑρέθη
633 2591 661 2618 ὲν
675 2590 736 2626 ἐμοὶ
747 2589 847 2616 ἀδικία.

936 2589 962 2615 7.
979 2589 1140 2617 Emundasti
1160 2597 1203 2617 me
1215 2610 1222 2623 ,
1237 2594 1264 2617 et
1280 2598 1333 2617 non
1351 2595 1392 2617 est
1406 2590 1512 2616 inventa
1530 2589 1557 2615 in
1571 2595 1614 2615 me
1634 2587 1685 2614 ini-

898 2636 999 2671 quitus.

90 2678 119 2708 8.
133 2679 229 2711 Ὅπως
247 2678 281 2706 ἂν
296 2678 332 2714 μὴ
354 2679 458 2714 ποιήσω
475 2678 510 2704 τὰ
527 2678 596 2712 ἔργα
610 2678 664 2704 τῶν
681 2677 830 2713 ἀνθρώπων
841 2698 848 2705 .

655 2686 664 2704 ν
681 2677 830 2713 ἀνθρώπων
841 2698 848 2705 .
941 2681 968 2708 8.
985 2680 1024 2708 Ne
1040 2680 1136 2708 faciam
1155 2689 1236 2716 opera
1251 2676 1413 2708 hominum:

90 2725 116 2754 9.
131 2724 182 2752 Διὰ
197 2725 246 2756 τὰς
262 2725 424 2758 ἐπαγγελίας
439 2724 488 2760 τῆς
500 2725 637 2760 βασιλείας
655 2734 701 2751 σου
715 2724 770 2760 ἐγὼ
784 2725 848 2760 ἐφύ-

938 2727 964 2754 9.
983 2727 1097 2762 Propter
1113 2728 1308 2762 promissioncs
1326 2727 1399 2762 regni
1425 2727 1462 2753 tui
1486 2733 1536 2760 ego
1552 2724 1683 2752 custodiﬁ

55 2771 124 2805 λαξα
137 2770 171 2798 τὰ
187 2770 388 2806 προςτάγματά
402 2779 458 2797 σου.

349 2770 388 2797 ιτά
402 2779 458 2797 σου.
901 2778 1035 2808 praecepta
1053 2777 1107 2800 tua.

94 2817 136 2844 10.
146 2818 318 2853 Κατάρτισαι
326 2817 374 2853 τὴν
388 2817 500 2853 καρδίαν
512 2826 561 2852 μου
570 2818 609 2848 εἰς
623 2818 657 2844 τὰ
666 2817 845 2853 δικαιώματα.

805 2826 845 2845 τα.
936 2818 980 2845 10.
1000 2817 1102 2845 Perﬁce
1113 2826 1161 2845 cor
1173 2826 1262 2845 meum
1276 2818 1302 2844 in
1314 2816 1563 2852 iustiﬁcationibus.

93 2863 136 2891 Η.
146 2863 187 2890 Τὰ
194 2863 263 2899 ὀρθὰ
271 2863 392 2899 νοήματα
401 2872 451 2899 μου
461 2864 548 2900 ἴναζμὴ
557 2863 709 2890 ἀποστῶσιν
716 2863 762 2890 ἀπ’
769 2864 845 2898 ἐμοῦ.

937 2864 978 2891 li.
995 2863 1070 2892 Recti
1081 2865 1227 2899 animimei
1240 2872 1337 2892 sensus
1351 2871 1384 2892 ne
1397 2871 1413 2891 a
1424 2870 1467 2891 me
1477 2862 1623 2891 discedant.
