1919 3051
244 152 298 182 699

283 259 443 287 15.1oclina
462 269 553 289 aurem
577 268 650 290 tuam
666 264 752 298 mihi,
779 271 805 292 et
830 267 926 293 exaudi
951 269 1029 295 verba

247 314 316 333 Ilh‘ﬂ.

283 353 325 380 Η.
343 353 454 380 Miriﬁra
471 354 673 383 misericordias
691 362 768 389 tuas,

343 399 393 432 Qui
407 401 498 428 sahos
513 401 579 428 facis
596 408 735 437 sperantes
752 404 777 430 in
792 409 835 432 te:

282 445 324 472 16.
343 447 364 472 Α
377 448 567 474 resistentibus
581 449 698 476 dextera:
713 455 765 477 tua:
775 471 782 481 ,

282 491 326 519 17.
342 493 454 519 Custodi
472 502 514 520 me
533 498 562 520 ut
577 495 705 529 pupillam
723 497 804 524 oeuli.

283 536 325 562 18.
343 537 399 563 Sub
415 538 509 564 umbra
523 539 626 565 alarum
643 544 751 568 tuarum
764 547 888 577 proleges
901 551 958 575 me,

282 583 324 610 19.
340 584 361 610 Α
376 584 444 612 facie
457 586 612 620 impiorum,
631 587 678 622 qui
691 596 733 615 inc
747 589 911 617 afﬂixerunt.

277 671 323 698 20.
343 671 446 700 Inimici
461 674 512 700 mci
530 675 647 702 animam
675 684 762 703 meam
779 677 1026 711 circumdederunt,

279 718 324 745 21.
341 718 452 753 Adipcm
470 729 549 747 suum
567 722 761 750 coneluscrunt
777 733 783 750 :

279 765 323 790 ‘22.
339 764 376 792 0s
391 773 484 792 eorum
499 767 617 794 locutum
634 773 675 795 est
687 769 852 803 superbiam.

278 811 323 838 25.
341 811 517 847 Projicientcs
531 822 573 840 me
585 822 656 841 nunc
668 815 906 842 circumdederunt
923 824 974 844 me.

279 857 326 885 2L
340 859 440 886 Oculos
456 867 520 886 suos
538 861 839 888 stalueruntdcclinare
863 863 889 888 in
917 867 1027 890 terram.

279 903 324 931 25.
336 903 520 940 Susceperunt
535 914 587 937 me.
602 907 672 934 sicut
683 907 725 934 leo
734 913 844 942 paratus
852 908 885 934 ad
901 909 1028 942 prwdam,
1046 902 1066 928 Β

279 948 324 976 26.
339 949 372 976 Et
385 950 455 977 sicut
471 952 577 979 catulus
592 952 678 980 leonis
696 953 822 980 habitans
841 953 868 980 in
884 954 992 981 abditis.

282 994 327 1021 27.
346 995 468 1031 Exsurge
479 1017 486 1028 ,
499 996 612 1024 Domine
623 1019 629 1030 ,
644 999 760 1032 pran'eni
775 1006 832 1030 eos,
847 1002 874 1025 et
886 999 1029 1033 supplanta

244 1047 291 1067 80$
305 1049 311 1066 ζ

277 1083 321 1110 28.
339 1083 418 1120 Eripe
432 1087 552 1114 animam
567 1095 652 1114 meam
667 1088 700 1115 ab
716 1088 816 1123 impio,

277 1130 322 1158 29.
340 1131 452 1160 Framea
471 1138 515 1160 tua
530 1134 564 1161 al)
576 1135 694 1162 inimicis
708 1143 806 1162 manus
819 1140 872 1162 tua:
885 1145 892 1162 :

278 1176 323 1204 50.
343 1177 456 1205 Domine
470 1187 485 1206 a
499 1180 592 1214 paucis
608 1181 641 1208 de
656 1185 727 1208 terra
737 1202 744 1214 ,

279 1222 324 1249 51.
343 1222 437 1251 Dividc
450 1231 497 1251 eos
517 1225 543 1251 in
563 1226 619 1253 vita
637 1234 742 1254 eorum.

280 1267 324 1295 52.
341 1268 374 1295 Et
389 1269 423 1297 de
443 1270 613 1299 absconditis
631 1273 684 1300 tuis
700 1273 864 1309 adimpletus
878 1279 920 1302 est
934 1281 1029 1303 venter

243 1320 349 1342 eorum.

278 1361 322 1388 55.
343 1360 461 1389 Saturati
475 1367 539 1390 sunt
554 1363 626 1396 ﬁliis,

280 1406 324 1433 54.
339 1406 372 1433 Et
386 1406 548 1435 dimiserunt
562 1409 692 1443 reliquias
706 1417 770 1438 suas
781 1412 901 1446 parvulis
915 1414 982 1441 suis.

278 1452 322 1479 55.
335 1452 390 1488 Ego
402 1458 491 1480 autem
504 1455 529 1481 in
540 1454 646 1489 justitia
658 1456 792 1490 apparebo
803 1459 959 1493 conspectui
970 1464 1028 1493 tuo,

279 1538 323 1566 56.
343 1539 469 1567 Satiabor
483 1549 545 1569 cum
560 1542 716 1577 apparuerit
732 1543 797 1571 mihi
813 1545 898 1579 gloria
916 1550 971 1573 tua.

659 157 688 184 S.
710 158 898 186 ATHANASH
919 160 993 188 OPP.
1016 161 1105 190 PARS
1125 163 1167 190 ΙΙΙ.
1186 179 1221 184 -—
1241 156 1446 192 EX’EGETICA.
1774 172 1776 175 '
1826 166 1872 194 700

283 214 324 240 12.
343 213 399 248 Ego
422 214 552 248 clamavi,
573 217 702 251 quoniam
719 219 855 247 exaudisti
871 229 924 251 me,
943 221 1013 249 Deus
1029 233 1036 250 ι
1053 227 1073 254 Α

1132 225 1174 251 1‘2.
1200 225 1270 259 Ἐγὼ
1287 225 1433 262 ἐκέκραξα,
1452 227 1492 252 ὅτι
1510 225 1663 261 ἐπήκουσάς
1679 234 1743 260 μου,
1761 225 1776 250 ὁ
1790 224 1871 256 Θεὲς·

1122 271 1162 298 l5.
1183 271 1280 298 Κλῖνον
1298 272 1328 298 τὸ
1349 270 1395 304 οὖς
1421 281 1466 298 σου
1490 273 1570 306 ἐμοὶ,
1589 272 1635 298 καὶ
1648 271 1809 298 εἰσάκουσον
1821 271 1872 298 τῶν

1085 317 1214 351 ῥημάτων
1232 327 1292 352 μου.

1121 362 1163 388 Μ.
1181 362 1382 397 Θαυμάστωσον
1395 363 1429 390 τὰ
1448 363 1509 398 ἐλέη
1525 371 1589 395 σου,

1187 407 1216 433 '0
1234 407 1326 438 σώζων
1339 409 1401 439 τοὺς
1416 408 1572 440 ἐλπίζοντας
1589 409 1634 434 ἐπὶ
1649 408 1689 434 σέ.

1123 454 1168 480 16.
1192 454 1237 480 Ἐκ
1249 454 1303 480 τῶν
1317 455 1521 489 ἀνθεστηκότων
1538 457 1570 490 τῇ
1583 455 1657 490 δεξιᾷ
1668 463 1716 481 σου

1120 499 1162 525 17.
1179 498 1296 531 Φύλαξύν
1309 508 1342 534 με
1356 499 1394 530 ὡς
1410 500 1493 535 κόρην
1507 500 1658 534 ὀφοαλμῡῦ.

1122 543 1165 570 18.
1186 544 1229 570 Ἐν
1244 544 1331 580 σκέπῃ
1346 544 1399 570 τῶν
1416 544 1556 580 πτερύγων
1575 554 1620 571 σου
1635 545 1785 576 σκεπάσεις
1800 554 1844 580 με,

1120 588 1161 614 19.
1187 588 1252 614 Ἀπὸ
1267 588 1411 623 προσώπου
1435 590 1540 615 ἀσεϐῶν
1567 590 1622 616 ’τῶν
1645 590 1870 626 ταλαιπωρησάνο

1082 642 1134 660 των
1151 642 1194 668 με.

1116 681 1161 708 9.0.
1180 682 1210 708 Οἱ
1228 681 1319 716 ἐχθροί
1337 690 1387 716 μου
1400 681 1449 716 τὴν
1461 681 1548 717 ψυχήν
1566 691 1616 717 μου
1631 683 1788 719 περιέσχον,

1118 727 1161 753 21.
1179 727 1215 753 Τὸ
1227 727 1309 763 στέαρ
1324 727 1413 754 αὐτῶν
1430 728 1618 754 συνέκλεισαν·

1117 773 1161 799 ‘29...
1175 773 1211 799 Τὸ
1227 773 1313 808 στόμα
1332 774 1422 799 αὐτῶν
1434 774 1563 808 ἐλάλησεν
1577 773 1777 810 ὑπερῃφανέαν.

1117 819 1160 845 25.
1187 818 1375 850 Ἐκϐἁλλοντές
1392 827 1425 854 με
1440 819 1486 845 νῦν
1504 819 1726 854 περιεκύκλωσὰν
1742 828 1787 854 με.

1118 863 1162 889 24.
1175 863 1244 894 Τοὺς
1255 863 1409 898 ὀφθαλμοὺς
1418 864 1505 890 αὐτῶν
1515 864 1604 890 ἔθεντο
1615 865 1737 891 ἐκκλῖναι
1746 866 1775 890 ὲν
1783 866 1816 900 τῇ
1827 866 1867 899 τῇ.

1115 908 1160 934 25.
1182 908 1330 934 ’Υπέλαϐόν
1347 917 1397 944 με,
1414 909 1480 935 ὡσεὶ
1495 909 1562 936 λέων
1584 910 1691 944 ἕτοιμος
1708 911 1749 941 εἰς
1774 910 1868 945 θήραν,

1116 953 1160 980 26.
1180 953 1234 979 Καὶ
1247 953 1312 979 ὡσεὶ
1328 954 1446 988 σκύμνος
1459 954 1540 980 οίκῶν
1557 955 1585 980 ὲν
1597 954 1777 990 ἀποκρύφους.

1114 997 1157 1024 27.
1181 998 1343 1032 Ἀνάστηθι,
1374 998 1459 1034 Κύριε
1472 1018 1479 1031 ,
1514 1000 1668 1035 πρόφθασον
1687 1000 1808 1034 αὐτοὺς,
1827 999 1870 1027 καὶ

1083 1041 1261 1068 ὑποσκέλισον
1278 1041 1375 1073 αὐτούς
1383 1051 1389 1057 ·

1116 1087 1160 1113 ‘28.
1184 1087 1277 1114 Ῥὖσαι
1291 1088 1339 1122 τὴν
1354 1088 1442 1123 ψυχήν
1456 1098 1505 1124 μου
1518 1089 1571 1115 ἀπὺ
1587 1090 1712 1122 ἀσεϐοῦς,

1115 1133 1160 1159 29.
1181 1133 1316 1169 Ῥομφαίᾳ
1332 1143 1378 1161 σου
1393 1135 1446 1161 ἀπὸ
1459 1135 1564 1171 ἐχθρῶν
1577 1136 1625 1171 τῆς
1639 1137 1730 1172 χειρός
1749 1145 1814 1163 σου·

1116 1179 1160 1206 50.
1176 1179 1272 1215 Κύριε,
1288 1180 1341 1206 ἀπὸ
1353 1181 1450 1215 ὀλίγων
1471 1181 1524 1207 ἀπὸ
1538 1180 1605 1216 γῆς,

1116 1225 1161 1253 5|.
1176 1226 1338 1262 Διαμέρισον
1352 1227 1450 1258 αὐτοὺς
1461 1228 1490 1254 ὲν
1508 1229 1539 1263 ’ἑῇ
1558 1228 1613 1263 ζωῇ
1628 1228 1727 1254 αὐτῶν.

1117 1273 1162 1299 52.
1179 1273 1235 1299 Καὶ
1255 1272 1309 1299 τῶν
1324 1273 1522 1308 κεκρυμμένων
1539 1283 1586 1301 σου
1600 1275 1721 1310 ἐπλήσθη
1737 1276 1754 1311 ἡ
1766 1276 1868 1310 γαστὴρ

1081 1317 1171 1344 αὐτῶν
1181 1325 1187 1332 ⁸

1117 1363 1161 1390 55.
1184 1363 1403 1399 Ἐχορτάσοησαν
1418 1362 1493 1395 υἱῶν,

1114 1409 1159 1436 54.
1176 1409 1231 1435 Καὶ
1247 1409 1356 1444 ἀφῆκαν
1373 1408 1407 1435 τὰ
1418 1408 1569 1435 κατάλοιπα
1582 1410 1638 1440 τοῖς
1654 1409 1762 1444 νηπίοις
1773 1408 1866 1436 αὐτῶν.

1116 1455 1160 1481 55.
1184 1454 1254 1489 Ἐγὼ
1272 1455 1301 1481 δὲ
1319 1456 1347 1481 ὲν
1364 1455 1521 1491 δικαιοσύνῃ
1536 1454 1690 1491 ὀφθήσομαι
1714 1455 1756 1490 τῷ
1786 1463 1866 1491 προσ-

1084 1501 1152 1537 ώπῳ
1168 1510 1224 1533 σου,

1117 1548 1160 1574 56.
1169 1547 1397 1583 Χορτασθήσομαι
1407 1548 1436 1574 ἐν
1443 1547 1482 1582 τῷ
1489 1547 1603 1583 ὀφθῆναί
1612 1557 1655 1583 μοι
1665 1549 1714 1584 τὴν
1724 1548 1804 1582 δόξαν
1814 1557 1865 1576 σου.

813 1613 996 1641 ATHANASH
1015 1613 1300 1642 lNTERPRETATlO.

281 1669 325 1696 12.
339 1669 486 1705 Propterea
499 1672 531 1699 ad
550 1677 575 1700 te
596 1673 709 1701 clamavi
737 1680 866 1709 expertus
885 1676 941 1710 jam
958 1676 1031 1711 quod

247 1715 360 1743 exaudis
377 1724 436 1749 eos,
453 1717 499 1751 qui
512 1722 536 1744 le
548 1718 739 1753 deprecantur.

278 1761 320 1789 15.
334 1762 470 1797 Benignus
484 1764 550 1791 mihi
565 1771 633 1797 esto.
648 1771 674 1792 et
696 1767 778 1801 imple
795 1775 856 1801 qum
872 1775 886 1794 a
901 1772 926 1795 te
939 1774 1028 1802 posco.

279 1809 323 1839 14,
339 1809 382 1836 15.
400 1809 541 1845 Magniﬁca
556 1811 771 1839 misericordiam
789 1817 863 1840 tuam
880 1813 908 1840 in
923 1822 976 1841 me.

279 1853 322 1881 16.
339 1855 382 1880 17.
404 1854 440 1882 De
453 1855 622 1884 daemonibus
636 1857 756 1892 loquitur
771 1867 777 1884 :

281 1901 324 1927 18.
344 1901 371 1927 In
384 1901 626 1935 justilicationibus
644 1904 698 1930 tuis
717 1904 815 1938 ailjuva
831 1912 888 1937 me;

281 1947 325 1974 19.
344 1946 512 1980 Dremonum,
533 1949 579 1983 qui
599 1957 710 1983 peccare
724 1957 766 1976 me
783 1949 914 1978 fecerunt.

278 1993 324 2018 20.
349 1992 497 2021 Daemones.

276 2040 307 2066 El
315 2061 322 2068 .
333 2040 490 2074 Voluptates
501 2048 565 2068 suas
573 2046 726 2069 statuerunt
736 2041 871 2070 declinare
880 2043 906 2069 in
920 2047 1030 2071 terram.

279 2086 324 2113 2‘2.
340 2085 507 2114 Putaverunt
521 2096 550 2114 se
565 2088 630 2115 deos
649 2096 719 2115 esse.

277 2133 320 2160 25.
337 2133 532 2160 Abstrahentcs
547 2142 590 2161 me
607 2142 622 2161 a
639 2139 664 2161 te
678 2135 916 2163 circumdederunt
931 2144 984 2163 me.

281 2179 325 2207 ⁵24.
337 2179 487 2207 Consilium
499 2188 592 2207 eorum
606 2180 771 2213 esteflicere,
785 2186 837 2208 uta
850 2187 875 2209 te
885 2183 1029 2209 declinem.

279 2226 325 2258 25,
343 2225 388 2254 26.
407 2225 484 2253 Sicut
510 2226 570 2258 leo,
595 2231 622 2253 et
639 2226 747 2254 catulus
763 2227 887 2255 habitant.
904 2229 930 2255 in
949 2229 1031 2256 corde

245 2280 315 2299 meo.

279 2319 324 2345 27.
348 2318 428 2350 Veni,
458 2319 571 2346 Domine
584 2340 591 2352 ,
614 2323 641 2346 et
668 2318 790 2353 compedi
811 2327 860 2346 eos
879 2320 930 2346 sub
949 2321 1029 2354 pedes
1046 2315 1067 2341 Ῑ)

244 2373 329 2393 meos.

279 2411 373 2438 28-51.
392 2410 518 2443 Domine,
534 2411 659 2438 celeriter
671 2410 784 2445 dispelle
797 2419 846 2439 cos
859 2411 893 2439 ab
907 2412 1027 2440 homini-

244 2457 295 2484 bus
311 2466 317 2484 :

279 2503 323 2530 52.
345 2501 484 2537 Projectos
502 2502 551 2529 abs
569 2506 594 2529 te
606 2501 814 2530 devoraverunt.

278 2549 324 2582 55,
339 2549 383 2576 54.
397 2549 520 2576 Saturati
535 2553 597 2576 sunt
611 2569 619 2581 ,
635 2550 681 2576 sed
699 2550 810 2585 iniquis.

277 2596 322 2623 55.
342 2596 413 2624 Cum
427 2595 529 2622 venerit
540 2595 665 2630 judicare
679 2600 790 2623 terram.

279 2642 322 2669 56.
337 2642 422 2669 Cibus
439 2649 516 2669 meus
529 2662 537 2674 ,
555 2649 614 2668 cum
632 2642 785 2676 apparuerit
803 2642 867 2668 mi/u'
881 2642 965 2676 gloria
981 2646 1027 2668 (ua

242 2689 269 2715 in
292 2688 383 2716 futuro
397 2688 508 2721 saeculo,
525 2693 567 2715 est
581 2688 608 2715 in
623 2688 715 2723 gloriae
728 2692 782 2715 tute
795 2688 909 2715 visione.

1120 1674 1163 1701 1‘2.
1178 1674 1226 1700 Διὰ
1238 1673 1317 1699 τοῦτο
1327 1673 1426 1707 ἐϐόησα
1436 1672 1502 1708 πρὸς
1513 1673 1552 1703 σὲ,
1565 1672 1615 1707 ἥδη
1627 1672 1722 1708 πεῖράν
1732 1681 1781 1698 σου
1793 1671 1864 1707 ἔχων,

1082 1720 1122 1746 an
1135 1719 1288 1750 εἰσακούεις
1300 1718 1354 1745 τῶν
1366 1718 1500 1753 δεομένων
1518 1726 1574 1744 σου.

1119 1764 1161 1791 15.
1173 1764 1297 1799 Εὐμενής
1308 1772 1351 1799 μοι
1363 1763 1452 1797 γενοῦ,
1464 1762 1511 1788 καὶ
1521 1763 1662 1798 πλήρωσον
1674 1763 1746 1798 ἅπερ
1755 1762 1821 1789 αἰτῶ
1829 1770 1863 1788 σε.

1119 1810 1161 1837 14.
1180 1809 1223 1837 15.
1237 1810 1394 1844 Μεγάλυνον
1408 1809 1438 1835 τὸ
1453 1809 1526 1840 ἔλεός
1545 1817 1590 1834 σου
1608 1809 1647 1840 εἰς
1659 1808 1720 1843 ἐμέ.

1118 1854 1161 1887 16,
1180 1855 1222 1882 17.
1238 1855 1305 1890 Περὶ
1319 1855 1372 1880 τῶν
1389 1854 1524 1889 δαιμόνων
1541 1854 1624 1887 λέγει.

1118 1901 1162 1928 18.
1184 1902 1228 1928 Ἐν
1241 1903 1296 1932 τοῖς
1308 1900 1472 1936 δικαιώμασί
1490 1909 1536 1926 σου
1553 1899 1684 1934 βοήθησὸν
1699 1907 1756 1934 μοι.

1118 1947 1161 1974 19.
1175 1946 1235 1972 Τῶν
1248 1946 1380 1981 δαιμόνων
1395 1945 1447 1972 τῶν
1461 1945 1630 1980 ποιησάντων
1650 1944 1807 1979 ἀμαρτῆσαῐ
1823 1951 1862 1978 με.

1115 1993 1159 2020 20.
1177 1995 1208 2020 Οἱ
1219 1994 1353 2029 δαίμονες.

1117 2040 1163 2066 21.
1182 2039 1237 2071 Τὰς
1253 2040 1345 2074 ἡδονὰς
1360 2039 1448 2066 αὐτῶν
1462 2039 1552 2066 ἔθεντο
1564 2038 1685 2065 ἐκκλῖναι
1703 2039 1733 2064 ὲν
1745 2039 1779 2074 τῇ
1790 2039 1830 2073 γῇ.

1116 2085 1161 2112 22.
1183 2086 1334 2121 Ἡγήσαντο
1349 2086 1460 2117 ἑαυτοὺς
1475 2083 1544 2111 εἶναι
1559 2085 1644 2116 Οεούς.

1116 2132 1160 2158 ‘25.
1179 2131 1398 2162 ’Λποσπάσαντές
1413 2139 1445 2166 με
1457 2131 1511 2156 ἀπὸ
1523 2129 1579 2162 σοῦ,
1590 2129 1810 2165 περιεκύκλωσάν
1823 2136 1862 2163 με.

1116 2177 1161 2204 2-1.
1171 2178 1201 2203 Ἡ
1211 2177 1290 2213 βουλὴ
1299 2177 1387 2203 αὐτῶν
1396 2177 1453 2202 ἐστι
1462 2176 1573 2211 ποιῆσαί
1581 2185 1613 2211 με
1622 2175 1804 2202 ὲκκλῖναιάπὸ
1811 2174 1862 2200 σοῦ.

1116 2224 1162 2256 25,
1178 2223 1224 2250 ‘26.
1247 2223 1290 2254 Ὠς
1307 2223 1393 2254 λέων,
1413 2223 1459 2248 καὶ
1474 2222 1511 2254 ὡς
1523 2221 1640 2257 σκύμνος
1660 2221 1780 2248 οἰκοῦσιν
1795 2222 1820 2246 ἐν
1833 2222 1863 2255 τῇ

1081 2270 1181 2306 καρδίᾳ
1197 2278 1258 2305 μου.

1115 2317 1162 2343 ‘27.
1186 2315 1270 2347 Ἐλοὲ,
1287 2314 1383 2350 Κύριε,
1398 2315 1445 2341 καὶ
1460 2313 1622 2350 συμπόδισον
1633 2313 1732 2345 αὐτοὺς
1749 2312 1799 2338 ὑπὸ
1808 2312 1862 2343 τοὺς

1083 2363 1165 2394 πόδας
1180 2371 1241 2398 μου.

1116 2421 1208 2448 28-51.
1238 2419 1338 2454 Κύριε,
1359 2420 1386 2446 ἐν
1402 2419 1478 2453 τάχει
1493 2417 1675 2446 ,διασκέδασον
1699 2417 1798 2448 αὐτοὺς
1817 2415 1862 2442 ἀπὸ

1080 2467 1134 2493 τῶν
1153 2466 1200 2493 ἀνθ
1206 2466 1313 2502 ρώπων.

1119 2513 1163 2540 5‘2.
1177 2513 1245 2544 Τοὺς
1261 2511 1461 2548 ἀπερῤιμένους
1476 2510 1529 2537 ἀπὸ
1547 2509 1594 2536 σοῦ
1612 2509 1757 2536 κατέπιαν.

1117 2560 1161 2590 55,
1177 2559 1220 2586 54.
1244 2557 1506 2593 Ἐχορτάσθησίιν,
1532 2555 1600 2584 ἀλλὰ
1619 2555 1672 2582 τῶν
1687 2554 1862 2590 ἀνομούννων.

1116 2605 1161 2632 55.
1180 2606 1261 2632 Ὅταν
1275 2604 1338 2640 ἔλθῃ
1356 2605 1446 2640 κρῖναι
1459 2603 1508 2638 τὴν
1521 2602 1692 2637 οἰκουμένην.

1116 2650 1160 2678 56.
1177 2651 1208 2676 Ἡ
1220 2650 1306 2685 τροφή
1327 2658 1377 2685 μου
1390 2668 1398 2680 ,
1414 2649 1447 2675 ἐν
1457 2648 1496 2681 τῷ
1506 2647 1634 2683 ὀφθῆναί
1641 2655 1692 2681 μοι
1708 2646 1766 2680 τὴν
1777 2646 1862 2677 δόξαν

1081 2706 1139 2723 σου
1152 2697 1180 2722 ὲν
1195 2695 1233 2731 τῷ
1252 2695 1374 2731 μέλλοντι
1388 2695 1465 2722 αξῶνι
1475 2714 1482 2727 ,
1500 2694 1573 2721 ἐστὶν
1590 2695 1629 2725 εἱς
1646 2693 1675 2720 τὸ
1693 2693 1762 2730 ὀρᾴν
1775 2702 1806 2729 με

1081 2743 1157 2776 δόξαν
1174 2751 1230 2769 σου.

720 2810 871 2841 Addenda
891 2814 921 2841 et
938 2811 1124 2851 corrigenda
1149 2821 1188 2842 ex
1204 2812 1271 2842 eod.
1290 2810 1390 2842 Vatic.

285 2882 342 2919 (ίὸ)
361 2883 388 2910 Ἃ
402 2882 564 2917 ἐλάλησεν.
580 2882 639 2910 Haec
655 2883 767 2911 delenda
779 2883 913 2911 videnlur.
