1919 3051
81 165 166 193 ’λη’

561 173 604 202 DE
625 174 762 205 TlTULIS
782 176 843 204 PSA
853 176 1052 204 LMOBUMJ—
1065 175 1160 203 PSAL.
1180 174 1261 202 XVll.

1647 170 1700 198 769-

78 223 131 255 Εἰς
147 223 179 250 τὸ
193 223 280 258 τέλος
308 225 359 259 τῷ
371 227 454 254 παιδὶ
476 231 585 264 Κιιριου
600 231 638 265 τῷ
654 234 752 265 Δαϐὶδ,
767 233 786 260 d
802 233 862 261 ἐλά

941 244 955 262 n
972 235 1064 269 'ﬁnem
1091 241 1187 267 puero,
1217 231 1324 258 Domini
1342 230 1441 263 Dauid,
1459 236 1517 264 qua!
1532 227 1633 254 locutus
1660 233 1699 255 est

115 271 194 302 ,1ησέ
210 270 249 303 τῷ
265 273 361 305 Κυρίῳ
378 274 448 307 τοὺς
461 276 570 310 λόγους
592 277 645 311 τῆς
665 279 742 313 ᾠδῆς
758 280 867 313 ταύτης

117 315 152 342 ἐν
162 316 257 350 ἡμέρᾳ
269 315 289 352 ᾖ
305 318 450 352 ἑῤῥύσατο
465 321 556 348 αὐτὸν
571 324 586 349 d
600 323 707 357 Κύριος
720 325 754 350 ἐκ
770 325 868 358 χειρὸς

115 361 236 388 πάντων
246 363 424 399 τῶνέχθρῶν
433 367 534 400 αὑτοῦ,
544 369 591 395 καὶ
604 369 637 396 ἐκ
648 369 745 404 χειρὸς
757 370 866 402 Σαοὺλ,

116 408 165 433 καὶ
179 406 281 435 εἷπεν·
302 411 387 437 ΨΑΛ.
401 413 462 439 IZ’.

116 453 143 479 1.
167 454 314 489 Ἀγαπήσω
328 465 366 488 σε,
381 458 506 494 Κύριε,ἠ
526 459 601 495 ἰσχύς
617 469 678 495 μου.

114 496 143 524 2.
158 497 258 534 Κύριος
273 501 414 536 στερέωμά
430 511 479 538 μου
491 524 498 536 ,
513 505 560 530 καὶ
573 507 716 541 καταφυγή
738 515 788 541 μου
798 527 805 538 ,
819 507 866 533 καὶ

77 541 184 579 eam:
199 553 266 579 μου¹

118 587 146 614 5.
167 588 196 614 Ὀ
207 589 272 621 Θεός
284 599 346 626 μου,
362 592 458 629 βοηθός
476 604 537 630 μου,
554 597 600 622 καὶ
617 596 701 623 ὲλπιῶ
712 598 754 623 ἐπ’
770 597 863 623 αὐτόν’

113 632 142 678 4.
161 633 379 673 ’Υπερασπιστής
395 648 462 673 μου,
482 641 529 667 καὶ
546 641 628 677 κέρας
641 643 776 678 σωτηρίας
802 652 863 678 μου,

74 677 124 704 καὶ
138 678 229 715 ἀντιλή
234 690 311 717 πτωρ
326 692 388 718 μου.

112 723 140 750 5.
158 725 245 752 Αἰνῶν
267 727 461 764 ἐπικαλέσομαι
477 731 522 757 τὸν
551 732 652 768 Κύριον
664 753 671 764 ,
695 734 742 760 καὶ
758 734 789 760 ἐκ
811 733 864 760 τῶν

73 768 183 804 ἐχθρῶν
202 780 251 805 μου
268 773 434 810 σωθήσομαι.

110 813 138 841 6.
158 816 304 852 Περιὲηον
318 828 350 854 με
369 821 460 853 ὠδῖνες
472 822 601 855 θανάτου,

952 281 1064 307 Domino
1078 279 1153 305 verba
1166 278 1262 304 cantici
1277 277 1354 312 hujus
1369 278 1395 303 in
1405 276 1456 308 die,
1469 284 1521 310 qua
1533 275 1626 309 eripuit
1640 282 1699 300 eum

952 325 1078 351 Dominus
1097 324 1128 350 de
1144 331 1223 349 manu
1239 323 1354 348 omnium
1366 321 1531 348 inimicorum
1546 320 1613 354 ejus,
1632 323 1657 345 et
1668 318 1699 344 de

950 377 1030 395 manu.
1046 368 1128 401 Saul,
1140 373 1163 395 et
1179 368 1246 394 dixit
1259 376 1268 394 :
1283 366 1383 394 PSAL.
1410 365 1508 393 XVII.

954 457 980 484 1.
998 456 1111 492 Diligam
1128 461 1162 489 te,
1177 457 1299 489 Domine,
1318 456 1448 484 fortitudo
1464 463 1532 483 mea.

949 503 976 529 2.
994 502 1124 530 Dominus
1152 503 1351 529 ﬁrmamentum
1379 510 1469 529 meum
1483 522 1491 535 ,
1515 506 1542 529 et
1563 501 1697 536 refugium

918 554 1019 575 meum.
1035 551 1062 573 et
1073 547 1200 574 liberator
1215 554 1290 573 meus
1299 566 1306 578 ,

952 592 978 619 5.
997 591 1068 619 Deus
1083 600 1170 623 meus,
1186 592 1292 626 atljntor
1308 599 1394 623 meus,
1409 596 1434 619 et
1445 592 1557 625 sperabo
1571 592 1597 618 in
1611 599 1672 618 eum
1688 600 1696 618 :

952 638 980 664 4.
998 637 1139 664 Protector
1152 645 1239 668 meus,
1253 640 1279 663 et.
1291 644 1375 663 cornu
1393 637 1488 664 salutis
1505 644 1580 668 meat,
1594 640 1621 662 et
1635 643 1697 663 sus-

916 687 1010 716 ceptor
1023 690 1110 710 meus.

948 729 975 755 5.
996 727 1122 755 Laudnns
1146 728 1277 755 invocabo
1296 727 1453 760 Dominum,
1484 732 1510 754 et
1532 728 1563 755 ab
1579 728 1696 756 inimicis

915 774 983 800 meis
997 774 1088 801 salvus
1103 782 1159 801 ero.

951 819 976 845 6.
994 819 1238 846 Circumdedernnt
1254 827 1296 845 me
1311 819 1418 846 dolores
1435 818 1557 851 mortis,'

950 865 976 892 7.
997 865 1029 891 Et
1044 869 1177 892 torrentes
1194 866 1346 900 iniquitatis
1359 865 1589 892 conturbavcrunt
1606 873 1657 892 me.

875 913 896 940 Β
948 911 975 938 8.
999 911 1110 938 Dolores
1123 911 1220 938 inferni
1235 911 1471 938 circumdederunt
1485 919 1527 938 me
1540 921 1547 938 :

947 956 974 982 9.
989 955 1250 990 Praeoccupaverunt
1263 964 1306 983 Ine
1322 956 1410 990 laquei
1428 957 1533 983 Inertis.

949 1002 991 1029 10.
1009 1001 1036 1029 ln
1054 1002 1228 1029 tribulatione
1247 1010 1304 1029 mea
1319 1002 1440 1029 invocavi
1461 1001 1605 1029 Dominum
1621 1012 1628 1029 :

111 859 139 906 7.
156 861 210 887 Καὶ
229 863 372 900 χείμαρροι
387 867 500 902 ἀνομίας
516 869 678 905 ἐξετάραξὰν
693 880 736 906 με.

109 905 137 933 8.
160 907 258 940 Ὠδῖνες
272 910 333 944 ᾅδου
348 914 570 947 περιεκύκλωσάν
586 925 630 951 με·

109 952 137 979 9.
159 954 333 989 Προέφθασάν
352 967 386 992 με
404 960 514 993 παγίδες
529 961 654 988 Θανάτου.

109 996 155 1023 10.
164 999 217 1024 Καὶ
223 999 294 1035 ἐντῷ
300 1000 437 1042 θλίϐεσθαί
444 1012 476 1038 με
483 1005 690 1041 ἐπεκαλεσάμην
697 1007 742 1034 τὸν
750 1007 861 1042 Κύριον·

109 1041 155 1069 11.
171 1044 225 1070 Καὶ
238 1046 306 1081 πρὸς
320 1047 364 1072 τὸν
378 1040 442 1074 Θεόν
461 1057 511 1083 μου
529 1040 673 1086 ὲκέκραξαξ

110 1086 154 1113 1ἳ.
176 1089 310 1116 Ἤκουσεν
321 1091 353 1117 ἐκ
367 1092 430 1118 ναοῦ
444 1093 521 1127 ἁγίου
538 1095 620 1121 αὑτοῦ
636 1097 728 1131 φωνῆς
743 1103 793 1131 μου
804 1105 811 1111 ·

948 1049 992 1075 11.
1009 1048 1041 1075 Et
1055 1049 1088 1075 ad
1106 1048 1190 1075 Deum
1206 1057 1295 1075 meum
1310 1049 1433 1075 clamavi.

947 1094 991 1121 12.
1013 1093 1044 1121 Et
1069 1093 1207 1121 exaudivit
1227 1094 1261 1121 de
1288 1094 1385 1128 templo
1406 1098 1500 1121 sancto
1526 1102 1577 1122 suo
1600 1102 1693 1123 vocem

912 1147 999 1166 meam
1013 1148 1019 1165 ἶ

631 1184 821 1212 ATHANASII
841 1186 1136 1214 INTERPRETATIO.

113 1223 146 1249 'H
165 1226 330 1263 προκειμένη
344 1229 482 1266 ἐπιγραφὴ
493 1231 615 1267 περιέχει
626 1239 632 1247 ·
653 1234 705 1266 Εἰς
718 1233 751 1260 τὸ
766 1234 849 1267 τέλος
861 1235 901 1267 τῷ
916 1235 998 1262 παιδὶ
1011 1235 1121 1269 Kuplou
1135 1234 1174 1267 τῷ
1185 1234 1273 1262 Δαϐίδ
1281 1243 1288 1250 '
1303 1235 1452 1267 τουτέστιν,
1466 1235 1484 1262 ἃ.
1496 1235 1625 1271 ἐλάλησεν
1638 1235 1693 1271 (15)

67 1268 118 1317 Erfl.
137 1269 209 1296 τέλει
223 1272 278 1298 τῶν
297 1273 400 1300 αἰώνων
413 1275 450 1310 τῷ
466 1276 615 1305 δουλεύοντι
631 1279 670 1314 τῷ
682 1279 775 1316 Κυρίῳ
786 1280 841 1316 λαῷ
858 1281 1038 1317 πεποοημένῳ
1049 1268 1057 1296 -7
1072 1281 1151 1309 τοῦτο
1163 1281 1216 1317 γὰρ
1228 1281 1344 1308 ἐνταῦθα
1360 1281 1538 1317 ἑρμηνεύεται
1548 1268 1588 1314 τὸ,
1602 1268 1692 1315 Audis.

68 1313 137 1342 Εἶτα
154 1317 195 1350 τὸ,
218 1319 251 1346 Ἀ
265 1320 398 1355 ἐλάλησε
411 1323 450 1355 τῷ
462 1324 558 1358 Κυρίῳ
570 1326 640 1358 τοὺς
653 1313 766 1361 loro-vi,"
776 1313 833 1362 τῆξ
846 1328 926 1362 ᾠδῆς
948 1313 1056 1362 eortth
1070 1329 1105 1355 ἐν
1118 1313 1212 1363 ἡμέρᾷ
1225 1326 1245 1364 ᾗ
1261 1313 1406 1363 epicum-ro
1423 1313 1517 1355 αὑτὸν
1537 1330 1644 1363 Κύριος
1658 1329 1694 1356 ἐκ

66 1364 171 1413 ζειρὸς
182 1365 301 1393 πάντων
311 1368 370 1396 τῶν
379 1370 493 1404 ἐχθρῶν
503 1373 607 1404 αὐτοῦ,
622 1375 693 1409 φημὶ
705 1375 736 1410 δὴ
748 1376 802 1402 τῶν
815 1376 978 1412 ἀκαθάρτων
997 1377 1162 1412 πνευμάτων
1178 1377 1311 1412 ἐρρύσατο
1323 1378 1413 1404 αὐτόν.
1428 1375 1510 1404 Εἶτα·
1523 1379 1577 1404 Kal
1589 1377 1694 1413 ἐχθρὸς

68 1408 115 1444 [ὲκ
130 1411 231 1447 χειρὸς]
249 1413 364 1440 Σαούλ’
387 1415 454 1450 ὅπερ
469 1408 656 1451 ἑρμηνεύεται
670 1419 717 1445 καὶ
731 1408 830 1454 χειρὸς
846 1421 898 1448 τοῦ
910 1408 1075 1454 ’διαϐόλουξ
1101 1423 1147 1449 τοῦ
1164 1408 1322 1459 αἰτουμένου
1339 1424 1427 1450 πάντα
1450 1424 1591 1459 ἄνθρωπον
1662 1408 1694 1452 τὸ

67 1456 201 1491 πειρᾶται
212 1465 218 1472 ·
237 1458 316 1485 τοῦτο
329 1459 383 1496 γὰρ
397 1461 578 1497 ἑρμηνεύεται
600 1464 630 1490 τὸ
657 1465 744 1492 Σαοὺλ
757 1485 763 1496 ,
783 1467 904 1500 αὶτητός
924 1467 1072 1504 [αἰτητής].
1104 1469 1204 1500 Καθὼς
1220 1456 1302 1497 παλαι
1316 1471 1481 1506 ὲπειράσατο
1494 1456 1540 1498 καὶ
1557 1471 1601 1497 τὸν
1622 1456 1692 1505 Ἰὼϐ,

67 1502 121 1537 ῂτή
127 1511 191 1529 σατο
205 1506 334 1540 πειρᾶσαι
349 1507 394 1533 καὶ
409 1509 472 1540 τοὺς
486 1510 661 1543 ἀποστόλους,
675 1511 712 1543 ὡς
723 1513 737 1538 ὁ
752 1513 855 1548 Κύριος
871 1502 936 1542 adeo
950 1502 1032 1543 τούτο
1092 1517 1188 1552 Πέτρῳ
1201 1517 1292 1551 λέγει·
1315 1502 1419 1553 Πέτρε,
1439 1518 1546 1552 Πέτρε,
1565 1502 1694 1552 immixto

67 1549 205 1584 ᾐτήσατο
220 1551 298 1586 ὑμᾶς
315 1555 331 1579 d
343 1554 477 1588 Σατανᾶς
489 1557 624 1584 σινιᾶσαι
638 1559 678 1592 ὼς
691 1560 744 1587 τὸν
758 1561 862 1587 σῖτον]

106 1605 214 1635 Titulus
226 1611 386 1644 praepositus
398 1614 517 1641 continuet
530 1624 536 1642 :
549 1614 581 1642 In
598 1616 675 1649 ﬁnem
689 1625 768 1651 puero
779 1618 884 1647 Domini
897 1619 980 1648 David
995 1629 1004 1648 :
1017 1620 1073 1649 Hoc
1085 1626 1136 1654 est,
1151 1622 1178 1648 in
1192 1622 1245 1649 ﬁne
1262 1623 1422 1650 surculorum
1439 1622 1565 1649 servienti
1579 1621 1693 1650 Domino

69 1655 173 1688 populo
188 1655 354 1685 desiderato.
382 1658 420 1686 Ita
437 1661 508 1688 enim
529 1663 571 1690 hic
585 1663 777 1698 interpretatur
791 1665 885 1694 David.
910 1668 1011 1696 Deinde
1026 1679 1032 1696 :
1049 1678 1107 1704 quae
1123 1670 1225 1697 locutus
1240 1675 1278 1696 est
1293 1670 1402 1696 Domino
1413 1668 1488 1694 verba
1501 1669 1597 1695 cantici
1613 1668 1692 1702 hujus

68 1698 95 1723 iu
115 1698 169 1731 die,
189 1707 241 1734 qua
266 1702 362 1735 eripuit
374 1711 437 1741 eum
455 1705 580 1734 Dominus
598 1708 630 1733 de
648 1716 728 1736 manu
743 1711 858 1737 omnium
877 1713 1043 1740 inimicorum
1057 1716 1113 1748 ejus
1128 1734 1134 1746 ,
1150 1714 1352 1741 immundornm
1367 1736 1374 1748 ,
1393 1715 1523 1749 inquam,
1545 1713 1690 1748 spirituum

69 1743 197 1771 liberavit
215 1753 288 1773 eum.
305 1747 402 1776 Postea
416 1761 422 1777 :
435 1755 459 1777 et
474 1751 505 1777 de
524 1760 604 1779 inunu
618 1753 684 1780 Saul
697 1763 705 1781 :
717 1756 789 1790 quod
806 1757 1014 1793 interpretatur,
1035 1765 1059 1786 et
1067 1743 1105 1787 'de
1119 1769 1198 1786 manu
1212 1760 1322 1791 diaboli,
1342 1760 1388 1794 qui
1402 1760 1468 1794 petit
1482 1767 1588 1786 onmem
1605 1759 1693 1786 homi-

69 1799 132 1818 nem
148 1793 181 1819 ad
203 1801 264 1821 eum
282 1797 448 1824 tentandum.
481 1798 545 1826 Saul
561 1802 632 1827 enim
648 1801 839 1837 interpretatur
853 1807 950 1840 petitus
972 1807 1101 1844 [petitor].
1132 1793 1364 1841 Quemadmodum
1383 1793 1446 1835 olim
1464 1808 1574 1834 tentavit
1587 1812 1614 1835 et
1628 1807 1690 1840 Job,

68 1838 200 1872 expetivit
213 1843 317 1868 tentare
338 1842 418 1870 etiam
436 1846 574 1879 apostolos
587 1868 593 1879 ,
609 1847 681 1874 sicut
695 1848 828 1879 Dominus
843 1838 894 1880 lioc
918 1838 1007 1888 ipsum
1026 1838 1107 1882 Petio
1120 1838 1187 1882 dixit
1209 1864 1215 1882 :
1238 1854 1329 1887 Pelre,
1343 1854 1436 1887 Petre,
1460 1854 1560 1888 quoties
1574 1852 1690 1882 Satanas

67 1887 192 1919 expetivit
209 1895 262 1919 vos,
279 1894 307 1915 ut
323 1890 448 1918 cribraret
465 1893 533 1919 sicut
550 1894 668 1920 triticum
680 1895 719 1922 ἰι

104 1930 129 1957 1.
146 1931 229 1958 Πόθον
249 1933 399 1968 ἐνδείξομαι
414 1936 441 1961 ὲν
459 1937 519 1968 σοὶ,
531 1937 616 1973 Κύριε
628 1958 635 1971 ,
652 1939 666 1964 ὁ
679 1939 804 1975 δυναμῶν
822 1949 855 1976 με
870 1943 891 1972 C

69 1976 108 2008 εις
126 1978 216 2004 πᾶσαν
230 1979 373 2013 ἀρέσκειάν
387 1989 447 2015 μου.

102 2021 130 2048 2.
146 2021 258 2058 Κύριος,
274 2024 441 2061 διαχωρίζων
456 2027 502 2053 ἀπ’
521 2028 588 2063 ἐμοῦ
606 2031 695 2057 πᾶσαν
713 2031 856 2067 ἐπιϐουλὴν

67 2067 123 2094 τῶν
138 2068 242 2104 ἐχθρῶν
258 2079 307 2105 μου
318 2091 326 2103 ,
345 2071 375 2097 ὃν
389 2073 490 2108 τρόπον
503 2074 656 2111 διαχωρίζει
668 2076 698 2102 τὸ
715 2077 856 2113 στερέωμα

67 2114 203 2150 ἀναμέσον
218 2115 314 2148 ὕδατος
327 2118 373 2144 καὶ
387 2118 470 2145 ὕδατι.

103 2161 129 2187 5.
152 2160 181 2187 ’0
192 2161 258 2192 Θεός
274 2170 324 2197 μου
338 2163 460 2198 ἀφαιρῶν
474 2164 520 2190 ἀπ’
542 2164 608 2200 ἐμοῦ
624 2166 677 2193 πᾶν
693 2166 791 2202 βάρος,
807 2168 856 2195 καὶ

66 2206 163 2233 ἐλπιῶ
175 2207 220 2234 ἐπ’
233 2209 335 2236 αὐτόν.

100 2253 128 2279 4.
142 2253 302 2290 Σκεπαστής
313 2264 373 2290 μου,
388 2256 435 2282 καὶ
446 2256 571 2292 βασιλεὺς
582 2259 631 2294 τῆς
642 2260 778 2296 σωτηρίας
793 2269 854 2296 μου,

65 2299 113 2326 καὶ
129 2300 353 2335 ἁντιποιούμενός
367 2311 427 2337 μου.

102 2345 128 2371 5.
145 2345 212 2381 Περὶ
227 2346 282 2373 τῶν
299 2347 460 2383 ἀκαθάρτων
476 2350 637 2384 πνευμάτων
652 2351 734 2386 λέγει.

102 2390 128 2417 6.
144 2391 228 2427 Πέριξ
247 2392 297 2427 τῆς
313 2393 400 2428 ψυχῆς
418 2403 468 2429 μου
498 2396 664 2432 συνέστησαν
684 2400 710 2424 αἱ
737 2399 853 2426 ἐναντίαι

64 2435 205 2471 δυνάμεις.

101 2482 128 2509 7.
150 2482 193 2514 Ὠς
208 2482 330 2518 ῥεύματα
345 2484 458 2517 ὑδάτων,
472 2485 557 2517 οὕτως
569 2487 717 2523 ὲνέρῥηξάν
728 2497 783 2524 μοι.

100 2527 127 2555 8.
144 2529 201 2554 Καὶ
216 2523 378 2565 ἐνθυμήσεις
407 2532 555 2565 exoraui,
569 2533 615 2559 καὶ
631 2523 759 2568 ζοφώδεις
775 2544 853 2572 περι-

65 2572 224 2599 εκύκλωσαν
237 2573 285 2609 τὴν
300 2574 412 2609 καρδίαν
429 2584 490 2610 μου.

946 1942 972 1969 1.
985 1942 1117 1970 Aﬂectum
1133 1951 1224 1970 meum
1238 1943 1380 1971 ostendam
1396 1945 1422 1971 in
1439 1949 1475 1978 te,
1493 1945 1608 1974 Domine
1621 1967 1628 1978 ,
1643 1949 1690 1983 qui

908 1988 980 2016 vires
993 1989 1061 2016 mihi
1079 1989 1176 2016 tribuis
1190 1990 1222 2016 ad
1237 1997 1345 2016 omnem
1359 1998 1445 2018 meam
1459 1992 1636 2020 voluntatem.

943 2035 969 2061 ‘2.
986 2034 1118 2062 Dominus
1130 2043 1259 2070 separans
1270 2044 1284 2062 a
1298 2044 1340 2062 me
1354 2044 1448 2064 omnes
1471 2038 1583 2066 insidias
1601 2041 1691 2068 inimi-

908 2089 1002 2108 corum
1019 2089 1153 2113 meorum,
1166 2082 1395 2116 quemadmodum
1409 2084 1607 2112 ﬁrmamentum
1622 2087 1691 2114 divi-

906 2127 947 2154 dit
962 2135 1048 2162 aquas
1064 2128 1098 2155 ab
1117 2128 1207 2162 aquis.

942 2173 969 2199 5.
988 2173 1060 2200 Deus
1087 2181 1164 2200 meus
1180 2173 1306 2200 auferens
1328 2180 1343 2200 a
1361 2181 1405 2201 me
1427 2183 1507 2204 omne
1524 2178 1648 2212 pondus,
1664 2184 1690 2206 et

906 2217 1016 2252 sperabo
1035 2218 1062 2244 in
1080 2226 1148 2246 eum.

942 2263 969 2290 Α.
984 2263 1116 2292 Defensor
1127 2272 1203 2293 meus
1216 2286 1223 2299 ,
1241 2271 1270 2293 et
1282 2275 1328 2295 rex
1347 2268 1444 2295 salutis
1459 2276 1536 2302 mem,
1551 2274 1577 2296 et
1591 2269 1688 2297 vindex

906 2315 993 2334 meus.

942 2353 969 2380 5.
987 2353 1023 2380 De
1038 2354 1188 2383 immundis
1206 2356 1347 2391 spiritibus
1364 2358 1492 2393 loquilur.

942 2396 968 2422 6.
984 2397 1062 2425 Circa
1078 2399 1197 2426 animam
1215 2408 1302 2428 meam
1324 2403 1506 2431 constiterunt
1527 2405 1689 2434 adversariae

905 2446 1062 2475 potestates.

942 2486 967 2514 7.
977 2486 1118 2522 Tanquam
1129 2498 1260 2524 aquarum
1267 2491 1376 2525 ﬂuctus,
1386 2493 1422 2520 ita
1433 2494 1458 2521 in
1469 2502 1511 2522 me
1520 2494 1685 2530 irruperunt.

941 2533 967 2560 8.
986 2533 1020 2561 Et
1043 2535 1193 2562 tenebrosa:
1204 2557 1211 2569 ,
1233 2541 1260 2563 et
1274 2538 1429 2573 caliginosze
1444 2541 1622 2574 cogitationes
1638 2550 1688 2569 cor

906 2588 996 2607 meum
1013 2580 1258 2609 circumdederunt.

98 2618 126 2645 9.
147 2619 386 2655 Ἐκραταιώθησαν
400 2621 469 2657 ὑπὲρ
483 2622 533 2658 εμὲ
549 2623 577 2650 αι
595 2624 648 2651 τῶν
662 2626 789 2653 ἐναντίων
802 2627 848 2654 δυ-

941 2625 962 2652 9.
979 2625 1155 2653 lnvalnerunt
1168 2634 1250 2661 super
1268 2635 1312 2656 me
1331 2629 1548 2658 adversar-iamut
1569 2636 1687 2666 potesta-

64 2663 172 2699 νὰμεων
189 2665 309 2699 παγίδες.
422 2688 427 2690 .

99 2710 143 2737 10.
160 2711 206 2740 Et;
223 2711 348 2746 βοήθειάν
363 2721 423 2747 μου,

101 2756 144 2782 11.
169 2756 213 2782 Ἐν
225 2757 298 2792 πόνῳ
313 2758 362 2793 τῆς
378 2759 491 2795 καρδίας
507 2770 556 2796 μου
570 2762 678 2798 ἐϐόησα.

99 2801 142 2828 19.
164 2802 211 2828 Ἐκ
226 2801 274 2829 τοῦ
289 2803 402 2838 ούρανοῦ
413 2804 494 2840 λέγει.

98 2847 118 2862 ¹¹
138 2846 206 2874 Luc.
221 2856 289 2881 xxn,
307 2849 351 2876 31.

898 2675 955 2699 tum
972 2671 1070 2706 laquei.

940 2717 982 2745 10.
1001 2717 1030 2744 ln
1049 2719 1179 2746 auxilium
1198 2728 1298 2748 meum.

938 2765 983 2792 11.
1002 2765 1031 2792 In
1049 2766 1140 2793 labore
1155 2768 1245 2795 cordis
1257 2768 1311 2796 mei
1329 2768 1455 2796 clamavi.

937 2810 979 2837 12.
998 2810 1035 2838 De
1049 2812 1119 2840 caelo
1132 2812 1206 2839 dicit.
