1919 3051
229 129 279 159 701

651 131 679 158 S.
701 130 886 158 ATIIANASll
903 129 978 157 OPP.
1000 129 1090 157 PARS
1108 128 1151 156 lll.
1169 144 1204 148 —
1224 127 1429 156 EXEGETICA.

1795 127 1856 154 708

260 190 305 218 55.
326 189 359 218 Et
381 191 531 218 secundum
563 191 706 226 puritatem
731 199 862 218 manuum
888 198 1010 219 mearum
1025 193 1045 221 A

1097 190 1141 217 55.
1163 191 1217 216 Καὶ
1239 189 1310 216 κατὰ
1326 189 1375 225 τὴν
1389 188 1575 225 καθαριότητα
1598 187 1652 215 τῶν
1674 187 1775 223 χειρῶν
1797 195 1854 223 μου

225 235 358 263 retribuet
372 236 450 268 mihi,

261 280 305 308 55.
328 280 356 307 In
370 287 515 316 conspectu
531 282 671 310 oculorum
685 283 755 317 ejus.

261 327 306 353 57.
326 327 395 354 Cum
411 333 505 356 sancto
525 334 636 356 sanctus
651 330 706 357 eris
721 339 728 356 :

261 372 304 400 58.
328 374 358 400 Et
373 382 436 401 cum
449 375 507 401 viro
521 375 665 403 innocente
682 377 813 403 innocens
827 376 883 403 eris
899 385 906 403 :

261 420 306 447 59.
327 419 359 446 Et
375 429 436 448 cum
451 421 538 449 electo
552 423 654 450 electus
671 423 726 450 eris
740 433 745 449 :

260 464 305 493 60.
326 465 359 492 Ει
375 474 436 493 cum
450 474 578 501 perverso
592 469 764 502 perverteris.

261 512 305 540 61.
327 511 461 544 Quoniam
471 518 498 539 tu
508 514 636 548 populum
648 515 777 541 humilem
787 514 893 542 salvum
912 513 1010 542 facies:

261 557 305 584 62.
326 557 359 585 Et
373 559 470 586 oculos
487 560 668 594 superborum
685 561 852 588 humiliabis.

194 632 199 636 _
261 603 305 630 65.
326 604 460 636 Quoniam
487 610 514 632 tu
545 605 713 633 illuminabis
743 605 882 633 lucernam
912 613 1010 639 meam,

224 649 348 678 Domine.

261 697 306 724 64.
328 697 400 725 Deus
413 705 502 729 meus,
519 698 685 725 illuminabis
699 698 824 725 tenebras
836 705 921 726 meas.

259 743 304 771 65.
325 743 459 776 Quoniam
474 743 501 770 in
517 748 544 771 te
560 744 660 778 eripiar
673 752 688 771 a
706 744 857 771 tentatione
872 753 878 770 :

260 789 304 817 66.
327 791 359 817 Et
375 791 401 818 in
418 790 474 817 Deo
489 798 549 818 meo
567 791 750 825 transgrediar
766 799 887 818 murum.

259 837 304 864 67.
326 836 398 863 Deus
415 844 492 864 meus
509 837 648 871 impolluta
663 837 707 863 via
720 836 798 871 ejus:

260 883 306 910 68.
327 882 440 917 Eloquia
456 882 563 909 Domini
581 882 643 917 igne
660 883 826 910 examinata.

260 929 305 958 69.
325 929 467 957 Protector
483 933 525 956 est
539 929 661 956 omnium
677 929 845 964 sperautium
866 929 893 955 in
908 936 957 956 se:

260 1021 304 1048 70.
325 1021 458 1054 Quoniam
474 1021 535 1056 quis
554 1020 624 1048 Deus
638 1024 735 1056 praeter
751 1020 898 1048 Dominum
912 1020 924 1046 ?

261 1066 306 1093 7i.
325 1066 381 1093 Aut
397 1065 458 1100 quis
477 1065 550 1093 Deus
566 1069 661 1099 prteter
678 1065 762 1092 Deum
777 1064 924 1092 nostrum?

259 1113 304 1140 72.
325 1111 408 1144 Deus,
424 1112 471 1147 qui
486 1112 628 1147 prmcinxit
639 1119 683 1138 me
695 1111 805 1143 virtute,

261 1159 306 1186 73.
326 1159 359 1186 Et
372 1159 462 1194 posuit
478 1159 679 1186 immaculatam
697 1157 767 1185 viam
779 1164 867 1184 meam
881 1164 888 1189 ;

261 1204 304 1232 74.
326 1204 378 1238 Qui
393 1204 505 1240 perfecit
519 1205 600 1239 pedes
615 1212 690 1232 meos
705 1208 833 1238 tanquam
848 1209 1007 1235 cervorum,

261 1251 305 1278 75.
326 1250 359 1277 Et
378 1259 460 1286 super
473 1251 580 1278 excelsa
598 1254 721 1277 statuens
735 1256 778 1276 me
791 1258 798 1275 :

261 1297 305 1324 76.
325 1296 377 1330 Qui
392 1297 470 1324 docet
484 1304 582 1324 manus
596 1303 672 1323 meas
685 1295 718 1322 ad
735 1295 868 1330 praelium.

260 1343 305 1371 71.
326 1342 358 1370 Et
376 1342 492 1378 posuisti
508 1349 603 1369 arcum
617 1349 716 1369 aereum
732 1341 843 1369 brachia
857 1347 916 1368 mea
933 1349 939 1367 :

1064 235 1248 263 ἀνταποδώσει
1267 244 1322 270 μοι,

1099 281 1142 308 56.
1169 281 1300 308 Ἐνώπιον
1311 281 1364 307 τῶν
1378 280 1524 316 ὀφθαλμῶν
1539 279 1631 307 αὑτοῦ.

1099 328 1144 355 57.
1165 328 1242 354 Μετὰ
1256 328 1330 354 ὁσίου
1346 328 1417 359 ὅσιος
1430 326 1488 362 ἔσῃ.

1099 373 1143 400 58.
1164 373 1218 399 Καὶ
1234 373 1302 408 μετὰ
1316 373 1411 408 ἀνδρὸς
1427 372 1515 398 ὰθώου
1528 371 1616 403 ἀθῶος
1626 371 1691 407 ἔσῃ·

1099 419 1143 446 59.
1165 419 1219 446 Καὶ
1236 419 1303 454 μετὰ
1318 418 1444 445 ὲκλεχτοῦ
1458 418 1584 449 ἐκλεκτὸς
1602 417 1665 453 ἔσῃ·

1098 464 1143 491 60.
1164 465 1218 491 Καὶ
1230 464 1299 500 μετὰ
1315 464 1444 500 στρεῦλοῦ
1456 464 1635 500 διαστρέψεις.

1099 510 1144 537 61.
1165 511 1225 537 Ὅτι
1243 512 1275 538 σὺ
1289 510 1354 537 λαὸν
1371 511 1498 538 ταπεινὸν
1512 510 1619 542 σώσεις,

1099 556 1143 583 62.
1164 556 1218 583 Καὶ
1232 556 1384 591 ὀφθαλμοὺς
1400 557 1580 593 ὑπερηφάνων
1594 555 1784 588 ταπεινώσεις.

1099 602 1144 628 65.
1166 602 1227 629 ’Ότι
1243 603 1274 629 σὺ
1289 605 1399 637 φωτιεῖς
1412 603 1507 638 λύχνον
1526 611 1588 635 μου,
1605 601 1699 638 Κύριε.

1100 692 1143 720 64.
1171 693 1199 718 '0
1214 692 1279 724 Θεός
1297 702 1357 728 μου,
1374 694 1483 727 (pretist;
1496 692 1527 719 τὸ
1540 692 1633 723 σκότος
1648 700 1709 727 μου.

1099 737 1143 764 65.
1164 737 1225 763 ’Ὁτι
1241 739 1271 764 ὲν
1288 739 1328 764 σοὶ
1346 738 1515 773 ρυσθήσομαι
1533 737 1586 764 ἀπὸ
1601 735 1794 772 πειρατηρίου,

1099 784 1143 811 66.
1163 785 1218 811 Καὶ
1233 785 1261 811 ὲν
1276 783 1314 819 τῷ
1330 783 1388 819 Θεῷ
1403 793 1452 819 μου
1468 784 1655 819 ὑπερϐήσομαι
1669 783 1769 817 τεῖχος,

1099 830 1144 857 67.
1171 831 1199 856 '0
1216 830 1282 862 Θεός
1299 839 1361 865 μου,
1377 830 1520 865 ἄμωμοςὴ
1538 829 1595 860 ὁδὸς
1607 828 1688 856 αὑτοῦ
1700 837 1708 843 ·

1041 882 1050 906 ἰ
1099 875 1144 903 68.
1165 876 1205 902 Τὰ
1219 875 1295 910 λόγια
1307 877 1409 911 Κυρίου
1423 876 1619 912 πεπυρωμένα.

1098 922 1144 948 69.
1169 922 1390 958 Ὑπερασπιστής
1409 924 1467 950 ἐστι
1485 923 1592 949 πάντων
1613 922 1667 949 τῶν
1687 920 1856 953 ἐλπιζόντων

1062 967 1106 993 ἐπ’
1119 968 1200 994 αὐτόν
1209 976 1216 983 ·

1098 1015 1142 1042 76.
1163 1017 1223 1043 ’Ὁτι
1236 1017 1278 1048 τίς
1293 1016 1360 1048 Θεὸς
1376 1016 1445 1052 πλὴν
1458 1017 1504 1043 τοῦ
1518 1017 1637 1052 Κυρίουι

1099 1061 1142 1088 71.
1165 1062 1201 1088 Ἦ
1212 1062 1254 1094 τις
1270 1061 1336 1093 Θεὺς
1349 1062 1417 1098 πλὴν
1433 1062 1480 1088 τοῦ
1495 1062 1561 1089 Θεοῦ
1574 1062 1668 1098 ἡμῶν;

1100 1107 1143 1135 72.
1169 1108 1198 1134 '0
1212 1108 1277 1141 Θεὸς
1290 1109 1304 1135 ό
1317 1108 1506 1144 περιζωννύων
1523 1118 1556 1144 με
1570 1108 1696 1144 δύναμιν,

1101 1154 1145 1181 73.
1164 1155 1219 1182 Καὶ
1232 1154 1308 1181 ἔθετο
1320 1156 1433 1190 ἄμωμον
1446 1156 1495 1190 τὴν
1507 1155 1566 1181 ὁδόν
1579 1164 1628 1190 μου
1638 1164 1646 1171 ·

1100 1201 1143 1228 74.
1165 1201 1403 1237 Καταρτιζόμενος
1417 1201 1480 1232 τοὺς
1497 1201 1579 1233 πόδας
1593 1209 1644 1236 μου
1657 1201 1725 1227 ὡσεὶ
1741 1200 1854 1234 ἐλάφου,

1100 1247 1144 1274 75.
1164 1247 1220 1273 Καὶ
1234 1247 1281 1273 ὲπὶ
1293 1246 1327 1273 τὰ
1339 1246 1429 1281 ὑψηλὰ
1443 1246 1523 1272 ἱστῶν
1538 1255 1571 1281 με
1581 1253 1588 1260 ·

1098 1293 1144 1320 76.
1164 1294 1300 1320 Διδάσκων
1313 1294 1406 1329 χεῖράς
1423 1302 1472 1328 μου
1487 1293 1528 1325 εἰς
1540 1292 1666 1328 πόλεμον.

1099 1339 1144 1366 77.
1165 1340 1219 1366 Καὶ
1233 1339 1293 1366 ἔθου
1307 1339 1382 1371 τόξον
1394 1338 1511 1374 χαλκοῦν
1526 1339 1587 1370 τοὺς
1603 1337 1751 1374 βραχίονας
1766 1345 1819 1373 μου
1830 1345 1836 1351 -

785 1407 973 1435 ATHANASII
996 1405 1290 1434 INTERPRETATIO.

260 1467 354 1496 57-60.
373 1466 432 1494 Hoc
446 1466 522 1498 dicit,
535 1466 694 1500 quicunque
717 1465 854 1501 praesidet,
878 1465 960 1500 hujus
985 1470 1012 1492 et.

226 1522 316 1543 mores
333 1514 466 1546 imitatur,
479 1516 506 1539 et
518 1512 604 1546 partis
620 1518 733 1538 consors
746 1511 810 1540 erit.

261 1604 307 1632 6t.
328 1603 363 1631 Se
376 1602 409 1631 ad
427 1607 453 1630 te
465 1604 664 1630 convertentes.

260 1651 305 1678 62.
325 1649 494 1682 Pemonum,
510 1655 659 1684 eorumque
675 1652 852 1676 sectatorum.

260 1740 305 1767 65.
323 1738 422 1767 Oculos
439 1738 538 1766 mentis
552 1745 630 1766 meae.

259 1785 304 1814 δι.
324 1785 437 1812 Omnem
461 1784 651 1820 cogitationem
676 1791 692 1810 a
713 1781 822 1810 diabolo
837 1781 906 1808 clam
927 1780 953 1806 in
968 1786 1011 1806 me

226 1832 430 1860 disseminatam
444 1831 527 1858 veluti
540 1838 555 1857 a
569 1835 594 1857 te
611 1829 812 1864 procedentem,
831 1827 901 1853 hanc
918 1829 1010 1853 notam

227 1878 294 1906 mihi
307 1877 350 1905 fac
366 1878 481 1905 alienam
496 1885 512 1904 a
526 1881 553 1904 te
566 1883 638 1908 esse,
653 1879 682 1902 ut
695 1882 756 1902 eam
770 1872 910 1908 repellam.

261 1968 305 1996 65.
326 1968 348 1995 Α
364 1967 547 2002 voluptatibus
563 1966 635 1994 vitae.

262 2014 306 2042 66.
328 2012 479 2040 Diabolum.

261 2060 307 2087 67.
328 2059 438 2094 Singula
450 2058 509 2093 ejus
518 2057 645 2084 mandata
655 2055 756 2083 nullam
770 2054 1010 2089 reprehensionem

226 2107 336 2134 habent.

262 2152 307 2180 68.
328 2151 435 2181 Munda,
449 2155 475 2177 ct
488 2147 719 2184 splendidissima.

262 2197 307 2224 69.
326 2195 436 2226 Scilicet
452 2199 648 2230 propugnator,
666 2191 804 2226 defensor,
819 2197 922 2220 custos.

265 2243 310 2275 70,
325 2242 370 2268 7t.
390 2241 471 2268 Solus
487 2239 558 2266 Deus
572 2246 668 2271 verus;
685 2238 743 2273 ipse
756 2243 799 2265 cst
813 2237 885 2266 Deus
900 2238 928 2264 in
943 2237 1012 2265 coelo

225 2292 254 2316 et
268 2288 294 2315 in
310 2292 391 2315 terra.

263 2334 307 2360 72.
325 2332 428 2367 Spiritu
446 2334 550 2362 sancto,
566 2329 640 2357 dicit.

262 2380 307 2407 75.
323 2379 500 2405 Aberrantem
516 2384 530 2403 a
546 2383 640 2410 scopo,
656 2375 815 2410 praecipiens
829 2375 932 2410 angelis
941 2374 1008 2406 suis,

226 2431 256 2453 ut
270 2433 312 2452 mc
326 2423 494 2451 custodirent
501 2423 535 2449 ’⁵.

263 2471 306 2498 71.
323 2469 426 2502 ΕΙΥυρῑι,
443 2473 472 2496 ut
494 2477 544 2503 ego
561 2473 699 2503 serpentes
718 2473 744 2496 et
763 2468 931 2502 scorpiones,
951 2471 1011 2494 tan-

225 2526 306 2554 quam
323 2517 406 2550 cervi,
423 2515 609 2543 coneulcarem
625 2519 705 2550 atque
718 2515 880 2542 occiderem.

260 2564 304 2592 75.
323 2563 410 2598 Super
425 2566 559 2597 praecepta
579 2569 639 2588 sua.

261 2611 304 2638 76.
323 2610 438 2637 Mentem
453 2615 552 2640 meam,
576 2607 663 2642 inquit
681 2607 781 2634 armari
804 2611 899 2635 contra
914 2607 1011 2634 diobo-

223 2657 290 2685 lum.

261 2702 305 2729 77.
322 2701 446 2728 Validum
461 2698 574 2727 cﬂ'ceisti
599 2705 647 2725 cor
669 2706 758 2726 meum
786 2706 819 2726 ne
836 2706 879 2725 me
892 2699 942 2726 tela
957 2699 1009 2726 ini-

226 2748 288 2775 mici
302 2748 495 2774 interﬁcerent.

262 2824 284 2840 "
300 2824 372 2852 Psal.
392 2832 436 2856 Ic,
454 2824 497 2852 H.

1100 1463 1196 1490 57-60.
1218 1462 1302 1489 Τοῦτο
1322 1462 1406 1496 λέγει,
1420 1462 1494 1494 ὅστις
1515 1461 1680 1497 προεδρεύει,
1695 1462 1794 1488 τούτου
1808 1462 1858 1489 καὶ

1065 1510 1127 1541 τοὺς
1143 1509 1259 1544 τρόπους
1275 1506 1406 1544 μιμεῖται,
1422 1508 1470 1534 καὶ
1492 1510 1540 1543 τῆς
1556 1508 1663 1544 μερίδος
1677 1508 1792 1543 μέτοχος
1810 1517 1858 1543 γε·

1065 1556 1185 1590 νήσεται.

1100 1601 1143 1628 61.
1164 1601 1233 1632 Τοὺς
1248 1600 1469 1636 ἐπιστρέφοντας.

1098 1646 1142 1673 62.
1163 1646 1223 1673 Τῶν
1240 1647 1384 1682 δαιμόνων,
1398 1646 1446 1672 καὶ
1464 1645 1518 1672 τῶν
1542 1644 1791 1677 ὲξακολουθούντων
1807 1646 1857 1672 αὑ-

1061 1695 1128 1726 τοῖς.

1097 1741 1140 1769 65.
1161 1742 1231 1773 Τοὺς
1246 1741 1401 1777 ὀφθαλμοὺς
1413 1742 1462 1777 τῆς
1475 1741 1594 1773 διανοίας
1607 1741 1690 1768 αὑτοῦ
1707 1741 1798 1777 [pou].

1095 1786 1139 1813 64.
1162 1787 1254 1812 Πᾶσαν
1281 1785 1427 1820 ἐνθύμησιν
1442 1787 1471 1812 ὲν
1491 1786 1552 1821 ἐμοὶ
1570 1786 1774 1820 ὑποτπαρεῖσαν
1801 1785 1856 1811 ὑπὸ

1060 1832 1107 1858 τοῦ
1120 1831 1243 1858 διαϐόλου
1259 1831 1297 1863 ὼς
1311 1831 1390 1866 δῆθεν
1406 1830 1481 1866 παρὰ
1495 1830 1542 1858 σοῦ
1554 1829 1645 1862 οὖσαν,
1661 1829 1766 1865 ταύτην
1778 1830 1855 1864 γνὼ-

1061 1876 1135 1912 ρισόν
1151 1885 1196 1912 μοι
1210 1876 1352 1912 ἀλλοτρίαν
1370 1885 1417 1902 σου
1431 1876 1615 1912 ὑπάρχουσαν,
1628 1876 1671 1902 ἵνα
1683 1875 1786 1911 ταύτην
1801 1876 1856 1902 ἀπ-

1060 1922 1184 1958 ώσωμαι.

1095 1970 1141 1997 65.
1161 1969 1221 1996 Τῶν
1238 1970 1338 2005 ἡδονῶν
1351 1969 1398 1996 τοῦ
1412 1969 1480 2004 βίον.

1095 2016 1139 2042 66.
1160 2015 1211 2042 Τὸν
1226 2015 1357 2042 διάϐολον.
1546 2034 1556 2046 ι

1096 2061 1140 2088 67.
1161 2060 1272 2096 Μέμφιν
1289 2060 1415 2095 οὐδεμίαν
1428 2059 1482 2094 ἔχει
1500 2059 1601 2095 ἑκάστη
1615 2059 1709 2094 ἐντολὴ
1727 2060 1831 2086 αὑτοῦ·

1097 2151 1142 2178 68.
1162 2151 1289 2186 Καθαρὰ,
1305 2151 1532 2186 ὑπερέκλαμπρα.
1578 2152 1580 2154 ’

1096 2196 1140 2223 69.
1155 2196 1226 2222 Ἀντὶ
1243 2196 1288 2223 τοῦ
1305 2196 1471 2232 ὑπέρμαχος,
1492 2195 1657 2232 σκεπαστὴς,
1672 2196 1771 2232 φύλαξ.

1097 2240 1141 2272 70,
1159 2241 1203 2268 7|.
1226 2241 1310 2272 Μόνος
1329 2241 1395 2273 Θεὸς
1410 2241 1534 2276 ἀληθινός
1547 2251 1554 2258 ·
1571 2242 1652 2273 αὐτός
1667 2243 1726 2268 ἐστι
1740 2242 1810 2275 Θεὸς
1827 2244 1857 2270 έν

1026 2291 1047 2318 Ι)
1061 2286 1167 2322 οὐρανῷ
1186 2286 1231 2313 καὶ
1247 2287 1293 2313 ἐπὶ
1309 2288 1368 2322 γῆς.

1098 2332 1141 2358 72.
1163 2332 1199 2358 Τὸ
1216 2332 1292 2366 ἅγιον
1306 2331 1415 2367 Πνεῦμα
1429 2331 1512 2366 λέγει.

1097 2376 1142 2403 75.
1156 2377 1324 2403 Ἀπόσκο-πον
1346 2377 1532 2413 ἐντειλάμενος
1552 2379 1607 2409 τοῖς
1630 2378 1759 2412 ἀγγέλοις
1771 2380 1857 2406 αὖτνῇ

1061 2420 1249 2455 διαφυλάττειν
1265 2431 1309 2457 με.

1098 2466 1142 2492 74.
1164 2467 1348 2499 Καταπατεῖν,
1360 2468 1406 2494 καὶ
1423 2468 1544 2502 φονεύειν
1555 2469 1620 2500 τοὺς
1632 2468 1717 2503 ὄφεις
1729 2473 1776 2497 καὶ
1790 2472 1858 2503 τοὺς

1064 2511 1210 2546 σκορπίους
1225 2512 1336 2547 ἐποίησέ
1353 2521 1397 2547 με,
1415 2513 1452 2544 ὡς
1465 2514 1527 2545 τοῦς
1539 2514 1664 2548 ἐλάφους.

1100 2556 1143 2583 75.
1158 2557 1218 2584 Ἐπὶ
1232 2558 1281 2589 τὰς
1297 2558 1405 2590 ἐντολὰς
1419 2559 1512 2586 αὐτοῦ.

1099 2603 1141 2629 76.
1163 2603 1217 2638 Τὴν
1242 2603 1359 2631 διάνοιάν
1382 2613 1432 2639 μου
1457 2604 1529 2638 λέγει
1541 2604 1702 2631 ὁπλίσασθαι
1720 2606 1792 2632 κατὰ
1809 2607 1858 2634 τοῦ

1062 2647 1194 2674 διαϐόλου.

1097 2695 1141 2720 77.
1154 2695 1208 2730 Τὴν
1221 2695 1332 2731 καρδίαν
1345 2705 1394 2732 μου
1406 2697 1536 2732 ἐποίησας
1550 2697 1673 2733 ἰσχυρὰν,
1683 2698 1727 2725 ἵνα
1739 2697 1774 2725 τὰ
1788 2697 1857 2734 βέλη

1063 2738 1108 2766 τοῦ
1124 2739 1220 2776 ἐχθροῦ
1240 2741 1277 2776 μὴ
1292 2741 1436 2769 θανατοῦσι
1458 2751 1501 2778 με.
