1919 3051
63 85 108 111 τοι)
493 86 536 112 DE
556 85 694 114 TITULlS
714 84 1088 112 PSALMORUM.—-PSAL.
1111 83 1192 111 XVII.
1619 84 1674 114 710

92 142 134 170 78.
154 143 206 170 Καὶ
221 143 324 175 ἔδωκάς
343 152 386 179 μοι
401 145 608 180 ὑπερασπισμὸν
620 147 765 181 σωτηρίας.

851 147 872 175 Α
924 144 965 170 78.
989 143 1020 170 Ει
1037 143 1133 170 dedisti
1150 143 1216 169 mihi
1232 143 1426 177 protectionem
1444 141 1549 170 salutis.

94 189 135 216 79.
156 190 207 216 Καὶ
223 191 238 225 ή
253 190 327 222 δεξιά
347 200 393 218 σου
411 191 571 218 ἀντελάϐετό
589 202 649 227 μου·

926 189 968 216 79.
991 189 1022 215 Et
1039 190 1148 216 dextera
1164 193 1207 216 tua
1222 190 1341 224 suscepit
1355 197 1397 216 Ine
1413 199 1418 216 :

92 234 133 261 80.
153 236 205 261 Καὶ
221 236 237 270 ἠ
254 236 361 262 παιδεία
376 245 423 263 σου
438 237 583 272 ἀνώρθωσέ
602 242 637 272 με’
654 239 693 269 εἰς
708 237 782 269 τέλος
794 246 800 253 '

924 235 967 262 80.
989 235 1021 262 Et
1037 235 1180 269 disciplina
1197 240 1242 262 tua
1260 235 1378 262 correxit
1395 243 1438 262 me
1454 236 1481 262 in
1500 235 1579 263 finem
1597 245 1602 262 :

93 280 133 308 8|.
153 281 206 307 Καὶ
221 282 237 317 ὴ
254 282 361 308 παιδεία
376 290 421 308 σου
438 282 505 317 αὐτή
525 291 558 317 με
571 283 680 315 διδάξει,

924 282 968 308 81.
989 281 1021 308 Et
1037 281 1178 314 disciplina
1197 286 1252 313 tua,
1272 281 1329 315 ipsa
1348 289 1389 308 me
1406 282 1524 309 docebit.

92 326 132 353 82.
158 327 322 359 Έπλάτυνας
338 328 373 355 τά
387 328 544 364 διαδήματά
561 337 612 364 μου
630 329 757 356 ὑποκάτω
775 339 837 366 μου,

775 339 837 366 μου,
924 326 968 353 82.
990 326 1113 353 Dilatasti
1130 334 1241 360 gressus
1255 334 1330 353 meos
1343 327 1439 353 subtus
1455 334 1498 353 me
1511 335 1516 352 :

92 372 133 399 85.
152 373 206 400 Καὶ
222 374 272 400 οὐκ
284 374 417 409 ἠσθένησε
432 374 467 400 τὰ
481 374 539 410 ἴχνη
557 383 618 409 μου.

922 373 966 399 85.
987 372 1020 399 Et
1035 380 1088 399 non
1104 377 1167 399 sunt
1182 372 1317 399 infirmata
1333 373 1445 407 vestigia
1462 381 1532 400 mea.

92 419 132 446 84.
152 420 315 452 Καταδιώξω
329 421 391 452 τοὺς
409 420 522 456 ἐχθρούς
543 429 604 456 μου,
621 422 667 448 καὶ¹
686 421 838 456 καταλήψο-

923 419 967 446 8i.
989 419 1141 453 Persequar
1154 419 1281 446 inimicos
1296 427 1385 452 meos;
1404 424 1431 445 et
1443 419 1671 454 con-prehendam

61 474 104 501 μαι
117 466 212 497 αὐτούς
223 474 230 481 '

209 474 230 493 ..
889 464 948 492 illos
961 473 967 492 :

91 511 132 538 85.
151 513 204 538 Καὶ
220 513 269 539 οὐκ
281 513 536 549 ἀποττραφήσομαι,
551 514 602 545 ἓως
617 514 649 540 ἂν
663 514 835 541 ἐκλείπωσιν.

745 523 835 541 πτωσιν,
923 511 967 538 85.
989 509 1020 536 Ει
1036 518 1089 537 non
1107 514 1252 537 conVertar
1267 510 1354 538 donec
1368 511 1503 538 deﬁciant.

90 558 131 584 86.
157 558 290 593 Ἐκολίψω
305 559 468 591 αὐτοὺς,καὶ
483 560 513 586 οὺ
526 560 562 595 μὴ
576 559 706 586 δύνωνται
722 560 833 596 στῆναι·

828 569 833 574 ·
924 556 969 584 86.
990 556 1165 591 Confringam
1180 556 1258 589 illos;
1275 565 1324 584 nec
1340 562 1467 591 poterunt
1484 561 1574 584 stare:

91 603 131 630 87.
153 604 302 631 Πεσοῦνται
318 605 370 631 ὑπὸ
384 606 447 636 τοὺς
464 605 547 638 πόδας
563 614 625 640 μου.

922 601 966 629 87.
985 602 1090 629 Cadent
1105 602 1201 629 subtus
1221 602 1301 636 pedes
1315 611 1397 630 meos.

91 649 131 676 88.
152 650 206 676 Καὶ
223 649 393 686 περιέξωσάς
407 659 440 686 με
452 651 566 686 δύναμιν
580 652 619 682 εἰς
632 651 748 687 πόλεμον
758 659 765 666 ·

922 647 965 674 88.
988 647 1020 674 Et
1033 648 1198 682 praecinxisli
1214 657 1255 676 me
1273 649 1373 676 virtute
1392 650 1423 676 ad
1444 649 1542 676 bellum
1562 659 1567 676 :

89 695 129 722 89.
150 696 332 728 Συνεπόδισας
348 697 451 728 πάντας
468 698 530 729 τοὺς
546 698 778 733 ἐπανισταμένους
793 699 836 724 ἐπ’

922 695 966 722 89.
988 695 1020 722 Ει
1044 695 1223 730 supplautasti
1248 703 1342 724 omnes
1370 697 1540 730 insurgentes
1567 697 1593 723 in
1619 704 1671 729 me.

57 740 101 775 ἐμὲ
116 740 242 768 ὑποκάτω
260 751 321 777 μου.

296 751 321 769 υ.
888 741 984 769 subtus
999 749 1051 768 me.

85 787 125 814 90.
146 787 201 814 Καὶ
214 788 277 820 τοὺς
291 787 403 824 ἐχθρούς
418 797 468 824 μου
485 789 588 821 ἔδωκάς
604 798 650 824 μοι
665 789 748 816 νῶτον
758 797 765 805 ο

924 787 967 814 90.
988 787 1020 814 Et
1038 787 1165 815 inimicos
1180 795 1255 814 meos
1270 788 1368 816 dedisti
1387 789 1452 816 mibi
1471 789 1601 816 dorsum:

86 831 127 858 9L
146 833 202 859 Καὶ
215 834 278 865 τοὺς
292 834 437 869 μισοῦντας
457 844 490 870 με
504 834 715 870 ὲξωλόθρευσας.

639 843 715 867 υσας.
852 827 874 856 Β
922 833 967 860 91.
987 832 1020 860 Et
1036 833 1158 860 odientes
1175 841 1218 860 me
1232 834 1397 868 disperdisti.

86 877 127 905 92.
153 879 331 915 Ἑκέκραξαν,
346 881 393 907 καὶ
407 881 457 907 οὐκ
469 879 503 916 ἦν
517 882 531 907 ὁ
546 881 639 912 σώζων
649 889 656 896 ο

924 880 969 908 92.
989 879 1192 913 Clamaverunl,
1207 889 1258 908 nec
1272 886 1329 908 erat
1345 882 1391 915 qui
1409 882 1498 909 salvos
1514 882 1630 916 faceret;

85 924 125 952 95.
146 925 220 960 Πρὸς
233 925 343 961 Κύριον,
363 927 409 953 καὶ
425 927 475 954 οὐκ
490 928 649 962 εἰσήκουσεν
665 927 763 953 αὐτῶν.

728 927 763 953 ὒν.
923 926 967 953 95.
986 926 1027 953 Ad
1047 926 1210 960 Dominum;
1227 935 1275 954 nec
1289 927 1427 954 exaudivit
1441 936 1486 956 eos

84 969 125 997 94.
145 971 201 996 Kal.
225 971 346 998 λεπτυνῶ
363 973 460 1004 αὐτοὺς
481 973 546 1000 ὡσεὶ
563 972 642 1008 χνοῦν
664 972 734 999 κατὰ
752 972 836 1008 πρόσ-

924 971 967 999 94.
989 972 1022 1000 Ει
1037 973 1220 1000 comminuam
1236 981 1284 1000 eos
1301 978 1330 1001 ut
1343 975 1480 1008 pulverem
1500 981 1562 1002 ante
1576 975 1671 1003 faciem

54 1024 119 1043 ωπον
130 1017 231 1053 ἀνέμου
241 1027 249 1034 ·

221 1026 231 1044 .›
241 1027 249 1034 ·
889 1019 959 1045 venti
974 1028 979 1045 :

84 1063 124 1090 95.
151 1065 194 1096 Ὠς
207 1065 292 1100 πηλὸν
304 1065 438 1093 πλατειῶν
452 1065 538 1092 λεανῶ
550 1066 658 1098 αὐτούς,

924 1065 968 1092 95.
992 1064 1027 1093 Ut
1042 1065 1129 1092 lutum
1144 1065 1295 1100 platearum
1310 1065 1406 1094 delebo
1423 1074 1480 1094 cos.

83 1110 125 1137 96.
149 1111 245 1138 Ῥὕσαι
263 1121 296 1147 με
310 1113 364 1138 ἀπὸ
379 1112 538 1146 ἀντιλογιῶν
555 1111 620 1138 λαοῦ
634 1121 640 1128 ·

925 1111 969 1138 96.
989 1111 1070 1147 Eripe
1084 1120 1127 1139 me
1141 1112 1174 1139 de
1189 1112 1451 1140 contradictionibus
1467 1114 1577 1148 populi:

82 1156 123 1184 97.
143 1157 332 1192 Καταστήσεις
349 1167 383 1193 με
400 1159 440 1190 εἰς
454 1158 574 1193 κεφαλὴν
587 1158 680 1185 ἐθνῶν.

922 1157 967 1185 97.
987 1157 1143 1186 Conslitues
1159 1166 1202 1185 me
1216 1159 1242 1185 in
1260 1164 1341 1193 caput
1356 1160 1488 1194 gentium.

83 1201 123 1230 98.
142 1203 226 1234 Λαὸς,
240 1203 268 1229 ὃν
282 1204 332 1230 οὐκ
347 1203 442 1237 ἔγνων,
462 1203 603 1230 ἐδούλευσέ
621 1212 674 1239 μοι.

922 1203 966 1231 98.
989 1203 1109 1239 Populus
1127 1212 1208 1239 quem
1226 1212 1279 1232 non
1297 1205 1422 1240 cognovi,
1436 1206 1546 1233 servivit
1563 1206 1637 1233 mibi.

604 1281 789 1308 ATIlANASll
808 1281 1096 1310 INTERPRETATIO.

83 1358 122 1386 78.
132 1359 257 1391 Ἐδωκὰς
276 1368 321 1395 μοι
342 1359 396 1396 γὰρ
417 1361 625 1397 ὑπερασπισμὸν
648 1361 694 1388 τὸν
717 1361 832 1397 σταυρόν

921 1362 964 1390 78.
982 1361 1049 1389 Nam
1065 1362 1162 1391 dedisti
1178 1364 1245 1391 mihi
1261 1372 1370 1393 crucem
1397 1369 1472 1394 tuam
1487 1366 1514 1394 in
1529 1368 1670 1402 protectio-

53 1412 102 1431 σου.
886 1417 958 1436 nem.

83 1451 122 1479 79.
136 1452 163 1479 '0
181 1452 247 1484 Υἱός
261 1460 307 1478 σου
324 1452 486 1479 ἀντελάϐετό
504 1461 567 1488 μου.

922 1457 964 1484 79.
983 1457 1069 1484 Filius
1086 1461 1149 1485 tuus
1167 1458 1287 1493 suscepit
1301 1466 1353 1485 me.

81 1497 122 1531 80,
137 1499 180 1526 8|.
202 1499 241 1525 Τὺ
255 1498 410 1533 πτυλχεῦσαί
430 1506 470 1529 σε,
484 1498 568 1531 λέγει,
584 1498 630 1524 καὶ
647 1497 772 1531 γενέσθαι
786 1496 832 1524 ἇν-

921 1501 966 1535 80,
980 1502 1023 1529 81.
1051 1501 1200 1536 Pauperem
1215 1503 1309 1537 {inquit
1331 1507 1357 1530 et
1380 1503 1517 1532 hominem
1532 1509 1558 1532 te
1571 1505 1671 1533 factum

51 1541 150 1576 Θρωπον
166 1543 314 1579 ἀνώρθωσέ
332 1552 375 1578 με,
397 1543 442 1569 καὶ
457 1542 556 1575 διδάξει
571 1551 613 1578 με.

848 1541 868 1550 “
885 1554 955 1577 esse.
970 1548 1088 1575 correxit
1104 1556 1156 1580 me,
1176 1553 1202 1575 et
1216 1549 1324 1575 docebit
1336 1556 1388 1576 me.

81 1589 122 1617 8‘2.
136 1591 305 1622 Ἐπλάτυνας
325 1590 374 1625 τὴν
390 1589 503 1625 καρδίαν
522 1598 583 1624 μου,
599 1589 644 1615 τοῦ
668 1589 831 1625 πορεύεσθαί

919 1593 963 1621 82.
982 1593 1103 1621 Dilatasti
1129 1601 1176 1621 cor
1200 1602 1302 1628 meum,
1322 1599 1351 1622 ut
1368 1597 1540 1630 procederem
1567 1597 1594 1624 in
1621 1597 1671 1625 viis

52 1644 81 1669 με
95 1637 122 1662 ἐν
140 1638 199 1668 ταῖς
214 1636 284 1668 ὁδοῖς
299 1645 356 1663 σου.

190 1646 199 1668 ;
214 1636 284 1668 ὁδοῖς
299 1645 356 1663 σου.
885 1639 948 1665 luis.

80 1681 120 1708 83.
140 1683 172 1709 Ai
188 1682 354 1718 ἐνθυμήσεις
371 1691 432 1717 μου.

919 1684 963 1711 85.
982 1683 1166 1720 Cogitationes
1180 1693 1256 1712 meae.

81 1728 122 1756 84.
143 1729 338 1765 Περιγὲνωμαι
355 1729 409 1756 τῶν
425 1729 562 1764 λογισμῶν
578 1729 624 1755 τοῦ
637 1729 734 1766 ἐχθροῦ
751 1730 780 1756 ἐν
794 1730 832 1765 τῷ

918 1732 963 1758 Si.
981 1731 1166 1759 Consiliorum
1191 1732 1304 1765 inimici,
1320 1739 1414 1759 eorum
1440 1732 1572 1760 malitiam
1597 1739 1669 1762 ante-

50 1774 142 1808 φθάται
161 1786 195 1812 με
211 1777 262 1812 ’τὴν
278 1776 376 1803 κακίαν
390 1776 490 1803 αὐτῶν.

426 1776 490 1803 τῶν.
883 1778 1012 1804 vertendo
1026 1778 1113 1804 victor
1128 1785 1184 1805 ero.

79 1822 120 1848 83.
141 1823 196 1849 Kal.
209 1823 241 1849 οὔ
255 1822 394 1858 παύσομαι
407 1823 460 1854 ἕως
474 1823 507 1849 ἂν
523 1823 676 1849 ἀνιστῶσιν.

919 1823 962 1850 85.
978 1822 1034 1850 Nec
1049 1823 1172 1854 cessabo,
1190 1823 1276 1851 donec
1289 1824 1441 1860 insurgunt.

79 1868 119 1894 86.
139 1868 234 1902 Διώξω
250 1869 357 1900 αὐτοὺς,
372 1870 418 1895 καὶ
431 1869 481 1895 οὐκ
494 1869 709 1905 ἀντιστήσονται.

682 1878 709 1896 ιι.
917 1867 962 1895 86.
978 1867 1128 1902 Persequar
1143 1876 1200 1900 eos,
1217 1877 1266 1896 nec
1282 1870 1440 1897 consistent.

80 1913 119 1941 87.
132 1914 277 1947 ’Υποτάξω
293 1915 390 1947 αὐτοὺς
408 1915 453 1942 ὑπ’
470 1915 528 1950 ἐμέ.

918 1913 963 1940 87.
981 1913 1038 1941 Sub
1051 1922 1093 1940 me
1109 1922 1155 1941 eos
1171 1914 1325 1948 subjiciam.

79 1959 120 1987 88.
139 1960 317 1996 Περιέζωσάς
340 1969 373 1996 με
395 1961 444 1996 τὴν
458 1961 537 1997 χάριν
551 1961 597 1988 τοῦ
611 1961 688 1995 ἁγίου
706 1961 828 1995 Πνεῦμα-

920 1959 963 1987 88.
979 1960 1150 1987 Praecinxisti
1169 1967 1212 1987 me
1228 1961 1315 1995 gralia
1335 1961 1422 1989 sancti
1437 1961 1555 1997 Spiritus
1571 1962 1619 1995 tui,
1639 1966 1668 1990 ut

49 2005 88 2037 τῦς
111 2016 156 2033 σου
179 2008 208 2033 ἐν
233 2007 300 2042 αὐτῇ
327 2006 495 2039 ὁπλίζεσθαι,
515 2007 562 2034 καὶ
580 2007 755 2034 ἀνθίστασθαι
772 2016 806 2034 τα

749 2017 755 2034 ι
772 2009 832 2039 ταῖς
882 2006 941 2040 ipsa
959 2011 1082 2033 armatus
1099 2006 1201 2034 diaboli
1217 2007 1325 2034 insidiis
1341 2008 1507 2036 rcsisterem.

52 2052 194 2085 μεθώεἱαις
210 2052 259 2079 τοῦ
275 2052 409 2078 διαϐόλου.

80 2098 257 2130 89.”Εδωκάς
283 2106 327 2133 μοι
352 2098 475 2130 ἐξουσίαν
497 2101 592 2126 πατεῖν
623 2100 714 2127 ἐπάνω
745 2100 832 2134 ὄφεων

917 2097 960 2124 89.
985 2097 1150 2125 Potestalem
1176 2097 1243 2124 mihi
1268 2097 1366 2125 dedisti
1380 2098 1570 2126 deambulandi
1587 2107 1667 2134 super

49 2144 89 2170 καὶ
105 2146 254 2180 σκορπίων,
268 2145 315 2171 καὶ
329 2145 375 2171 ἐπὶ
390 2146 480 2172 πᾶσαν
495 2145 608 2180 δύναμιν
622 2146 668 2172 τοῦ
686 2146 793 2182 ὲχοροῦ.

909 2145 1022 2176 τρθιιιρδ
1045 2147 1072 2169 et
1089 2142 1248 2175 scorpiones
1274 2148 1301 2170 et
1326 2151 1408 2178 super
1420 2151 1528 2171 omnem
1546 2150 1667 2179 potesta.

845 2197 867 2224 Ῑ)
882 2192 934 2214 tem
949 2187 1061 2214 inimici.

79 2233 120 2261 90.
129 2235 255 2266 Ἔδωκάς
268 2244 312 2270 μοι
326 2234 423 2267 αὐτοὺς
441 2234 621 2271 ὑποχειρίους.

520 2234 621 2271 ιιρίους.
917 2232 961 2259 90.
980 2231 1034 2259 Eos
1050 2233 1114 2259 mibi
1129 2233 1278 2268 subjecisti.

79 2279 121 2306 9|.
141 2281 212 2312 Τοὺς
227 2280 373 2315 δαίμονας.

372 2296 373 2300 η
917 2278 961 2305 91.
980 2278 1130 2306 Dmmones.

79 2325 120 2358 92,
135 2326 180 2354 95.
201 2326 280 2353 Κατὰ
301 2327 331 2352 τὸ
354 2327 543 2362 γεγραμμένον
559 2327 587 2353 ἐν
604 2327 779 2362 Εὐαγγελίῳ·
802 2328 832 2354 Tl

917 2323 961 2356 92,
979 2324 1023 2351 95.
1044 2324 1279 2358 Quemadmodum
1305 2326 1331 2352 in
1362 2325 1508 2362 Erangelio
1536 2328 1665 2362 scriptum

47 2370 113 2404 ἡμῖν
126 2372 174 2399 καὶ
186 2372 246 2404 σοὶ,
269 2372 376 2406 Ἰησοῦ,
398 2373 443 2399 Υἱὲ
458 2373 509 2400 τοῦ
525 2373 597 2400 Θεοῦ
612 2373 664 2399 τοῦ
680 2374 805 2408 ﬁgi-[atat

908 2374 923 2396 at
941 2380 946 2396 :
963 2369 1032 2402 Quid
1047 2370 1130 2401 nobis,
1143 2375 1166 2396 et
1182 2370 1239 2402 tibi,
1252 2370 1317 2397 Iesu
1338 2369 1393 2397 Fili
1409 2371 1457 2398 Dei
1468 2371 1612 2400 altissimi?
1626 2382 1666 2400 ue-

47 2413 130 2450 ἥληες
143 2418 200 2452 πρὸ
217 2418 319 2452 καιροῦ
335 2418 501 2446 ἀπολέσθαι
517 2418 603 2452 ἡμᾶς.

600 2438 603 2444 ,
883 2415 946 2442 nisti
960 2420 1019 2442 ante
1034 2420 1134 2450 tentpus
1149 2415 1255 2450 perdere
1270 2424 1315 2443 nos
1326 2417 1358 2443 ".

80 2463 123 2491 94.
134 2464 232 2490 Ἢνίκα
249 2465 397 2500 ὲμῳυσήσω
410 2465 500 2496 αὐτοῖς
517 2464 625 2498 ἀφανεῖς
641 2465 810 2499 γενήσονται.

916 2460 960 2487 94.
978 2461 1046 2487 Cum
1062 2466 1155 2488 contra
1174 2470 1221 2489 eos
1242 2462 1384 2490 insulﬂabo
1399 2463 1577 2498 disperibunt.

78 2509 120 2536 95.
133 2509 281 2545 Ἑξαλείψω
295 2511 392 2542 αὐτοὺς
409 2511 441 2537 ἐκ
457 2511 504 2545 τῆς
519 2510 630 2544 καρδίας
648 2519 708 2546 μου.

624 2519 630 2542 ς
648 2519 708 2546 μου.
915 2505 960 2532 95.
979 2505 1016 2532 Ex
1033 2507 1114 2533 corde
1126 2514 1186 2533 meo
1199 2507 1312 2534 abolebo
1325 2515 1382 2534 eos.

79 2555 121 2582 96.
133 2556 230 2583 Ῥὖσαί
248 2565 280 2591 με
302 2557 334 2584 ὲκ
349 2556 404 2583 τῶν
419 2556 701 2592 ἀντιστρατευομένων
725 2557 753 2582 ἐν
775 2556 829 2587 τοῖς

914 2550 957 2577 96.
977 2551 1058 2586 Eripe
1083 2560 1126 2579 me
1148 2560 1182 2580 ex
1203 2553 1397 2588 voluptatibus,
1412 2562 1473 2588 qua:
1490 2555 1516 2581 in
1534 2555 1663 2583 membris

50 2600 151 2634 μέλεσίν
166 2610 218 2637 μου
236 2602 342 2637 ἡδονῶν.

880 2596 947 2623 meis
964 2597 1080 2624 militant
1094 2603 1188 2625 contra
1205 2607 1257 2626 me.

78 2646 120 2673 97.
140 2648 356 2683 Κατακυριεύειν
370 2657 403 2684 με
418 2647 471 2675 τῶν
484 2648 597 2675 ἐθνικῶν
611 2647 746 2684 πράξεων.

916 2640 960 2669 97.
976 2642 1015 2670 Ad
1029 2643 1224 2671 dominandum
1239 2645 1393 2672 actionibus
1406 2645 1573 2679 gentilitatis.

79 2691 120 2723 98,
133 2692 177 2720 99.
199 2693 266 2729 Περὶ
279 2693 326 2720 τοῦ
338 2693 513 2730 κηρύγματος
526 2693 579 2720 τῶν
590 2692 673 2720 ἐθνῶν
684 2693 766 2727 λέγει,
780 2695 826 2718 και

916 2689 959 2722 98,
972 2690 1017 2717 99.
1033 2690 1070 2718 De
1084 2692 1285 2726 praedicatione,
1303 2700 1364 2727 quae
1376 2693 1501 2727 gentibus
1527 2692 1598 2720 facta
1621 2697 1662 2720 est

47 2735 92 2770 τῆς
106 2737 229 2771 ὑπακοῆς
245 2738 341 2765 αὐτῶν.

882 2733 1012 2769 loquitur,
1032 2741 1059 2763 et
1071 2735 1104 2764 de
1117 2744 1209 2764 earum
1223 2737 1386 2765 obedientia.

78 2791 102 2808 "
119 2792 214 2822 Matth.
228 2801 284 2828 vm,
300 2794 345 2823 29.
