1919 3051
40 128 88 157 713

467 126 513 154 DE
532 123 670 155 TlTULIS
686 119 912 153 PSALMORUM.
931 140 965 145 -—
983 118 1081 151 PSAL.
1103 115 1196 150 Χνηι.

1604 118 1658 149 7M

70 183 96 212 6.
117 184 163 215 Εἰς
178 183 269 210 πᾶσαν
284 183 332 218 τὴν
345 181 397 218 γῆν
411 183 522 218 ἐξῆλθεν
536 184 550 210 ό
560 183 675 218 φθόγγος
694 182 783 209 αὐτῶν
793 190 800 196 ·
834 187 842 214 Α

906 181 932 209 6.
961 181 991 208 In
1003 188 1111 209 omnem
1126 184 1227 208 terram
1242 178 1327 206 exivit
1344 184 1430 208 sonus
1448 185 1565 207 eurum:

71 229 96 257 7.
116 228 169 256 Καὶ
183 229 224 261 είς
239 228 274 255 τὰ
297 228 404 264 πέρατα
426 229 476 265 τῆς
491 228 651 264 οἰκουμένης
666 229 700 256 τὰ
712 228 821 264 ῥήματα

36 275 134 303 αὐτῶν.

69 321 96 348 8.
123 321 166 348 Ἐν
180 321 219 356 τῷ
232 320 299 357 ἡλίῳ
312 320 388 348 ἔθετο
403 321 434 348 τὸ
448 321 580 357 σκήνωμα
595 321 677 347 αυτοῦ
687 327 694 335 ⁸

70 369 96 395 9.
117 368 173 394 Καὶ
195 367 275 399 αὐτὸς
299 368 336 399 ὡς
357 368 473 403 νυμφίος
491 367 705 403 ἐκπορευόμενος
721 367 752 393 ἐκ
769 375 822 393 πα-

37 413 98 439 στοῦ
112 413 205 444 αὐτου,

72 459 115 486 10.
141 457 346 492 Ἀγαλλιάσεται
360 458 398 490 ὡς
412 457 492 492 γίγας
505 457 617 493 δραμεῖν
631 457 689 484 ὁδὸν
704 456 786 485 αὐτοῦ
796 465 803 473 ·

68 540 112 567 11.
139 539 198 566 Ἀπ’
215 539 299 573 ἄκρου
315 537 362 565 τοῦ
375 538 519 574 οὖρανοῦή
540 537 629 571 ἔξοδος
646 538 741 570 αὐτοῦ,
761 550 762 553 π

70 585 112 612 l2.
132 585 220 612 Καὶτὸ
229 585 388 620 κατάντημα
397 584 479 610 αὐτοῦ
488 584 539 616 ἓως
547 585 632 620 ἄκρου
642 584 688 610 τοῦ
697 583 820 620 οὐρανοῦ·

67 631 112 658 15.
134 631 188 658 Καὶ
209 631 260 657 οὐκ
279 631 352 657 ἔστιν
373 630 401 662 ὃς
418 630 699 666 ἀποκρυεήσεταιτῆς
719 630 823 665 θέρμης

34 676 127 703 αὑτοῦ,

70 722 114 750 14.
140 723 169 749 '0
177 722 258 758 νόμος
267 721 369 757 Κυρίου
380 721 505 757 ἄμωμος,
518 721 689 757 ἐπιστρέφων
699 721 787 757 ψυχάς
796 729 802 736 ·

68 769 113 797 15.
140 770 172 796 Ἡ
194 769 331 805 μαρτυρία
352 768 454 804 Κυρίου
483 768 583 804 πιστὴ,
608 768 755 803 σοφίζουσα
776 768 823 804 νή-

33 825 96 844 ma.

905 227 930 254 7.
962 228 995 255 Et
1011 228 1038 255 in
1052 226 1121 254 ﬁnes
1137 226 1213 255 orbis
1231 231 1309 255 terra:
1332 226 1415 254 verba
1431 233 1538 254 eorum.

909 314 936 342 8.
956 314 984 341 In
999 314 1056 342 sole
1073 314 1166 349 posuit
1186 313 1392 341 tabernaculum
1409 321 1489 341 suum
1507 324 1513 341 :
1623 352 1628 358 φ

907 360 934 388 9.
960 359 993 387 Et
1012 360 1069 395 ipse
1091 366 1221 394 umquam
1244 367 1363 394 sponsus
1383 359 1534 394 procedens
1549 359 1583 387 de
1597 359 1660 387 tha-

873 406 947 433 lamo
967 414 1018 434 suo
1028 426 1035 437 .

908 453 952 480 10.
992 452 1145 480 Exsultavit
1171 457 1201 480 ut
1231 452 1307 488 gigas
1335 452 1369 480 ad
1395 451 1557 480 currendam
1584 452 1658 480 viam

873 506 951 525 suam
969 508 975 524 2

909 545 950 572 11.
967 544 990 570 Α
1005 550 1112 572 summo
1127 545 1196 572 coelo
1213 543 1332 579 egressio
1347 543 1416 578 ejus,

909 591 941 617 12
957 589 990 617 Et
1002 598 1133 617 occursus
1146 590 1205 625 ejus
1222 597 1309 625 usque
1324 590 1357 618 ad
1373 596 1510 618 summum
1531 590 1593 618 cmii
1615 597 1621 617 :

910 635 953 662 15.
969 634 1022 662 Nec
1034 639 1076 662 est
1088 635 1134 670 qui
1146 643 1175 662 se
1186 634 1337 663 abscondat
1350 643 1365 662 a
1376 636 1467 663 calore
1480 635 1553 670 cjus.

907 723 949 751 14.
965 722 1020 750 Lex
1034 722 1142 750 Domini
1158 722 1346 757 immaculata,
1358 727 1519 751 convertens
1531 723 1637 751 animas
1650 730 1657 751 :

910 770 955 797 15.
992 769 1192 797 Testimonium
1219 769 1329 797 Domini
1364 770 1462 804 lidcle,
1496 770 1657 805 sapientiam

873 819 1005 851 prmstans
1021 814 1153 849 parvulis.

68 861 113 889 16.
134 860 175 888 Τὰ
198 860 369 897 δικαιώματα
391 859 495 896 Κυρίου
521 859 622 892 εὐθέα,
645 859 842 895 εὐφραίνοντα]

908 860 952 888 16.
980 859 1096 888 iustitiae
1119 859 1227 887 Domini
1247 863 1339 891 rectae,
1359 859 1529 887 laetiﬁcantes
1550 858 1657 887 corda:

183 950 275 985 ἐντολὴ
286 951 387 986 Κυρίου
399 950 547 986 τηλαυγὴς,
556 950 710 984 φωτίζουσα
722 949 822 985 ὀφθαλ-

126 1043 156 1070 ’0
175 1042 256 1078 φόϐος
271 1041 374 1077 Κυρίου
390 1042 471 1076 ἁγνὸς
482 1061 490 1075 ,
514 1041 648 1077 διαμένων
675 1041 715 1073 είς
737 1040 824 1068 αἰῶνα

32 1090 174 1162 ἒ-ἵξῗςτὰ
187 1133 308 1169 κρίματα
319 1133 421 1170 Κυρίου
434 1133 559 1169 ἀληθινὰ,
572 1132 767 1168 δεδικαιωμένα
778 1133 824 1159 ἐπὶ

32 1180 63 1207 τὸ
78 1179 148 1208 αὐτὸ
156 1188 162 1194 ·

66 1225 114 1253 20.
128 1225 298 1262 Ἕπιθυμητὰ
314 1225 383 1262 ὑπὲρ
399 1225 511 1262 χρυσίον
527 1225 574 1252 καὶ
589 1224 661 1250 λίθον
675 1224 763 1260 τίμιον
775 1233 823 1251 πο-

32 1270 81 1298 λύν
94 1279 102 1286 ·

67 1317 114 1345 21.
137 1318 192 1344 Καὶ
207 1317 362 1353 γλυκύτερα
381 1317 450 1353 ὑπὲρ
465 1316 525 1352 μέλι
542 1316 590 1343 καὶ
606 1316 711 1352 κηρίον.

67 1365 114 1392 92.
136 1365 192 1392 Καὶ
205 1365 258 1401 γὰρ
269 1366 283 1392 6
297 1364 387 1397 δοῦλός
404 1373 450 1391 σου
465 1364 595 1400 φυλάσσει
615 1364 698 1391 αὐτά·

912 949 955 977 17.
971 950 1137 986 Praeceptum
1153 949 1261 979 Domini
1272 950 1405 983 lucidum.
1417 950 1576 979 illuminans
1590 958 1659 980 ocu‘

875 995 926 1024 los.

911 1041 955 1069 18.
975 1041 1069 1069 Timor
1084 1040 1190 1069 Domini
1203 1046 1324 1075 sanctus.
1340 1050 1505 1078 permanens
1523 1043 1553 1070 in
1568 1049 1657 1070 saecu-

874 1087 930 1115 lum
949 1087 1042 1115 saeculi
1057 1094 1064 1114 :

912 1133 956 1160 19,
983 1132 1090 1160 Judicia
1114 1132 1223 1160 Domini
1244 1140 1320 1166 vera,
1338 1132 1489 1168 iustificata
1506 1132 1535 1160 in
1557 1137 1659 1161 semet‘

874 1179 934 1214 ipsa
952 1186 959 1206 :

912 1224 957 1252 20.
974 1223 1169 1252 Desiderabilia
1188 1231 1270 1260 super
1287 1230 1397 1256 aurum,
1419 1229 1446 1252 et
1466 1223 1584 1259 lapidem
1597 1231 1660 1260 pre»

876 1270 976 1298 tiosum
991 1269 1106 1297 multum
1123 1277 1131 1296 :

909 1316 954 1343 2|.
971 1315 1005 1343 Et
1018 1316 1138 1344 dulciora
1159 1323 1239 1351 super
1257 1316 1310 1344 mel
1326 1321 1354 1345 et
1364 1315 1469 1344 favum.

911 1362 957 1390 22.
982 1361 1091 1390 Etenim
1107 1368 1204 1390 servus
1220 1367 1284 1391 tuus
1300 1363 1419 1392 custodit
1436 1371 1469 1391 ea
1482 1373 1490 1392 ι

599 1453 788 1482 ATHANASII
809 1453 1100 1482 INTERPBETATIO.

67 1544 97 1572 6.
117 1544 166 1576 Είς
188 1543 242 1571 πᾶν
262 1543 337 1576 ἔθνος
354 1543 401 1570 καὶ
420 1543 499 1577 γένος
514 1542 619 1579 διεδόθη
634 1542 651 1578 ὴ
667 1542 842 1571 διδασκαλίαι

913 1543 938 1571 ϐ.
968 1543 996 1570 In
1014 1550 1109 1570 omnes
1122 1547 1226 1579 gentes,
1240 1551 1272 1572 ac
1286 1544 1411 1572 nationes
1427 1552 1523 1573 eorum
1539 1545 1661 1574 doctrina

29 1590 138 1619 αὐτῶν.

67 1637 96 1665 7.
119 1636 176 1663 Καὶ
200 1635 329 1670 περιῆλθε
351 1636 386 1663 τὰ
410 1636 522 1671 ῥήματα
552 1634 651 1668 αὐτῶν,
667 1633 731 1662 ἔνθα
752 1635 825 1662 ἐστὶν

27 1684 181 1719 ἄνθρωπος
199 1682 244 1709 ἐπὶ
258 1682 308 1717 τῆς
325 1682 386 1717 γῆς.

67 1728 97 1756 8.
113 1728 159 1754 Ἐν
173 1727 213 1762 τῷ
224 1727 280 1763 Υἰῷ
294 1727 370 1753 ἔθετο
382 1727 445 1759 τοὺς
458 1727 580 1759 πιστούς.

65 1776 96 1804 9.
112 1775 142 1803 ⁸0
157 1775 237 1808 αὐτὸς
252 1774 354 1811 Κύριος
367 1776 399 1802 ὲκ
413 1773 460 1801 τοῦ
475 1772 588 1809 οὐρανοῦ
603 1773 758 1809 ἐρχόμενος.

67 1821 118 1849 10.
138 1821 195 1857 Τὴν
211 1821 360 1858 παρουσίαν
372 1820 452 1847 αὐτοῦ
468 1819 605 1855 σημαίνει.

66 1868 192 1896 11.¹’οτε
208 1867 311 1894 ἔκλινεν
323 1867 463 1903 οὐρανοὺς,
479 1866 525 1893 καὶ¹
542 1865 655 1901 κατέϐη.

68 1914 120 1942 12.
140 1913 196 1949 Τὴν
212 1913 303 1940 ἄνοδον
317 1912 400 1940 αὑτοῦ
416 1913 500 1947 λέγει.

68 1960 118 1987 15.
138 1958 195 1994 Τὴν
213 1958 304 1986 πίστιν
321 1958 414 1986 αὐτοῦ.

69 2004 118 2032 14.
131 2003 162 2031 ’0
183 2002 247 2034 Υἱὸς
262 2003 309 2030 τοῦ
329 2003 397 2030 Θεοῦ
420 2002 622 2039 ἀναμάρτητος,
636 2001 674 2034 ὡς
689 2001 755 2034 Θεὸς
769 2002 828 2028 Em—

30 2050 166 2087 στρέφων
180 2051 213 2077 ἐκ
228 2050 340 2081 σκότους
356 2049 405 2081 τὰς
418 2048 507 2084 ψυχὰς
519 2048 573 2076 τῶν
586 2048 736 2084 ἀνθρώπων
749 2049 788 2080 είς
797 2048 828 2076 τὸ

28 2097 95 2132 ςῶς
113 2096 198 2123 αὑτοῦ
215 2095 245 2123 τὸ
259 2095 424 2130 Θαυμαστόν.

70 2144 120 2172 15.
130 2143 195 2170 Ὅτε
206 2141 396 2177 ἐμαρτύρησεν
410 2141 439 2168 ὲν
454 2140 493 2175 τῷ
507 2140 564 2175 ὄρει
574 2140 588 2166 ό
599 2139 695 2175 Πατὴρ
707 2139 770 2175 περὶ
783 2138 827 2166 τοῦ

28 2188 103 2216 Υῐοῦ
125 2187 220 2220 αὑτοῦ,
238 2188 279 2214 ὅτι
296 2187 377 2219 αὐτὸς
393 2187 466 2213 ἐστιν
477 2186 492 2212 ὁ
506 2185 650 2221 μονογενὴς
661 2184 743 2212 αὑτοῦ
751 2185 826 2219 Υἱὸς,

27 2235 83 2262 καὶ
98 2232 271 2260 ἐπιστώσατο
285 2233 348 2264 τοὺς
365 2231 488 2268 μαθητὰς
505 2230 598 2258 αὑτοῦ.

73 2280 120 2307 16.
143 2279 184 2306 Τὰ
201 2278 380 2313 δικαιώματα
396 2278 504 2312 Κυρίου
515 2276 589 2303 οὐδὲν
602 2275 707 2311 ἔχουσιν
723 2275 828 2307 ἑαυτοῖς

28 2325 147 2353 σκολιὸν
160 2325 221 2351 οὐδὲ
235 2323 462 2360 στραγγαλιῶδες,
477 2322 545 2349 ἀλλὰ
560 2321 647 2348 πάντα
661 2321 739 2357 όροα.

74 2375 120 2401 17.
135 2373 168 2399 Ἠ
191 2372 283 2407 ἐντολὴ
300 2371 402 2407 Κυρίου
426 2369 542 2405 καθαρὰ,
561 2368 671 2404 ἰωμένη,
693 2368 739 2395 καὶ
762 2367 830 2403 λαμ.

27 2421 184 2456 πρὺνουσα
198 2418 261 2450 τοὺς
273 2417 428 2452 ὀφθαλμοὺς
441 2415 494 2442 τῶν
507 2415 636 2450 καρδιῶν.

74 2465 121 2492 18.
132 2463 218 2491 Ἔνθα
234 2464 248 2490 ό
262 2462 343 2498 φόϐος
358 2462 470 2497 Κυρίου,
485 2459 565 2495 ἁγνὸς
582 2460 684 2490 ἐκεῖνος
697 2459 711 2485 ὁ
726 2457 829 2494 ἄνθρω-

26 2518 90 2542 πος
106 2509 231 2544 διαμένει
244 2508 291 2536 καὶ
302 2508 332 2534 ἐν
343 2506 383 2542 τῷ
392 2506 439 2533 νῦν
453 2506 501 2533 καὶ
514 2506 543 2532 ὲν
553 2504 592 2540 τῷ
605 2503 728 2540 μέλλοντι
739 2503 827 2531 αἰῶνι.

73 2555 121 2584 19.
143 2555 165 2581 Τ
167 2555 184 2581 dt
198 2553 370 2588 θεσπίσματα
385 2551 433 2579 τοῦ
449 2550 552 2588 Κυρίου
566 2549 668 2585 ἀψευδῆ
686 2557 828 2585 μεμαρτυ-

27 2602 160 2639 ρημένα,
175 2600 216 2628 ὃτι
239 2599 305 2628 αὐτὸ
326 2599 405 2626 τοῦτό
425 2599 500 2625 εστιν
514 2597 528 2624 ὃ
544 2596 665 2631 λέγουσι,
691 2595 738 2623 καὶ
755 2595 830 2622 οὐδὲν

25 2650 153 2684 ἓτερον·
169 2646 226 2674 εἴτε
239 2646 302 2682 περὶ
317 2646 368 2681 τῆς
382 2643 602 2681 μισθαποδοσίας,
618 2643 673 2670 the
692 2642 756 2678 περὶ
771 2642 832 2678 κρι-

24 2703 112 2726 σεως
125 2692 292 2729 διηγοῦνται.

68 2739 122 2769 20.
145 2740 208 2771 Tot;
220 2736 378 2774 ἐκζητοῦσιν
390 2736 486 2765 ταῦτα.

69 2786 123 2814 2|.
143 2784 205 2816 Τοῖς
219 2783 354 2811 συνιοῦσιν
370 2783 449 2811 αὐτά.

69 2831 124 2860 ﬁ.
137 2831 168 2858 ὀ
180 2829 273 2861 δοῦλός
289 2838 336 2856 σου
349 2829 479 2865 ὑπάρχων
493 2827 623 2864 φυλάσσει
639 2825 719 2854 αὐτὰ.

165 2889 305 2918 ΡΑτιιοι..
330 2887 390 2919 Gn.
420 2886 551 2917 XXVII.

877 1589 1055 1617 disseminata
1072 1593 1123 1617 est.

913 1635 938 1663 7.
968 1635 1001 1663 Et
1016 1635 1098 1663 verba
1120 1643 1215 1663 eorum
1232 1641 1416 1671 pervenerunt
1441 1637 1596 1673 ubicunqua
1607 1643 1662 1667 ter-

875 1690 968 1710 rarum
985 1683 1109 1710 homines
1130 1686 1203 1711 sunt.

909 1730 937 1757 8.
955 1729 1063 1757 Fideles
1081 1729 1108 1756 in
1123 1729 1192 1757 Filio
1208 1729 1310 1765 posuit.

910 1775 937 1803 9.
959 1774 1019 1810 Ipse
1034 1774 1167 1802 Dominus
1191 1782 1207 1803 c
1226 1775 1297 1803 ccelo
1314 1775 1436 1804 veniens.

917 1820 961 1848 10.
981 1820 1133 1848 Adventum
1151 1828 1232 1848 suum
1256 1820 1401 1855 significat.

915 1867 957 1894 11.
974 1867 1089 1900 Quando
1107 1866 1247 1894 inclinavit
1266 1866 1361 1898 corios.
1378 1871 1405 1894 et
1417 1866 1565 1896 descendit.

915 1914 958 1942 12.
984 1914 1179 1942 Ascensionem
1196 1921 1274 1942 suam
1294 1913 1440 1949 signiﬁcat.

915 1958 958 1987 15.
975 1960 998 1986 Α
1014 1960 1066 1987 [ide
1082 1967 1143 1988 sua.

912 2005 956 2032 11.
985 2004 1069 2032 Filius
1086 2004 1132 2032 Dei
1146 2003 1341 2040 impeccabilis,
1364 2009 1395 2031 ut
1408 2004 1479 2032 Deus
1500 2007 1664 2032 convertens

877 2059 891 2079 a
907 2051 1027 2079 tenebris
1045 2050 1153 2078 animas
1171 2050 1312 2077 hominum
1333 2049 1359 2077 in
1375 2049 1566 2078 admirabilem
1585 2058 1663 2079 suam

877 2097 976 2124 lucem.

914 2143 957 2170 15.
988 2141 1103 2175 Quando
1115 2141 1195 2169 Pater
1210 2142 1238 2168 in
1258 2146 1350 2169 monte
1369 2141 1557 2170 testimonium
1573 2142 1664 2178 perhi-

877 2189 936 2217 buit
957 2189 991 2216 dc
1004 2188 1073 2216 Filio
1089 2195 1150 2220 suo,
1167 2188 1240 2224 quod
1262 2187 1320 2223 ipse
1339 2193 1382 2216 est
1407 2188 1492 2216 Filius
1514 2196 1583 2217 suus
1602 2189 1666 2217 uni-

841 2220 864 2248 θ
879 2235 996 2270 genitus,
1009 2239 1037 2262 et
1053 2220 1201 2270 discipulos
1218 2220 1281 2268 ejus
1298 2235 1325 2262 in
1341 2235 1393 2262 fide
1410 2235 1593 2263 conﬁrmavit.

917 2277 961 2304 16.
991 2276 1111 2304 Iustitia:
1135 2277 1244 2304 Domini
1266 2277 1334 2304 nihil
1364 2284 1539 2312 perversum»
1554 2277 1666 2311 habent,

882 2323 950 2350 nihil
964 2322 1120 2355 distortum,
1137 2323 1184 2350 sed
1201 2323 1293 2350 omnia
1309 2327 1393 2351 recta.

882 2366 886 2371 ’
919 2369 963 2397 17.
988 2369 1090 2397 Purum
1105 2373 1148 2397 est
1163 2369 1322 2397 mandatum
1336 2368 1444 2397 Domini
1461 2375 1573 2401 sanans,
1587 2373 1615 2396 ct
1634 2369 1665 2396 il-

882 2415 1003 2443 lustrans
1015 2415 1110 2442 oculos
1125 2415 1227 2443 cordis.

919 2462 963 2490 18.
991 2459 1044 2489 Ubi
1067 2466 1110 2489 est
1135 2462 1218 2488 timor
1234 2461 1353 2495 Domini,
1370 2468 1455 2496 purus
1476 2453 1570 2488 manét
1584 2460 1667 2489 homo

882 2508 936 2540 ille,
949 2510 978 2535 et
989 2507 1016 2534 in
1030 2506 1158 2542 praesenti
1171 2511 1199 2534 et
1213 2507 1242 2534 in
1258 2506 1351 2535 futuro
1363 2507 1472 2536 saeculo.

918 2552 962 2580 19.
987 2550 1105 2579 Oracula
1117 2550 1225 2578 Domini
1241 2552 1301 2579 sine
1315 2551 1459 2579 mendacio
1471 2555 1499 2579 et
1511 2549 1667 2580 testiﬁcata.

880 2597 953 2634 quod
967 2597 1019 2625 hoc
1037 2597 1126 2632 ipsum
1138 2601 1192 2630 est,
1206 2597 1280 2632 quod
1292 2597 1446 2631 enuntiarit,
1461 2601 1490 2624 et
1500 2595 1567 2624 nihil
1581 2595 1666 2626 aliud,

880 2644 938 2672 sive
961 2643 995 2671 de
1008 2642 1142 2671 mercedis
1154 2643 1345 2676 retributione,
1371 2646 1430 2672 sive
1446 2642 1482 2671 de
1502 2640 1606 2678 judicio
1634 2642 1665 2667 Io

881 2695 1012 2725 quatitur.

918 2733 963 2760 ‘20.
988 2731 1200 2768 Exquirontibus
1213 2733 1281 2760 haec.

920 2778 966 2806 21.
996 2777 1213 2813 lntelligentibus
1230 2778 1301 2814 ipsa.

920 2824 966 2852 22.
994 2824 1045 2857 Qui
1064 2831 1160 2852 servus
1175 2827 1239 2853 tuus
1252 2828 1303 2858 est,
1319 2823 1436 2851 custodit
1453 2830 1495 2850 ea.

1469 2880 1508 2910 23
