1919 3051
262 129 318 156 ιΉΰ
679 127 708 154 S.
727 125 914 155 ATHANASII
933 125 1007 155 OPP.
1028 126 1120 154 PARS
1139 125 1183 154 lll.
1202 141 1237 147 —-
1254 124 1464 154 EXEGETICA.
1839 124 1888 152 716

301 191 346 218 25.
371 189 401 218 ln
418 188 602 218 custodiendis
617 189 671 217 illis
682 189 828 217 retributio
843 188 940 216 multa.

298 236 344 264 ει.
365 235 468 263 Delicta
490 235 551 270 quis
568 234 714 269 intelligit?

296 282 347 309 25.
364 282 405 309 Ab
417 281 532 310 occultis
546 280 614 309 meis
627 280 728 308 munda
744 288 788 308 me
801 289 809 307 :

299 327 343 354 26.
362 326 396 354 Et
409 327 444 354 ab
458 326 554 354 alienis
570 333 651 362 parce
671 333 752 354 servo
767 330 824 353 tuo.

300 373 345 399 27.
364 371 393 398 Si
412 371 465 398 mei
479 378 534 399 non
552 370 654 398 fuerint
666 369 810 404 dominati,
827 374 893 398 tunc
916 369 1050 398 immacu-

267 418 338 444 latus
352 424 399 444 ero
415 426 422 443 :

300 463 345 490 28.
363 462 397 489 Et
413 462 583 490 emundabor
602 470 618 490 a
635 462 735 490 delicto
751 462 883 490 maximo.

301 508 346 536 29.
368 507 401 536 Et
414 513 495 536 erunt
515 513 546 536 ut
561 509 747 544 complaceant
768 509 877 544 eloquia
900 508 957 536 oris
973 507 1050 535 mei:

304 599 349 628 50.
382 599 416 626 Et
431 599 572 627 meditatio
596 599 688 627 cordis
711 599 765 626 mei
791 599 818 627 in
842 605 988 636 conspectu
1004 605 1052 629 tuo

268 653 383 680 semper.

304 693 348 720 5|.
375 691 490 719 Domine
505 691 614 727 adjutor
627 699 715 724 meus,
734 695 762 719 et
777 692 933 728 redemptor
962 700 1050 721 mens.

349 759 382 787 In
395 760 484 795 ﬁnem,
509 759 626 794 psalmus
646 759 742 787 David.
761 759 867 787 PSAL.
892 759 971 787 XIX.

306 828 331 854 1.
350 826 484 854 Exaudiat
504 830 529 854 te
546 825 677 854 Dominus
699 826 727 853 in
742 825 786 854 die
805 825 1014 855 tribulationis:

304 871 332 899 2.
348 871 475 907 Protegat
491 875 518 899 te
532 878 632 898 nomen
662 870 709 898 Dei
723 870 817 898 Iacob.

305 919 332 945 5.
348 917 437 945 Mittat
453 917 501 945 tibi
518 917 650 945 auxilium
665 918 699 945 de
713 923 830 946 sancto:

305 964 332 991 4.
350 963 383 991 Ει
399 963 433 992 de
446 963 512 991 Sion
527 968 637 991 tueatur
657 968 693 992 te.

306 1011 333 1038 5.
349 1009 453 1038 Memor
463 1009 499 1038 sit
512 1010 602 1038 omnis
616 1009 744 1038 sacriﬁcii
758 1009 796 1037 tui
810 1019 818 1037 :

303 1055 331 1083 6.
351 1054 383 1082 Et
399 1055 588 1082 holocaustum
604 1059 681 1082 tuum
696 1054 795 1090 pingue
810 1053 868 1081 tlat.
912 1077 914 1080 .

309 1101 336 1130 7.
353 1101 467 1129 Tribnat
483 1101 532 1129 tibi
551 1101 700 1129 secundum
720 1108 768 1128 cor
782 1105 857 1128 tuum
875 1109 882 1127 z

303 1147 332 1175 8.
349 1147 382 1175 Et
394 1155 475 1176 omne
489 1147 633 1175 consilium
645 1151 723 1174 tuum
741 1146 894 1173 conﬁrmet.

308 1192 335 1220 9.
354 1192 518 1220 Laetabimur
538 1193 565 1219 in
581 1191 693 1220 salutari
710 1195 757 1218 tuo
771 1199 778 1217 :

309 1238 352 1266 l0.
369 1238 405 1266 Et-
416 1239 443 1266 in
457 1238 567 1266 nomine
580 1238 628 1266 Dei
640 1238 727 1266 nostri
741 1235 983 1273 magniﬁcabimur.

1059 191 1083 219 Α
1130 187 1174 215 23.
1189 188 1232 214 'Ev
1243 187 1283 222 τῷ
1294 187 1439 221 φυλάσσειν
1453 185 1522 213 αὐτὰ
1535 184 1712 216 ἁνταπόδοσις
1727 183 1830 221 πολλή.

1133 233 1177 260 24.
1198 233 1410 268 Παραπτώματα
1424 232 1465 264 τίς
1481 232 1607 267 συνήσει;

1133 278 1179 306 25.
1193 279 1240 305 Ἐκ
1254 278 1308 304 τῶν
1324 276 1446 312 κρυφίων
1461 285 1510 312 μου
1527 275 1674 312 καθάρισόν
1691 283 1725 310 με
1735 283 1743 291 ·

1133 324 1178 352 26.
1199 325 1253 351 Καὶ
1267 323 1320 350 ἀπὸ
1334 323 1480 359 ἀλλοτρίων
1495 323 1586 357 φεῖσαι
1598 321 1644 348 τοῦ
1663 321 1756 349 δούλου
1775 330 1836 350 σου.

1134 370 1180 398 27.
1193 370 1254 397 Ἐὰν
1268 370 1305 406 μή
1319 378 1368 405 μου
1382 368 1624 405 κατακυριεύσωσι,
1632 368 1693 394 τότε
1703 368 1824 404 ἄμωμος
1834 368 1890 395 ἔσο-

1102 425 1150 452 μαι

1134 463 1180 490 28.
1199 462 1254 489 Kal
1267 461 1503 497 καθαρισθήσομαι
1517 460 1571 487 ἀπὸ
1585 459 1722 496 ἁμαρτίας
1736 459 1873 495 μεγάλης.

1135 508 1181 536 29.
1201 508 1256 535 Kal
1272 508 1377 535 ἔσονται
1390 508 1430 539 είς
1443 507 1567 534 εὐδοκίαν
1581 506 1615 533 τὰ
1626 506 1704 541 λόγια
1720 505 1769 532 τοῦ
1787 506 1891 541 πόριν

1101 555 1146 586 τός
1161 563 1210 590 μου

1136 599 1180 627 30.
1200 599 1254 626 Kal
1276 599 1293 634 ή
1318 598 1416 634 μελέτη
1438 599 1487 634 τῆς
1508 597 1621 633 καρδίας
1641 606 1692 633 μου
1707 597 1827 625 ἐνώπιόν
1845 605 1891 623 σου

1101 646 1255 678 διαπαντός.

1135 694 1179 721 5L
1201 693 1287 729 Κύριε
1304 692 1384 729 βοηθέ
1401 701 1462 728 μου,
1479 693 1526 720 καὶ
1541 691 1665 728 λυτρωτά
1683 700 1746 727 μου.

1153 761 1205 794 Εἰς
1220 760 1253 787 τὸ
1269 760 1365 793 τέλος,
1379 759 1499 795 omne;
1509 758 1550 792 τῷ
1565 758 1662 786 Δαϐιδ.
1677 759 1765 786 ΨΔΔ.
1779 758 1837 785 ιθ.

1137 826 1164 854 1.
1177 826 1340 853 Ἐπακούσαι
1354 835 1400 853 σου
1414 826 1516 862 Κύριος
1527 827 1554 852 ὲν
1567 826 1658 862 ἡμέρᾳ
1673 825 1790 860 θλίψεως
1799 833 1808 839 ”

1137 873 1164 900 2.
1177 873 1378 909 ’Υπερασπίσαι
1396 881 1443 899 σου
1460 872 1490 899 τὸ
1501 872 1586 908 ὄνομα
1599 871 1646 899 τοῦ
1660 871 1728 899 Θεοῦ
1746 870 1858 899 Ἰακώϐ.

1138 920 1165 948 5.
1179 919 1381 952 Ἐξαποστείλαι
1395 928 1436 945 σοι
1453 919 1575 955 βοήθειαν
1590 918 1620 951 ἐξ
1635 918 1728 953 ἁγίου·

1138 966 1165 993 4.
1186 966 1241 992 Καὶ
1257 966 1289 992 ὲκ
1306 965 1375 992 Σιὼν
1388 965 1556 993 ἁντιλάὸοιτό
1572 971 1629 992 σου’

1141 1012 1166 1040 5.
1187 1011 1328 1047 Μνησθείη
1348 1011 1438 1047 πάσης
1454 1011 1549 1043 θυσίας
1565 1019 1628 1038 σου³

1140 1057 1167 1085 6.
1188 1057 1243 1084 Kal
1255 1057 1285 1084 τὺ
1297 1056 1475 1092 ὁλοκαύτωμά
1485 1065 1532 1083 σου
1546 1055 1677 1083 πιανάτω.

1141 1103 1169 1130 7.
1187 1103 1247 1139 Δῴη
1265 1111 1306 1129 σοι
1321 1103 1423 1138 Κύριος
1439 1102 1509 1129 κατὰ
1521 1103 1569 1138 τὴν
1583 1101 1695 1137 καρδίαν
1708 1108 1756 1128 σου

1140 1150 1167 1178 8.
1188 1150 1243 1176 Καὶ
1257 1150 1346 1176 πᾶσαν
1360 1149 1409 1184 τὴν
1425 1148 1522 1184 βουλήν
1537 1157 1585 1175 σου
1600 1146 1751 1183 πληρώσαι.

1140 1196 1167 1224 9.
1181 1194 1415 1230 ’Δγαλλιασόμεθα
1429 1194 1476 1222 ἐπὶ
1489 1193 1528 1230 τῷ
1544 1194 1669 1229 σωτηρίῳ
1686 1201 1732 1220 σου
1742 1199 1750 1207 ·

1139 1240 1184 1268 10.
1200 1241 1254 1268 Kal
1271 1241 1301 1267 ὲν
1320 1239 1432 1276 ὀνόματι
1454 1231 1556 1276 Κυρίου
1571 1239 1638 1266 Θεοῦ
1656 1238 1736 1275 ἡμῶν
1761 1237 1891 1273 μεγαλυν-

1105 1286 1254 1323 θησόμεθα.

831 1369 1019 1398 ATHANASII
1040 1368 1335 1398 INTERPRETATIO.

309 1461 356 1490 25.
388 1460 419 1489 In
451 1458 592 1488 servandis
619 1458 674 1485 illis
699 1457 814 1493 quisque
847 1461 973 1485 nostrum
1002 1463 1052 1492 pro

275 1507 496 1537 mercede-habet
509 1505 592 1533 vitam
610 1509 748 1532 atternam.

310 1555 358 1582 9A.
381 1553 479 1581 Cordis
499 1550 686 1587 cogitationes.

308 1600 354 1627 25.
373 1598 410 1627 De
422 1598 520 1626 iisdem
538 1595 747 1631 cogitationibus
763 1595 898 1630 loquitur.

306 1645 353 1674 26.
378 1644 420 1672 Ab
436 1643 591 1671 incursibus
605 1642 709 1670 inimici
721 1641 806 1670 libera
822 1649 875 1669 me.

309 1691 356 1719 27.
383 1689 567 1725 Cogitationes
576 1707 585 1720 ,
602 1687 650 1716 ait.

309 1736 354 1763 28.
370 1735 403 1762 Et
416 1742 432 1762 a
446 1734 545 1762 diaboli
559 1732 744 1761 dominatione
757 1731 931 1760 sublevabor.

308 1824 355 1853 29.
378 1823 471 1851 Oratio
487 1830 558 1854 mea,
576 1821 674 1857 inquit.

308 1871 354 1899 50.
378 1869 413 1898 Et
436 1868 601 1897 desiderium
617 1867 708 1895 cordis
731 1866 786 1894 mei
813 1865 841 1893 in
863 1864 923 1900 lege
941 1869 987 1892 tua
1011 1864 1056 1893 die

270 1924 307 1945 "ac
319 1919 408 1944 nocte.

307 1962 352 1990 3L
368 1961 493 1993 Domine.
513 1959 561 1995 qui
577 1957 700 1987 defendis
721 1962 749 1985 et
769 1956 870 1985 liberas
893 1963 937 1984 me
954 1963 970 1983 a
996 1955 1055 1984 dia-

273 2008 348 2042 bolo,
361 2011 388 2036 et
403 2005 534 2034 ministris
546 2005 616 2041 ejus.

1140 1455 1185 1483 25.
1198 1455 1242 1482 Ἐν
1255 1454 1294 1491 τῷ
1310 1455 1421 1491 κρατεῖν
1435 1454 1505 1481 αὐτὰ
1517 1453 1631 1481 ἕκαστον
1645 1452 1735 1489 ἡμῶν,
1749 1452 1890 1480 (tv-AW

1106 1509 1149 1528 σιν
1166 1501 1221 1536 ἔχει
1238 1500 1310 1536 ζωὴν
1326 1500 1514 1536 ἀτελεύτητον.

1067 1562 1089 1592 c
1140 1546 1185 1573 24.
1206 1547 1274 1578 Τοὺς
1287 1547 1316 1573 ἐν
1330 1547 1363 1582 τῇ
1378 1546 1476 1582 καρδίᾳ
1488 1545 1643 1581 λογισμούς.

1139 1591 1184 1619 25.
1206 1592 1266 1618 Τῶν
1283 1591 1372 1625 αὐτῶν
1385 1591 1520 1627 λογισμῶν
1535 1590 1618 1626 λέγει.

1140 1638 1185 1665 26.
1206 1637 1267 1664 Τῶν
1283 1638 1411 1666 είσσολῶν
1424 1638 1470 1665 τοῦ
1485 1637 1582 1674 ἐχθροῦ
1597 1637 1678 1674 ῥῦσαί
1693 1646 1739 1674 με.

1138 1684 1184 1711 27.
1205 1686 1237 1711 Ol
1248 1685 1383 1722 λογισμοὶ.
1398 1683 1481 1720 λέγει.

1138 1729 1184 1758 28.
1204 1730 1260 1756 Καὶ
1274 1729 1491 1766 κουφισθήσομαι
1506 1730 1556 1766 τῆς
1567 1729 1725 1762 δυναστείας
1737 1729 1785 1756 τοῦ
1801 1729 1893 1757 8w.“-

1106 1775 1165 1803 λου.

1141 1820 1185 1847 29.
1200 1819 1232 1847 Ἠ
1246 1819 1311 1856 εὐχή
1329 1828 1390 1855 μου,
1405 1820 1491 1854 λέγει.

1141 1866 1186 1893 30.
1206 1866 1262 1893 Καὶ
1276 1867 1293 1901 ή
1306 1866 1438 1901 ἐπιθυμία
1453 1866 1503 1902 τῆς
1521 1865 1631 1902 καρδίας
1651 1873 1702 1901 μου
1721 1865 1751 1892 ὲν
1763 1863 1801 1900 τῷ
1817 1864 1891 1899 νόμῳ

1108 1920 1153 1939 σου
1170 1911 1274 1947 ἡμέρας
1289 1912 1336 1939 καὶ
1351 1912 1457 1943 νυκτός.

1141 1958 1185 1985 51.
1206 1958 1302 1993 Κύριε,
1311 1958 1325 1985 ὸ
1335 1958 1527 1993 ἀνθιστάμενος
1541 1958 1588 1985 καὶ
1599 1956 1781 1992 λυτρούμενός
1794 1965 1827 1992 με
1837 1956 1890 1984 ἀπὸ

1110 2004 1156 2031 τοῦ
1167 2003 1299 2038 διαϐόλου,
1313 2004 1360 2031 καὶ
1372 2004 1426 2031 τῶν
1439 2004 1582 2040 ὑπουργῶν
1597 2003 1690 2031 αὑτοῦ.

316 2076 348 2103 Ἦ
364 2073 528 2111 προκειμένη
542 2073 680 2109 ἐπιγραφὴ
693 2072 813 2108 περιέχει
825 2080 832 2088 ·
847 2073 900 2106 Εἰς
918 2072 950 2099 τὸ
963 2072 1058 2106 τέλος,
1070 2073 1190 2108 ψαλμὸς
1199 2072 1239 2106 τῷ
1252 2073 1350 2100 Δαϐίδ.
1367 2073 1451 2101 Τοῦτο
1466 2073 1550 2108 λέγει,
1564 2073 1578 2099 ὃ
1594 2073 1658 2109 περὶ
1671 2073 1724 2109 τῆς
1737 2073 1890 2105 συντελείας

270 2121 321 2149 τοῦ
336 2120 433 2152 αἰῶνος
449 2119 566 2155 εἴρηται.

310 2165 416 2194 Titulus
436 2165 597 2201 praapositus
611 2164 731 2192 continet
746 2173 753 2191 :
772 2162 806 2190 In
825 2163 915 2198 ﬁnem,
929 2163 1048 2198 psalmus
1066 2163 1165 2191 David.
1180 2163 1238 2192 Hoc
1252 2168 1344 2192 autem
1359 2163 1504 2200 signiﬁcat,
1520 2162 1593 2199 quod
1605 2162 1639 2190 de
1653 2163 1889 2191 consummatione

275 2211 366 2240 saeculi
380 2211 502 2246 psalmus
513 2209 602 2237 dictus
620 2213 672 2237 est.

311 2270 336 2302 l,
351 2269 379 2295 2.
405 2268 465 2303 ipse
476 2268 549 2295 enim
566 2267 653 2295 dixit:
670 2266 768 2295 Invoca
783 2275 822 2294 me
839 2268 867 2294 in
880 2268 923 2294 die
942 2267 1052 2295 tribula-

1142 2268 1167 2301 1,
1179 2268 1207 2295 2.
1226 2268 1314 2300 Αὐτὸς
1325 2267 1378 2303 γὰρ
1390 2265 1466 2294 εἶπεν
1476 2275 1483 2283 '
1501 2266 1696 2294 Ἔπικάλεσαί
1704 2275 1743 2302 με
1752 2267 1789 2294 ἐν
1801 2267 1890 2302 ἡμέρᾳ

275 2315 355 2344 tionis
372 2320 435 2347 tuae,
450 2319 474 2341 et
491 2321 583 2341 eruam
598 2319 632 2345 te,
648 2318 672 2340 et
692 2313 853 2348 gloriﬁcabit
865 2321 905 2341 me
915 2314 948 2341 "’.

309 2362 336 2388 5.
352 2359 451 2387 Filium
464 2359 535 2394 ejus.

305 2405 370 2434 LE
392 2406 462 2433 casio
491 2404 636 2440 signiﬁcat.
665 2404 731 2432 Sion
757 2404 830 2432 enim
859 2404 1052 2440 interpretatur

274 2457 361 2485 locus,
377 2451 422 2479 ubi
442 2455 484 2478 est
499 2451 717 2479 tabernaculum.

308 2498 335 2525 5.
354 2497 458 2530 Sancti,
473 2497 572 2532 inquit.

308 2544 335 2570 6.
353 2543 508 2571 Sanctiiicet
526 2543 656 2576 animam,
676 2547 704 2571 et
718 2550 817 2579 corpus
832 2548 920 2572 tuum.

308 2590 336 2618 7.
353 2590 441 2618 Bonas
457 2594 519 2618 tuas
540 2590 696 2625 petitiones.

307 2635 335 2663 8.
355 2634 527 2670 Propositum
548 2639 626 2662 tuum
646 2635 673 2662 in
689 2635 789 2670 ipsum.

308 2682 334 2710 9.
351 2681 380 2708 ln
392 2682 452 2717 ejus
468 2689 518 2716 pro
530 2681 609 2709 nobis
627 2681 754 2709 adventu.

307 2728 351 2756 l0.
372 2727 562 2755 Cloriabimur.

308 2817 330 2833 ²¹
353 2815 425 2845 Pnl.
442 2825 513 2851 ms,
529 2817 571 2844 15.

1106 2314 1236 2348 θλίψεώς
1254 2321 1322 2347 σου,
1335 2313 1384 2340 καὶ
1397 2313 1556 2348 ἐξελοῦνμαί
1567 2321 1614 2347 σε,
1628 2313 1678 2341 καὶ
1691 2312 1835 2347 δοξάσεις
1843 2320 1887 2348 με.

1142 2360 1168 2387 5.
1189 2360 1240 2386 Τὸν
1253 2359 1317 2386 Υίδν
1335 2359 1428 2387 αὐτοῦ.
1483 2370 1486 2374 ί

1139 2405 1166 2431 ι.
1182 2404 1229 2431 Ἐκ
1244 2403 1291 2431 τοῦ
1312 2403 1426 2439 οὐρανοῦ
1449 2403 1532 2438 λέγει.
1556 2403 1631 2431 Σιὼν
1644 2403 1699 2439 γὰρ
1713 2405 1890 2441 ἑρμηνεύεται

1104 2450 1195 2482 τόπος,
1214 2450 1287 2482 ὅπως
1302 2449 1392 2486 [ὅπου]
1407 2451 1423 2484 ἡ
1444 2451 1540 2485 σκηνή.

1141 2496 1167 2523 5.
1181 2495 1283 2530 Ἀγίας,
1296 2495 1379 2530 λέγει.

1141 2541 1168 2569 6.
1182 2541 1302 2576 Ἀγιάσει
1320 2541 1455 2577 [ἁγιάσαι]
1468 2550 1515 2568 σου
1526 2540 1575 2576 τὴν
1589 2541 1688 2577 ψυχὴν,
1702 2541 1790 2569 καὶτδ
1804 2541 1887 2576 σῶμα.

1143 2588 1169 2615 7.
1189 2587 1235 2614 Τὰ·
1246 2588 1384 2624 αἰτήματα
1397 2597 1443 2615 σου
1458 2588 1492 2615 τὰ
1508 2588 1607 2623 ἀγαθά.

1142 2633 1169 2660 8.
1190 2633 1244 2668 Τὴν
1261 2633 1390 2669 πρόθεσιν
1405 2642 1450 2660 σου
1466 2633 1514 2669 τὴν
1527 2635 1567 2665 είς
1580 2633 1670 2660 αὐτόν.

1142 2678 1169 2706 9.
1185 2679 1228 2706 ‘Ev
1243 2681 1275 2715 τῇ
1293 2680 1429 2715 παρουσίᾳ
1442 2681 1475 2716 τῇ
1493 2680 1563 2716 ὑπὲρ
1575 2679 1664 2715 ἡμῶν.

1142 2725 1185 2752 l0.
1200 2725 1412 2761 Καυχησόμεθα.
1509 2726 1512 2729 ’
