1919 3051
45 129 106 158 ’117
511 130 555 162 DE
575 130 711 163 TITULIS
731 133 803 166 PSA]

907 138 954 167 ιιι.
978 155 1013 161 -
1032 138 1131 167 PSAL.
1151 135 1210 164 xx.
1611 148 1665 176 7,8

82 190 126 217 H.
140 189 287 226 Πληριὲωαι
301 188 404 228 Κύριος
419 192 506 220 πάντα
520 193 554 220 τὰ
570 194 707 230 αἰτήματά
725 204 781 222 σου.

849 200 874 229 Α
923 198 967 225 Il.
983 198 1094 234 Impleat
1108 200 1239 230 Dominus
1256 208 1349 231 omnes
1368 203 1511 239 petitiones
1526 210 1596 234 tuas.

82 235 126 262 12.
144 235 201 262 Νῦν
224 235 327 271 ἔγνων,
351 237 392 264 ὅτι
416 237 501 265 ἔσωσε
529 238 630 275 Κύριος
652 240 696 268 τον
718 242 827 278 Χριστδπ

919 243 963 271 12.
979 243 1056 273 Nunc
1071 247 1196 282 cognovi,
1207 248 1336 283 quoniam
1348 250 1452 278 salvum
1465 249 1528 278 fecit
1537 251 1667 281 Dominus

45 289 142 308 αυτου·

883 289 1022 317 Christum
1034 299 1113 319 suum
1130 301 1135 319 :

83 326 127 354 I3.
149 327 345 355 'meoﬁaatat
367 329 450 356 αὑτοῦ
466 329 496 362 ἐξ
517 330 633 366 οὐρανοῦ
649 332 725 366 ἁγίου
741 333 832 360 αὑτοῦ·

776 334 832 360 τοῦ·
919 336 962 364 15.
980 336 1111 366 Exaudiet
1123 339 1199 366 illum
1215 339 1249 367 de
1265 340 1334 368 C(elo
1351 345 1445 368 sancto
1463 349 1531 369 suo:

82 371 128 399 ιι.
147 372 192 421 ἝΞν
206 373 374 406 δυναστείαις
386 375 403 410 ἡ
419 376 540 411 σωτηρία
552 377 601 411 τῆς
613 377 701 410 δεξιᾶς
717 379 809 406 αὐτοῦ.

743 379 809 406 Ξτοῦ.
919 381 963 408 Η.
977 382 1007 409 In
1022 384 1199 416 potestatibus
1213 384 1288 412 salus
1303 385 1418 413 dexterae
1433 387 1501 421 ejus.

81 417 127 444 15.
144 415 224 445 Οὗτοι
237 420 266 446 ἐν
281 420 395 455 ἅρμασι,
410 421 457 447 καὶ
470 417 542 448 οὗτοι
556 423 584 449 ὲν
599 422 700 455 ἵπποις·

685 433 700 455 ῖ·
919 426 964 454 15.
978 426 1011 453 Hi
1024 415 1056 454 in
1071 428 1206 461 curribus,
1221 434 1247 456 et
1260 429 1287 456 hi
1303 430 1331 457 in
1347 431 1424 465 equis
1438 440 1443 457 :

81 463 127 491 16.
148 464 242 499 Ἡμεῖς
255 465 283 492 δὲ
299 466 328 493 ὲν
343 465 453 501 ὀνόματι
468 467 570 504 Κυρίου
593 468 659 495 Θεοῦ
681 470 759 505 ἡμῶν
772 470 833 497 ἐπι-

919 473 964 500 16.
979 473 1034 502 Nos
1052 479 1141 502 autem
1159 476 1186 502 in
1203 476 1312 504 nomine
1332 476 1440 505 Domini
1458 477 1505 505 Dei
1522 479 1607 506 nostri
1625 478 1665 505 in-

42 509 228 545 καλεσάμεθα.

884 520 1050 548 vocabimus.

80 556 125 583 17.
141 557 222 583 Αὐτοὶ
235 557 474 593 συνεποδίσϐησαν,
489 559 535 585 καὶ
547 558 654 586 ἔπεσον·

919 566 962 593 17.
980 565 1032 601 Ipsi
1047 567 1155 602 obligati
1172 572 1246 602 sunt,
1264 573 1291 595 et
1306 568 1461 596 ceciderunt
1475 578 1481 596 :

80 601 125 629 {8.
143 602 238 637 Ἡμεῖς
257 602 285 629 δὲ
298 602 460 638 ἁνὲστημεν,
477 604 523 630 καὶ
535 604 744 641 ἁνωρθώθημεν.

920 611 963 638 IS.
979 611 1034 639 Nos
1048 617 1137 640 autem
1152 614 1331 644 surreximus.
1347 619 1373 642 et
1385 615 1466 643 erecti
1478 623 1581 645 sumus.

79 648 126 675 19.
141 647 238 684 Κύριε,
254 649 340 675 σῶσον
353 649 400 675 τὸν
416 648 536 683 βασιλέα·

918 656 962 684 19.
978 656 1102 690 Domine,
1116 658 1220 685 salvum
1233 659 1276 686 fac
1292 667 1380 694 regem
1395 668 1401 686 :

78 693 124 720 20.
142 693 198 720 Καὶ
214 694 367 721 ἐπάκουσον
384 694 473 730 ἡμῶν,
494 695 523 722 ἐν
577 696 609 723 ἂν
632 697 722 733 ἡμέρᾳ
738 697 834 724 ὲπικα-

919 702 964 729 20.
978 703 1011 730 Et
1021 703 1118 731 exaudi
1130 711 1180 732 nos
1191 705 1218 731 in
1230 704 1282 736 die,
1297 692 1350 740 qua
1363 705 1580 734 invocaverimus
1593 711 1629 734 te.

43 736 188 773 λεσώμεοά
201 747 242 765 σε.

103 796 156 827 Εἰς
171 795 204 821 τὸ
220 795 317 829 τέλος,
330 796 451 831 ψαλμὸς
466 795 505 829 τῷ
521 796 618 824 Δαϐίδ.
636 798 724 824 ΨΑΛ.
738 800 780 825 K'.

989 802 1021 830 In
1037 803 1126 837 ﬁnem,
1140 804 1257 839 psalmus
1274 804 1370 832 David.
1387 804 1485 832 PSAL.
1500 804 1561 832 XX.

81 840 106 866 I.
121 840 219 876 Κύριε,
237 841 266 867 ἐν
281 843 314 877 τῇ
337 842 449 878 δυνάμει
462 851 509 869 σου
528 842 741 878 εὐφρανθήσεται
756 844 770 869 ὁ
788 843 834 878 βα-

769 857 770 865 ι
788 843 834 878 βα·
919 847 944 875 1,
960 847 1081 880 Domine,
1095 849 1123 876 in
1139 849 1237 877 virtute
1251 854 1296 877 tua
1311 849 1444 877 laetabitur
1457 857 1503 877 rex
1521 859 1527 876 ε

46 885 146 917 σιλεύς’

80 931 108 958 2.
122 932 177 958 Καὶ
187 933 232 958 ἐπὶ
246 932 284 968 τῷ
301 933 425 969 σωτηρίῳ
448 942 494 960 σου
508 933 699 967 ἀγαλλιάσεται
714 934 827 969 σφόδρα.

916 937 944 963 2.
960 936 991 964 Et
1007 944 1088 972 super
1101 938 1307 965 salutaretunm
1325 938 1471 966 exsultabit
1482 939 1663 967 vehementer.

79 977 105 1004 5.
119 977 175 1013 Τὴν
188 978 335 1013 ἐπιθυμίαν
345 980 394 1014 τῆς
408 979 519 1015 καρδίας
532 979 613 1005 αὑτοῦ
628 979 731 1011 ἔδωκας
744 980 826 1014 αὐτῷ·

754 980 826 1014 ιὺτῷ·
917 981 943 1008 5.
959 982 1127 1010 Desiderium
1145 983 1236 1010 cordis
1252 983 1311 1018 ejus
1329 983 1447 1011 tribuisti
1465 984 1490 1010 ei
1506 991 1512 1009 :

79 1023 106 1050 ι.
124 1023 179 1050 Καὶ
198 1024 246 1059 τὴν
262 1023 370 1058 θέλησιν
383 1024 437 1051 τῶν
456 1024 566 1060 χειλέων
585 1025 666 1052 αὐτοῦ
682 1025 731 1052 οὐκ
752 1025 828 1052 ἐστέ-

917 1027 943 1055 4.
961 1027 995 1055 Ει
1008 1028 1146 1056 voluntate
1158 1029 1290 1062 labiorum
1303 1029 1362 1064 ejus
1378 1037 1431 1057 non
1444 1030 1575 1058 fraudasti
1588 1037 1661 1057 eum.

46 1077 132 1105 ρησας
146 1069 236 1096 αὐτόν.

79 1114 106 1141 5.
128 1115 188 1142 Ὀτι
211 1115 385 1151 προέφθασας
408 1115 490 1142 αὐτὸν
510 1116 539 1142 ἐν
559 1115 694 1150 εὐλογίαις
717 1117 831 1153 χρηστό-

916 1114 942 1141 5.
959 1114 1093 1148 Quoniam
1117 1116 1270 1151 praevenisti
1293 1124 1355 1144 eum
1380 1117 1408 1144 in
1430 1116 1662 1145 oenedictionibus

43 1169 125 1196 τητος
134 1169 141 1175 ·

881 1160 1032 1188 dulcedinis
1047 1170 1052 1188 :

78 1205 106 1233 6.
121 1206 241 1241 Ἔθηκας
263 1207 308 1234 ἐπὶ
325 1207 375 1243 τὴν
396 1207 515 1242 κεφαλὴν
540 1206 622 1234 αὺτοῦ
646 1206 775 1241 στέφανον
798 1209 830 1234 εκ

915 1206 941 1233 6.
966 1205 1085 1234 Posuisti
1109 1207 1136 1235 in
1169 1207 1256 1243 capite
1278 1208 1338 1244 ejus
1360 1215 1489 1236 coronam
1516 1208 1551 1237 de
1574 1208 1661 1244 lapide

41 1251 116 1279 λίοου
130 1252 231 1286 τιμίου.
878 1252 1008 1287 pretioso.

76 1297 104 1324 7.
120 1297 196 1333 Ζωὴν
208 1297 327 1333 ῂτήσατό
344 1306 383 1331 σε,
401 1298 448 1324 καὶ
463 1297 565 1329 ἔδωκας
576 1297 649 1333 αὐτῷ

917 1298 941 1326 ’1.
957 1298 1045 1326 Vitam
1061 1298 1137 1334 petiit
1151 1307 1167 1326 a
1180 1303 1216 1331 te,
1231 1304 1257 1327 et
1272 1299 1389 1328 tribuisti
1403 1299 1427 1327 ei

75 1343 104 1370 8.
120 1343 286 1379 Μακρὸτητα
307 1343 418 1379 ἡμερῶν
441 1344 481 1375 εἰς
503 1343 599 1375 αἰῶνα,
617 1343 664 1370 καὶ
684 1343 723 1375 εἰς
742 1342 827 1370 αἰῶνα

915 1343 942 1370 8.
958 1343 1166 1378 Longitudinem
1187 1345 1292 1372 dierum
1315 1345 1342 1372 in
1360 1345 1500 1378 saeculum,
1513 1349 1541 1372 et
1565 1345 1592 1372 in
1611 1352 1661 1372 52e-

40 1389 150 1420 αἰῶνος·

881 1389 971 1416 culum
986 1389 1075 1416 saeculi
1093 1397 1099 1415 :

75 1435 105 1463 9.
119 1435 233 1472 Μεγάλη
246 1435 264 1471 ὴ
276 1435 340 1469 δόξα
351 1434 433 1462 αὑτοῦ
449 1437 478 1463 ὲν
490 1435 529 1471 τῷ
543 1435 668 1472 σωτηρίῳ
681 1443 738 1462 σου·

916 1431 943 1460 9.
956 1431 1051 1467 Magna
1063 1438 1106 1461 est
1122 1434 1206 1470 gloria
1221 1435 1280 1470 ejus
1295 1435 1322 1463 in
1341 1435 1454 1463 salutari
1468 1440 1514 1464 tuo
1527 1443 1534 1462 :

606 1512 792 1540 ATIIANASII
808 1512 1102 1541 INTERPRETATIO.

75 1591 120 1619 11.
137 1591 178 1618 Τὰ
191 1591 292 1627 ἀρεστὰ
304 1592 386 1628 αὐτῷ,
402 1593 448 1619 καὶ
465 1593 506 1618 σοὶ
520 1592 701 1629 συμφέροντα.

916 1593 960 1622 II.
982 1594 1048 1627 Quae
1067 1592 1117 1628 ipsi
1132 1597 1196 1620 sunt
1208 1592 1317 1628 placita,
1331 1596 1358 1620 et
1372 1591 1418 1619 tibi
1438 1592 1523 1620 utilia.

75 1639 121 1666 l2.
136 1638 188 1665 Τον
201 1638 264 1665 λαδν
278 1639 358 1665 αὑτοῦ
371 1639 453 1673 λέγει.

914 1640 958 1668 12.
975 1639 1108 1675 Populum
1123 1639 1182 1674 ejus
1197 1639 1339 1674 signiﬁcat.

73 1684 120 1711 i5.
136 1684 244 1719 Γνωστὴ
262 1684 337 1711 ἔσται
351 1686 367 1720 ἡ
381 1683 456 1719 φωνὴ
470 1682 566 1711 ἑαυτοῦ
581 1684 656 1720 παρὰ
668 1684 706 1720 τῷ
720 1684 788 1720 Θεῷ.

723 1684 788 1720 Θεῷ.
914 1687 957 1714 15.
977 1686 1066 1721 Ipsius
1083 1693 1136 1712 vox
1150 1689 1213 1712 nota
1228 1685 1280 1712 erit
1297 1685 1368 1720 apud
1386 1683 1481 1712 Deum.

72 1730 119 1757 14.
135 1730 196 1757 Τῶν
209 1730 304 1764 ἁγίων,
317 1730 402 1764 λέγει.

839 1752 860 1782 c
913 1733 957 1760 14.
974 1732 1147 1782 Sanctorum,
1169 1730 1266 1782 inquit.

73 1776 119 1809 15,
133 1775 176 1804 16.
199 1776 292 1812 Ἡμεῖς
305 1776 333 1803 δὲ
348 1775 400 1812 [ὲν]
417 1775 456 1811 τῷ
469 1775 580 1811 ὀνόματι
602 1776 688 1810 Ἰησοῦ
703 1775 826 1804 ἐπικαλε-

914 1777 1019 1810 15,16.
1048 1775 1104 1805 Nos
1126 1780 1218 1804 autem
1245 1775 1272 1803 in
1300 1777 1410 1804 nomine
1434 1775 1499 1804 Jesu
1519 1776 1657 1804 invocabi-

37 1821 152 1857 σόμεθα.

877 1831 948 1852 mus.

72 1867 119 1894 17.
133 1867 165 1894 Οἱ
181 1867 317 1902 δαίμονες.

913 1869 957 1896 i7.
984 1868 1134 1896 Dmmones.

71 1912 117 1940 18.
140 1913 227 1948 Ἰησοῦ
243 1912 290 1939 τοῦ
305 1911 371 1939 Θεοῦ
388 1911 467 1948 ἡμῶν
481 1910 662 1947 διεγείραντος
678 1911 761 1946 ἡμᾶς,
777 1911 824 1938 καὶ

911 1914 954 1941 IS.
974 1913 1040 1941 Jcsu
1063 1913 1118 1941 Deo
1135 1917 1230 1941 nostro
1243 1911 1392 1941 suscitante
1409 1920 1469 1946 nos,
1489 1917 1517 1940 et
1532 1917 1653 1939 sananto.

37 1958 100 1985 ιασα
105 1959 185 1985 ιιένου
189 1977 197 1984 .

70 1967 197 1993 ταμενου.

70 2003 115 2030 19.
132 2003 185 2029 Τὸν
198 2002 262 2029 λαὸν
276 2002 360 2037 λέγει.

911 1998 954 2025 I9.
970 1996 1103 2032 Populum
1126 1996 1271 2032 significat.

69 2048 114 2075 20.
139 2048 184 2074 'Ev
197 2046 378 2083 οἱῳδηποτοῦν
391 2047 479 2083 καιρῷ
492 2046 630 2082 δεηθῶμέν
645 2055 702 2074 σου.

910 2044 955 2072 20.
979 2043 1148 2078 Quocumque
1163 2048 1284 2078 tempore
1299 2047 1323 2070 te
1336 2044 1522 2077 deprecemur.

74 2104 108 2131 Ἦ
122 2104 290 2140 προκειμένη
306 2104 443 2139 ἐπιγραφὴ
457 2104 587 2140 περιέχει·
604 2105 657 2137 Εἰς
670 2104 703 2131 τὸ
716 2103 812 2136 τέλος,
826 2101 946 2137 gfx-culpae
960 2100 999 2134 τῷ
1012 2100 1108 2127 Δίιϐίδ.
1119 2099 1272 2131 Τουτέστιν,
1289 2100 1329 2131 εἰς
1346 2100 1377 2126 τὸ
1390 2100 1466 2133 τέλος
1481 2100 1535 2127 τῶν
1551 2099 1657 2127 αἰώνων

35 2150 50 2176 6
67 2150 173 2186 ψαλμὸς
187 2152 293 2186 εἴρηται
304 2152 343 2186 τῷ
358 2151 413 2186 Υἰῷ
426 2151 472 2178 τοῦ
484 2151 561 2181 Θεοῦ,
577 2152 624 2178 καὶ
637 2150 675 2187 τῷ
690 2151 746 2186 λαῷ
758 2150 796 2186 τῷ
810 2150 880 2183 ἁγιῳ
891 2149 981 2176 αὑτοῦ.
999 2147 1087 2175 Δαϐἰδ
1104 2148 1158 2183 γὰρ
1175 2146 1237 2183 [εἰς]
1250 2147 1392 2182 ἀμφότερα
1404 2147 1593 2182 ἑρμηνεύεται,
1609 2148 1656 2175 καὶ

35 2196 74 2227 εὶς
86 2196 132 2222 τὸν
144 2196 192 2223 τοῦ
207 2196 273 2223 Θεοῦ
289 2197 352 2223 Υἰὸν
368 2197 421 2224 τὸν
434 2198 596 2233 ἀγαπητὸν,
614 2198 661 2225 καὶ
678 2199 718 2230 εἰς
733 2198 778 2225 τὸν
794 2197 856 2225 λαὸν
868 2199 912 2224 τὸν
926 2196 1002 2230 ἅγιον
1014 2195 1066 2222 τὸν
1079 2194 1288 2230 πεποθημένον
1299 2195 1350 2222 ὑπὸ
1365 2195 1478 2230 Κυρίου.

69 2243 178 2272 Titulus
193 2245 354 2280 praepositus
365 2247 486 2274 continet
502 2257 508 2274 :
526 2246 559 2274 In
574 2247 663 2282 ﬁnem,
678 2248 797 2281 psalmus
813 2246 910 2274 David.
924 2245 982 2273 IIoc
994 2248 1046 2277 est,
1062 2245 1136 2279 quod
1150 2245 1178 2271 in
1192 2244 1245 2271 ﬁne
1257 2243 1418 2272 seculorum
1430 2242 1551 2277 psalmus
1564 2242 1657 2270 dictus

33 2294 74 2316 est
86 2289 133 2316 Dei
149 2289 229 2320 Filio.
247 2295 276 2317 et
289 2292 388 2326 popqu
402 2297 498 2320 sancto
512 2293 581 2328 ejus.
597 2292 683 2320 David
705 2293 778 2320 enim
797 2292 831 2319 de
854 2297 970 2326 utroque
990 2290 1193 2325 interpretatur.
1210 2294 1238 2317 et
1250 2290 1283 2317 de
1304 2288 1374 2316 Filio
1395 2287 1442 2315 Dei
1455 2288 1561 2321 dilecto,
1576 2292 1604 2315 et
1620 2288 1657 2315 de

33 2335 133 2370 popqu
149 2340 245 2363 sancto
258 2336 408 2364 desiderato
422 2345 437 2365 a
452 2337 576 2366 Domino.

67 2384 93 2410 I.
114 2384 144 2410 '0
160 2383 223 2415 λαὸς
237 2384 251 2411 ὁ
267 2385 369 2417 πιστός.

832 2387 855 2415 1)
905 2385 931 2412 1.
947 2384 1066 2420 Populus
1087 2383 1181 2412 ﬁdelis.

65 2429 91 2457 2.
106 2429 151 2465 Τῷ
166 2430 275 2466 σταυρῷ
288 2439 346 2458 σου.

904 2430 932 2458 2.
959 2430 1046 2466 Super
1061 2437 1171 2458 crucem
1188 2434 1272 2457 tuam.

61 2474 88 2502 5.
104 2475 146 2501 Τὰ
162 2476 223 2510 αἰτή
229 2484 301 2511 ματα
316 2476 400 2503 αὐτοῦ
413 2478 448 2503 τὰ
459 2472 558 2512 ἀγαθά.

530 2472 558 2505 ἀ.
904 2476 930 2502 3.
951 2475 1098 2503 Petitiones
1113 2475 1173 2510 ejus
1192 2475 1287 2502 bonas.

61 2520 88 2547 ι.
103 2520 261 2556 Δεδώρησαι
273 2521 328 2556 γὰρ
343 2521 418 2557 αὐτῷ
437 2522 583 2558 προθύμως
603 2522 715 2558 μελετᾷν
730 2521 759 2548 ὲν
778 2520 817 2556 τῷ

901 2521 929 2548 4.
947 2520 1015 2548 Nam
1029 2521 1054 2548 ei
1068 2520 1175 2548 donasti
1195 2523 1322 2555 prompte
1337 2518 1463 2548 meditari
1477 2519 1505 2546 in
1522 2519 1581 2554 lege
1592 2523 1649 2551 tua.

29 2565 102 2601 νόμῳ
115 2574 174 2599 σου,
189 2566 236 2592 καὶ
249 2567 423 2601 ἁναγγέλλειν
438 2568 487 2604 τὴν
503 2567 605 2595 αἷνεσίν
622 2575 681 2594 σου.

528 2567 605 2594 ἴνεσιν
622 2575 681 2594 σου.
865 2571 894 2595 et
905 2566 1068 2594 annuntiare
1079 2566 1185 2593 laudem
1202 2569 1286 2592 tuam.

62 2610 89 2637 5.
104 2611 166 2638 ὀτι
176 2611 353 2646 ιηύτρέπισας
372 2613 445 2649 αὐτῷ
459 2613 582 2648 εὐλογίας
599 2614 627 2640 ὲν
645 2614 679 2648 τῇ
693 2611 816 2647 βασιλείᾳ

902 2611 929 2639 5.
960 2610 1095 2644 Quoniam
1122 2612 1281 2645 praeparasti
1309 2609 1361 2645 ipsi
1391 2609 1595 2638 benedictione:
1623 2608 1647 2635 in

30 2663 85 2682 ωυ.

868 2664 951 2692 regno
965 2661 1022 2683 tuo.

62 2701 89 2728 6.
106 2702 158 2729 Τὸν
170 2701 273 2738 Κύριον
289 2703 372 2738 λέγει·
388 2705 488 2736 παντὸς
499 2704 553 2740 γὰρ
572 2703 668 2731 πιστοῦ
683 2702 786 2739 κεφαλὴ
800 2703 816 2730 ὀ

902 2701 929 2729 6.
954 2701 1098 2728 Dominum
1125 2700 1259 2736 signiﬁcat
1283 2704 1465 2728 :cunctornm
1485 2699 1557 2726 enim
1581 2696 1646 2726 ﬁde-

29 2744 90 2779 Υἱιός
101 2748 187 2775 ἐστιν.

867 2747 934 2775 lium
949 2752 1030 2782 caput
1042 2751 1084 2774 est
1100 2745 1196 2774 Filius.

60 2792 88 2824 7.
102 2793 130 2822 8.
145 2795 201 2830 Τὴν
215 2795 323 2824 αἰώνων
337 2795 409 2832 ζωὴν
424 2796 507 2830 λέγει.

905 2792 932 2824 7,
947 2792 974 2821 8.
996 2792 1086 2819 Vitam
1102 2796 1230 2819 azternam
1243 2791 1317 2819 dicit.

61 2837 88 2865 9.
104 2839 182 2873 Μέγα
195 2840 226 2868 τὸ
241 2840 373 2875 καύχημα
387 2841 466 2868 αὑτοῦ
481 2842 510 2868 ὲν
521 2841 558 2875 τῷ
576 2841 685 2876 σταυρῷ
702 2849 760 2868 σου.

897 2838 922 2865 9.
949 2837 1043 2873 Magna
1059 2841 1099 2865 est
1112 2837 1238 2872 gloriatio
1258 2838 1317 2872 ejus
1331 2837 1357 2863 in
1377 2842 1458 2864 cruce
1472 2838 1528 2861 tua.
