1919 3051
275 144 327 173 719

275 256 348 276 eum.

310 292 353 320 11.
368 292 501 326 Quoniam
518 292 596 321 dabis
611 300 673 321 eum
692 293 720 321 in
733 292 949 322 benedictionem
966 294 993 322 in
1007 302 1059 322 sae-

275 337 365 364 culum
383 337 474 364 surculi
493 344 500 362 :

311 383 354 410 12.
373 383 534 410 Lzetilicabis
550 390 612 410 eum
626 383 653 410 in
671 384 769 417 gaudio
780 391 841 411 cum
856 385 933 412 vultu
948 389 1006 412 tuo.

310 430 353 456 1‘5.
372 429 504 462 Quoniam
520 438 566 457 rex
581 435 670 464 sperat
684 430 711 456 in
727 429 862 458 Domino:

311 475 354 502 11.
368 475 400 502 Et
423 476 450 502 in
474 475 661 503 misericordia
677 475 809 503 Altissimi
827 483 881 503 non
906 483 1060 503 commove-

275 522 357 550 bitur.

312 568 355 595 15.
370 567 524 594 Inveniatur
537 575 634 595 manus
651 572 696 595 tua
710 568 838 595 omnibus
852 568 970 595 inimicis
985 569 1057 596 tuis:

310 614 353 641 16.
372 613 485 641 Dextera
499 618 545 640 tua
557 614 677 640 inveniat
690 622 784 641 omnes
799 615 845 649 qui
862 619 886 642 te
896 615 1023 642 oderunt.

311 659 355 686 17.
372 659 460 687 Pones
485 667 549 693 eos,
575 664 604 687 ut
624 660 761 687 clibanum
789 660 860 696 ignis
886 661 913 687 in
940 665 1060 695 tempore

275 705 366 732 vultus
383 704 432 731 tui.

311 751 354 778 18.
371 751 502 778 Dominus
519 750 546 777 in
563 750 603 777 ira
627 758 675 778 sua
698 751 873 779 conturbabit
894 759 950 784 eos,
966 756 992 779 et
1010 751 1059 779 de-

274 796 379 823 vorabit
392 803 438 822 cos
453 794 533 830 ignis.

310 843 353 870 19.
370 842 498 870 Fructum
513 850 606 870 eorum
625 843 657 870 de
671 846 744 870 terra
756 843 852 878 perdes
866 852 873 875 ;

309 888 354 915 20.
369 888 401 916 Ει
413 897 504 916 semen
519 896 614 916 eorum
631 896 645 915 a
662 889 723 916 ﬁliis
744 889 894 916 hominum.

309 933 353 961 21.
369 933 504 966 Quoniam
519 933 722 962 declinaverunt
733 934 760 960 in
775 939 801 961 te
814 934 885 961 mala
902 943 909 960 :

310 979 355 1007 2‘2.
371 980 564 1015 Cogitaverunt
587 980 721 1012 consilia,
744 987 805 1015 quae
830 987 883 1008 non
913 984 1060 1015 potuerunt

275 1026 395 1053 stabilire
407 1033 414 1052 :
768 1032 773 1037 ι

310 1073 355 1099 ‘25.
369 1071 503 1106 Quoniam
520 1079 604 1107 pones
618 1079 666 1100 eos
677 1071 787 1100 dorsum
799 1080 805 1098 :

309 1118 354 1145 24.
369 1117 397 1144 ln
411 1117 533 1153 reliquiis
549 1118 603 1145 tuis
614 1118 781 1153 praeparabis
793 1117 898 1146 vultum
909 1124 1015 1145 eorum.

309 1206 355 1233 25.
368 1205 507 1238 Exaltare,
520 1205 644 1238 Domine,
657 1206 684 1232 in
696 1205 795 1234 virtute
805 1210 862 1234 tua.

310 1252 354 1280 26.
367 1252 543 1280 Cantabimus
557 1257 583 1279 et
596 1252 743 1287 psallemus
757 1254 871 1280 virtutes
883 1257 954 1280 tuas.

691 143 719 170 S.
739 143 925 171 ATHANAS‘H
943 143 1018 171 OPP.
1039 143 1128 172 PARS
1146 143 1190 170 lll.
1213 156 1240 163 σε
1266 141 1473 170 EXEGETICA.
1857 142 1893 168 τεο

309 201 353 230 10.
365 200 495 234 Gloriam,
507 206 534 229 et
549 209 678 238 magnum
693 202 818 230 decorem
834 203 955 238 impones
971 211 1053 239 super

1139 203 1182 230 10.
1211 202 1294 235 Δόξαν
1324 203 1371 229 καὶ
1409 201 1644 238 μεγαλοπρέπειαν
1676 200 1825 237 ἐπιθήσεις
1862 202 1893 228 tz'

1130 248 1202 276 ὺτόν.

1130 257 1177 275 υτο
1195 268 1202 276 .

1111 257 1129 276 α
1145 257 1193 322 11ῗ
1207 294 1267 321 Ὀτι
1283 293 1380 326 δώσεις
1392 292 1465 328 αὐτῷ
1476 293 1601 328 εὐλογίαν
1614 294 1654 325 εὶς
1664 294 1752 320 αἰῶνα
1767 294 1876 325 αἰῶνος

1146 385 1188 412 12.
1196 386 1347 422 Εὐφρανεῖς
1357 387 1436 414 αὐτὸν
1443 387 1471 413 ἒν
1477 387 1549 422 χαρᾷ
1557 385 1626 421 μετὰ
1631 385 1678 411 τοῦ
1686 383 1840 421 προσώπου
1850 392 1882 411 σοι

1145 433 1188 459 15.
1206 433 1267 459 ’Ότι
1280 433 1294 460 6
1306 433 1432 468 βασιλεὺς
1445 433 1549 464 ἐλπίζει
1566 433 1612 459 ἐπὶ
1624 432 1738 468 Κύριον·

1145 478 1189 505 14.
1205 479 1260 505 Καὶ
1275 479 1304 505 ἐν
1317 479 1356 514 τῷ
1370 479 1439 506 ἐλέει
1454 478 1500 506 τοῦ
1523 479 1650 514 Ὑψίστου
1667 478 1696 505 οὐ
1714 477 1752 513 μὴ
1774 477 1895 511 πλευῡῇ.

1145 565 1188 592 15.
1201 566 1331 602 Εὑρεθείη
1348 567 1364 602 ἡ
1379 566 1439 602 χείρ
1453 574 1498 593 σου
1511 567 1577 593 πᾶσι
1591 567 1646 597 τοῖς
1659 565 1768 600 ἐχθροῖς
1781 573 1834 591 σου
1844 574 1850 579 ·

1145 611 1188 638 16.
1207 612 1240 638 Ἦ
1254 611 1329 644 δεξιά
1343 621 1389 638 σου
1403 612 1478 648 εὖροι
1492 612 1595 644 πάντας
1611 612 1673 643 τοὺς
1693 610 1846 646 μιωῦντὰς
1864 618 1896 637 σε.

1145 657 1189 684 17.
1207 658 1268 684 ’Ὁτι
1285 657 1378 693 θήσεις
1395 658 1492 690 αὐτοὺς
1505 658 1542 689 ὼς
1558 657 1682 684 κλίϐανον
1794 658 1838 688 είς
1851 665 1896 683 χαι-

1111 703 1157 739 ρὺν
1173 703 1218 730 τοῦ
1232 706 1379 740 προσώπου
1398 713 1455 731 σου.

1146 751 1190 778 18.
1202 751 1303 787 Κύριος
1317 753 1345 777 ὲν
1362 752 1429 787 ὀργῇ
1444 750 1526 778 αὑτοῦ
1550 750 1710 786 συνταράξει
1726 750 1842 782 αὐτοὺς,
1860 750 1897 776 x13

1110 796 1298 831 καταφάγεται
1311 797 1410 828 αὐτοὺς
1421 797 1486 832 πῦρ.

1145 844 1188 871 19.
1203 843 1254 870 Τὸν
1268 844 1373 879 καρπὸν
1387 843 1475 870 αὐτῶν
1491 842 1545 870 ἀπὸ
1556 843 1604 878 τῆς
1617 842 1669 877 γῆς
1684 841 1807 873 ὰπολεξ.

1076 882 1098 910 Β
1147 890 1192 917 20.
1207 890 1262 916 Kal.
1276 891 1306 916 τὸ
1320 890 1429 925 σπέρμα
1444 889 1533 916 αὐτῶν
1543 889 1596 916 ἀπὺ
1609 888 1675 916 υἱῶν
1685 887 1853 924 ἀνθρώπων.

1148 935 1193 961 21.
1209 935 1270 961 Ὅτι
1282 934 1389 962 ἔκλιναν
1402 936 1441 967 είς
1456 935 1485 961 σὲ
1499 935 1583 962 κακά·

1146 979 1190 1006 22.
1214 980 1402 1014 Διελογίσαντο
1426 981 1533 1016 βουλὰς,
1554 977 1598 1012 αἷς
1619 979 1658 1016 [in
1672 988 1758 1015 marg.
1775 981 1838 1008 cod.
1859 979 1898 1014 ἃς]

1111 1024 1142 1050 οὺ
1161 1024 1197 1060 μὴ
1210 1024 1340 1051 δύνωνται
1354 1025 1447 1060 στῆναι
1460 1025 1590 1062 [nixam].

1145 1070 1191 1098 23.
1208 1071 1268 1098 Ὅτι
1279 1070 1372 1107 Θήσεις
1383 1071 1481 1104 αὐτοὺς
1497 1072 1581 1099 νῶτον

1145 1115 1190 1143 24.
1211 1117 1254 1142 'Ev
1275 1117 1332 1149 τοῖς
1348 1117 1514 1153 περιλοίποις
1528 1126 1576 1145 σου
1596 1118 1752 1154 ἑτοιμάσεις
1767 1117 1798 1145 τδ
1820 1116 1899 1154 πρόα-

1112 1169 1186 1187 ωπον
1201 1161 1301 1188 αὐτῶν.

1146 1207 1191 1234 25.
1214 1207 1359 1244 Ὑψώθητι,
1373 1208 1468 1245 Κύριε,
1485 1210 1514 1236 ὲν
1527 1211 1560 1245 τῇ
1578 1209 1690 1246 δυνάμει
1704 1218 1763 1237 σου.

1147 1253 1192 1282 26.
1209 1254 1327 1290 ᾏσομεν
1341 1254 1387 1281 καὶ
1400 1254 1536 1290 ψαλοῦμεν
1548 1255 1597 1287 τὰς
1610 1255 1772 1287 δυναστείας
1789 1263 1851 1283 σω.

835 1342 1023 1370 ΑΤΗΑΝΑδιι
1043 1342 1338 1372 INTERPRETATIO.

312 1420 357 1448 10.
375 1419 405 1447 ln
425 1427 509 1455 regno
528 1427 587 1449 tuo.

313 1465 356 1492 11.
383 1464 481 1493 Diceris
502 1465 536 1493 ad
557 1473 641 1494 eum:

276 1513 327 1539 mei
340 1512 373 1538 ".

310 1558 352 1586 12.
371 1558 471 1586 Videns
486 1557 584 1586 faciem
608 1561 684 1585 tuam
699 1557 728 1585 in
750 1565 834 1594 regno
853 1562 900 1586 tuo
913 1557 1058 1586 laetabitur.

680 1464 742 1493 Veni
752 1486 760 1500 ,
786 1465 936 1493 benedictus
970 1465 1061 1493 Patria

311 1648 357 1677 13.
376 1647 496 1682 Populus
517 1647 615 1675 ﬁdelis.

311 1693 355 1720 11.
371 1693 438 1720 Cum
454 1692 525 1720 Deus
548 1693 606 1727 ipse
618 1691 733 1725 venerit;
758 1690 975 1719 conﬁrmabitur.

312 1739 355 1766 15.
377 1738 463 1766 Filius
475 1743 537 1766 tuus
554 1737 706 1773 confringet
719 1737 844 1765 inimicos
866 1741 937 1764 tuos.

311 1784 354 1813 16.
379 1785 439 1819 ipse
452 1784 606 1818 uuigenitus
620 1783 707 1811 Filius
724 1788 799 1816 tuus,
820 1783 868 1818 qui
882 1782 952 1810 sedit
963 1788 979 1809 τι
993 1781 1059 1809 dex-

277 1833 326 1860 tris
341 1832 405 1865 tuis,
420 1839 467 1866 per
478 1838 559 1866 quem
580 1829 668 1858 fecisti
685 1829 788 1862 omnia,
803 1829 887 1856 veluti
902 1836 950 1864 per
966 1829 1059 1856 delle-

276 1886 335 1906 ram
347 1877 489 1906 concludat
504 1883 551 1904 eos
575 1884 670 1904 omnes
691 1875 719 1903 iu
733 1875 898 1911 supplicium
915 1880 1058 1903 aeternum.

309 1971 353 1998 17.
381 1969 450 2003 Quia
477 1969 505 1996 in
532 1967 694 1995 saeculorum
722 1966 959 1994 consummatione
983 1965 1059 1993 dabis

273 2026 323 2047 ens
340 2017 367 2044 in
381 2018 471 2052 ignem
485 2019 630 2042 aeternum.

309 2063 353 2091 18.
383 2063 459 2090 Alios
474 2061 583 2096 quidem
607 2060 634 2087 in
657 2059 760 2092 ﬂetum,
781 2064 808 2087 et
825 2059 967 2087 stridorem
992 2059 1060 2086 den-

275 2116 343 2138 tium
361 2108 467 2136 tradet:
483 2107 552 2134 alios
561 2110 649 2134 autem
659 2106 687 2133 in
696 2106 784 2142 ignem
799 2105 1057 2141 inexstinguibilem.

312 2157 357 2184 19.
382 2157 412 2183 In
429 2159 558 2182 :elernum
570 2154 721 2180 doctrinam
737 2159 832 2179 eorum
849 2152 999 2187 disperdes.

310 2202 356 2230 20.
387 2200 599 2228 Adiuvenliones
611 2206 706 2226 eorum
727 2197 847 2232 iniquas.

308 2248 353 2275 2i.
385 2247 436 2274 Alii
465 2245 573 2281 quidem
591 2244 764 2279 insurgentes
790 2244 818 2271 in
843 2247 869 2271 te
893 2244 921 2271 in
940 2243 1058 2271 adventu

278 2300 340 2326 tuo;
355 2293 400 2320 alii
419 2296 509 2319 autem
525 2290 682 2318 resistentes
696 2289 803 2316 veritati
820 2293 882 2316 tum.

310 2339 354 2366 2‘2.
382 2337 508 2372 Pugnare
520 2340 616 2363 contra
633 2338 660 2362 te
672 2335 828 2361 voluerunt.

311 2384 356 2416 25,
375 2383 420 2410 21.
451 2381 586 2414 Quoniam
600 2387 686 2415 pones
711 2386 758 2406 eos
774 2379 801 2405 in
816 2377 980 2413 supplicium
993 2384 1055 2405 cum

277 2430 325 2461 iis,
342 2428 390 2463 qui
412 2427 562 2468 periei-lunt.

312 2474 358 2501 25.
382 2472 539 2501 Glorilicare
560 2469 673 2497 Domine
695 2469 722 2496 in
745 2468 864 2503 potentia
889 2467 1057 2496 fortitudinis

277 2525 330 2546 tuae
347 2522 469 2552 tempore
487 2514 594 2550 judicii.

310 2564 356 2592 ‘26.
383 2563 412 2590 ln
431 2561 583 2597 praepositis
598 2560 710 2596 psalmis
726 2559 867 2588 laudantes
881 2559 1055 2587 narrabimus

276 2610 375 2648 iudicia
393 2608 524 2637 tremendi
538 2607 576 2635 tui
590 2606 740 2635 tribunalis.

311 2695 335 2714 ”
351 2697 445 2724 Matth.
465 2704 530 2729 xxv,
548 2695 592 2723 51.

1152 1421 1195 1448 10.
1218 1421 1261 1448 Ἐν
1274 1423 1308 1457 τῇ
1323 1421 1446 1457 βασιλείᾳ
1459 1429 1516 1448 σου.

1151 1466 1193 1494 11.
1211 1467 1305 1501 Λέγων
1327 1467 1396 1503 πρὸς
1411 1467 1508 1494 αὐτόν·
1537 1467 1637 1501 Δεῦρο,
1662 1468 1680 1494 ό
1697 1467 1900 1503 εὐλογημένος

1075 1503 1097 1533 C
1112 1512 1166 1539 τοῦ
1178 1513 1292 1546 Πατρός
1302 1521 1372 1547 μου.

1146 1559 1190 1586 12.
1207 1559 1323 1594 Θεωρῶν
1343 1559 1373 1585 τὸ
1396 1558 1541 1595 πρόσωπόν
1561 1566 1607 1585 σου
1621 1559 1650 1585 ὲν
1665 1559 1698 1595 τῇ
1715 1558 1840 1597 βασιλείᾳ
1853 1569 1902 1586 σοι»

1111 1604 1339 1640 εὐφρανθήσεται.

1147 1651 1190 1678 15.
1215 1651 1244 1677 ’0
1258 1651 1351 1682 πιστὸς
1363 1651 1437 1682 λαός.

1147 1696 1191 1723 14.
1210 1697 1254 1723 Ἐν
1274 1696 1312 1732 τῷ
1332 1696 1377 1724 τὸν
1399 1695 1464 1722 Θεὸν
1483 1695 1569 1722 ἐλθεῖν
1590 1695 1687 1727 αὐτὸν,
1705 1697 1904 1733 ὲστςριτμένος

1110 1743 1198 1771 ἔσται.

1146 1787 1190 1815 15.
1209 1787 1237 1815 Ὁ
1252 1787 1315 1819 Υἱός
1330 1795 1376 1814 σου
1389 1787 1528 1822 συντρίψει
1541 1787 1603 1818 τοὺς
1614 1785 1729 1821 ἐχθρούς
1742 1794 1798 1812 σου.

1146 1832 1189 1860 16.
1211 1833 1241 1859 '0
1259 1832 1338 1863 αὐτὸς
1359 1833 1504 1867 μονογενὴς
1522 1831 1584 1862 Υἱός
1599 1839 1645 1858 σου
1664 1832 1678 1858 ό
1695 1831 1728 1858 ὲκ
1742 1831 1838 1864 δεξιῶν
1851 1840 1902 1860 ων

1110 1877 1262 1913 καθήμενος
1273 1899 1280 1911 ,
1295 1878 1328 1903 δι’
1341 1875 1370 1904 οὗ
1385 1878 1515 1912 ἐποίησας
1531 1877 1564 1904 τὰ
1581 1877 1668 1904 πάντα
1678 1897 1686 1908 .
1704 1877 1742 1908 ὡς
1755 1877 1799 1904 δία
1810 1878 1899 1910 δεξιᾶς

1111 1923 1263 1958 συγκλείσει
1278 1923 1380 1955 πάντας
1395 1924 1493 1955 αὐτοὺς
1507 1924 1547 1955 είς
1562 1923 1673 1950 αίωνίαν
1688 1923 1808 1951 κόλασιν.

1147 1969 1190 1996 17.
1206 1969 1266 1995 Ὅτι
1282 1970 1311 1995 ὲν
1326 1970 1359 2004 τῇ
1381 1969 1519 2004 συντελείᾳ
1532 1968 1579 1995 τοῦ
1595 1969 1691 2001 aliive;
1706 1969 1802 2002 δώσεις
1817 1970 1900 2002 αὑτὸς

1111 2014 1232 2052 [αὐτούς]
1250 2015 1289 2047 είς
1302 2015 1332 2041 τὸ
1346 2014 1401 2050 πῦρ
1413 2015 1443 2041 τὸ
1455 2015 1571 2041 αἰώνιον.

1146 2060 1188 2088 18.
1203 2061 1272 2092 Τοὺς
1293 2061 1341 2096 μὲν
1357 2059 1411 2096 γὰρ
1425 2062 1464 2092 είς
1479 2062 1524 2087 τὸν
1546 2060 1683 2095 κλαυθμὸν
1706 2061 1754 2088 καὶ
1775 2060 1902 2097 βρυτμξν

1110 2107 1164 2134 τῶν
1176 2107 1288 2133 ὀδόντων
1302 2106 1424 2143 παραδῷ,
1441 2107 1504 2138 τοὺς
1517 2106 1544 2133 δὲ
1561 2106 1684 2142 ἀσϐέστῳ
1697 2107 1773 2143 πυρί.

1150 2152 1190 2179 l9.
1205 2151 1260 2186 Τὴν
1272 2151 1443 2178 διδασκαλίαν
1454 2150 1542 2177 αὐτῶν
1557 2151 1678 2184 ἀφανιεῖς
1690 2151 1730 2182 εἰς
1742 2150 1786 2177 τὸν
1799 2150 1899 2178 αἰῶνα.

1144 2197 1188 2224 20.
1206 2198 1246 2224 Τὰ
1257 2196 1460 2232 ἐπιτηδεύματα
1474 2195 1562 2223 αὐτῶν
1579 2196 1613 2222 τὰ
1624 2195 1709 2230 ὄνομα
1724 2196 1773 2231 (l).

1143 2243 1188 2270 21.
1200 2243 1231 2270 Οἱ
1251 2243 1299 2278 μὲν
1316 2241 1506 2269 ὲπανίστανταί
1522 2240 1739 2276 [ἐπανιστάντες]
1761 2240 1800 2275 (2)
1813 2249 1853 2267 σοι
1868 2241 1902 2267 ὲν

1109 2289 1142 2324 τῇ
1153 2288 1288 2323 παρουσίᾳ
1296 2296 1352 2314 σου·
1364 2288 1387 2314 ot
1398 2287 1426 2314 δὲ.
1435 2287 1624 2321 ἀνθιστάμενοι
1632 2290 1661 2313 εν
1668 2287 1702 2322 τῇ
1711 2286 1826 2323 ἀληθείᾳ
1836 2295 1900 2314 σου.

1143 2332 1188 2360 22.
1212 2331 1336 2367 ’Δντᾶροίι
1348 2331 1482 2367 ἠθέλησαν
1496 2331 1566 2358 κατὰ
1579 2330 1635 2358 σοῦ.

1143 2379 1189 2409 2'5,
1201 2378 1246 2405 24.
1263 2379 1323 2405 Ὅτι
1341 2377 1433 2413 ϐήσεις
1448 2377 1546 2409 αὐτοὺς
1560 2377 1599 2409 εἰς
1612 2376 1747 2413 τιμωρίαν
1758 2377 1827 2412 μετὰ
1839 2377 1902 2405 τῶν

1109 2423 1210 2450 ἀπολλυ
1214 2423 1310 2458 μένων.

1141 2467 1186 2494 25.
1201 2467 1358 2502 Δοξάσθητι,
1370 2467 1466 2503 Κύριε,
1479 2468 1508 2493 ὲν
1520 2466 1558 2503 τῷ
1571 2466 1668 2503 κράτει
1680 2467 1729 2503 τῆς
1744 2466 1832 2502 ίσχῦος
1845 2475 1900 2493 σου

1109 2514 1138 2540 ἑν
1149 2513 1188 2548 τῷ
1204 2512 1290 2548 καιρῷ
1305 2513 1355 2548 τῆς
1366 2513 1492 2548 κρίσεως.

1143 2558 1188 2585 26.
1213 2557 1405 2593 Ἀνυμνοῠντες
1434 2560 1462 2585 ὲν
1485 2559 1541 2590 τοῖς
1563 2558 1753 2594 προκειμένοις
1775 2558 1898 2594 ψαλμοῖς

1109 2603 1293 2639 διηγησόμεθα
1309 2603 1343 2630 τὰ
1359 2605 1486 2640 κριτήρια
1502 2604 1547 2631 τοῦ
1562 2604 1678 2641 φοϐεροῦ
1698 2613 1745 2631 σου
1758 2604 1895 2639 βήματα.

749 2772 898 2803 Addenda
919 2775 948 2802 et
964 2768 1151 2809 corrigenda
1170 2776 1209 2799 ex
1226 2767 1295 2798 cod.
1314 2766 1412 2797 Vatic.

311 2858 350 2893 ‘1.)
367 2858 474 2893 Ἀνομσ,

1145 2848 1182 2884 (ἓ)
1205 2847 1417 2879 Ἐπαναστάντις
