1919 3051
18 152 74 178 7‘21

492 155 537 184 DE
560 158 700 186 TITULIS
719 160 944 191 PSALMORUM.
964 179 999 186 -
1017 165 1114 194 PSAL.
1135 165 1205 195 XXI.

1604 172 1658 200 72!

18 214 77 246 Εἰς
91 213 128 240 τὸ
151 212 250 246 τέλος,
263 215 339 248 νπὲρ
354 214 408 249 τῆς
424 216 612 252 ἀντιλήψεως
628 218 682 253 τῆς
693 219 808 255 ἑωθινῆς

888 222 911 250 in
924 223 1002 258 ﬁnem
1011 244 1018 258 ,
1031 233 1079 260 pro
1092 226 1254 261 susceptione
1268 231 1411 261 matutina,
1424 228 1540 263 psalmus
1560 228 1658 258 David.

197 261 319 298 ψατιμὲς
329 260 369 293 τῷ
381 262 479 289 Δαϐίδ.
496 265 582 291 ΨΑΛ.
596 264 660 293 KA'.

61 304 92 331 1.
112 304 145 331 '0
156 305 234 338 Θεὸς,
246 307 261 333 ὁ
273 305 338 338 Θεός
355 316 418 343 μου,
435 309 551 345 πρόσχες
564 318 620 345 μοι·
635 311 678 338 ἵνα
689 311 716 338 τί
728 313 824 347 ὲγκατ-

17 350 125 383 ἐλιπές
142 360 193 387 ps;

60 397 92 423 ‘2.
110 398 231 434 Μακρὰν
251 399 305 426 ἀπὸ
327 399 376 435 τῆς
400 401 537 437 σωτηρίας
561 411 611 438 μου
628 403 652 429 οι
674 403 746 438 λόγοι
768 404 823 433 τῶν

18 446 268 480 παραπτωμάτων
285 454 345 480 μου.

60 490 91 517 5.
115 491 146 517 '0
161 490 227 522 0.6;
242 500 308 526 μου,
329 492 498 528 κεκράξομαι
514 493 629 530 ἡμέρας,
641 495 688 522 καὶ
702 496 753 523 οὐκ
767 497 823 524 εισ-

17 535 147 572 ακούσῃ,

59 582 91 608 ι.
110 582 168 608 Καὶ
183 583 288 615 νυκτὸς,
303 584 349 609 καὶ
363 583 412 610 οὐκ
427 584 466 616 εἰς
482 583 573 611 ἄνοιαν
589 585 660 621 ἐμοί.

58 626 88 654 5.
108 628 146 654 Σὺ
163 627 192 654 δὲ
209 629 237 654 ἐν
249 629 318 664 ἁγίῳ
330 631 475 661 κατοικεῖς,
488 630 502 656 ὁ
514 630 623 663 ἔπαινος
634 631 682 658 τοῦ
701 632 818 669 Ἰσραήλ.

59 673 90 700 6.
117 674 181 700 Ἐπὶ
193 675 234 701 σοὶ
248 675 366 710 ἤλπισαν
379 676 402 702 οἱ
420 676 536 711 πατέρες
552 676 642 712 ἡμῶν,

60 718 90 748 7.
109 719 258 752 Ἦλπισαν,
279 720 325 747 καὶ
338 721 444 757 ἐῤῥύσω
460 721 558 753 αὐτούς

58 766 90 794 8.
108 766 182 801 una;
197 766 228 792 σὲ
240 766 401 802 ὲκέκραξαν,
414 767 460 794 καὶ
474 767 623 802 ἐσώθησαν,

58 811 89 840 9.
114 813 177 839 Ἐπὶ
192 814 232 839 σοὶ
245 813 371 848 ἧλπισαν,
389 814 437 840 καὶ
452 813 482 840 οὺ
501 813 736 850 κατῃσχύνθησαν.

58 858 107 886 10.
133 858 203 892 Ἐγὼ
215 859 243 885 δέ
259 860 315 894 ειμι
329 858 447 894 σκώληξ,
460 860 507 886 καὶ
519 860 569 886 οὐκ
583 860 734 896 ἄνθρωπος,

59 905 109 931 11.
129 904 250 936 ὀνειδος
264 904 424 940 ἀνθρώπων,
440 905 487 932 καὶ
500 905 667 942 ὲξουθένημα
679 905 720 943 [in
733 915 817 944 marg.
834 904 856 932 Β

18 951 85 977 cod.
99 950 282 986 ὲξουδένωμα]
299 951 375 978 λαοῦ.

57 996 106 1023 12.
122 996 226 1028 Πάντες
242 998 267 1023 οἱ
284 997 447 1032 θεωροῦντές
461 1006 494 1033 με
506 997 723 1034 ὲξεμυκτήρισάν
740 1007 784 1035 με’

57 1042 105 1069 15.
129 1042 276 1078 Ἑλάλησαν
293 1043 322 1069 ὲν
337 1043 462 1078 χείλεσιν,
476 1044 604 1079 ἐκίνησαν
616 1044 746 1081 κεφαλήν.

57 1086 106 1114 11.
122 1087 255 1114 Ἦλπισεν
271 1088 317 1115 ἐπὶ
332 1088 443 1124 Κύριον,
460 1089 586 1124 ῥυσάσθω
602 1090 693 1117 αὐτόν·

57 1130 105 1158 15.
122 1131 240 1158 Σωσάτω
251 1132 342 1164 αὑτὸν,
353 1133 393 1159 ὅτι
405 1132 475 1160 θέλει
491 1134 580 1161 αὐτόν.

57 1177 104 1204 16.
121 1177 183 1204 Ὀτι
201 1179 233 1205 σὺ
246 1176 272 1205 εἷ
282 1179 297 1205 ό
310 1179 450 1212 ἑκσπάσας
468 1189 502 1216 με
515 1181 546 1207 ἐκ
560 1182 689 1218 γαστρός·

1170 271 1272 300 PSAL.
1290 271 1370 301 XXI.

912 315 938 342 1.
955 314 1036 349 Deus,
1052 316 1123 345 Deus
1138 325 1226 351 meus,
1239 319 1343 354 respice
1356 320 1384 346 in
1392 327 1445 354 me,
1459 328 1544 355 quare
1558 328 1601 348 me
1610 321 1657 349 de-

876 361 1008 396 reliquisti
1020 363 1032 389 ?

910 407 935 434 2.
955 407 1046 444 Longe
1059 417 1075 437 a
1087 416 1171 438 salute
1184 418 1242 438 mea
1255 411 1336 439 verba
1348 412 1507 440 delictowm
1522 420 1655 440 meorum.

909 496 935 524 ὅ.
949 496 1020 525 Deus
1031 505 1117 531 meus,
1130 498 1252 526 clamabo
1259 506 1306 534 per
1315 498 1398 533 diem,
1411 504 1438 526 et
1448 507 1502 527 non
1515 499 1653 533 exaudies,

909 590 935 617 4.
951 589 984 617 Ει
999 594 1087 622 nocte,
1107 595 1134 618 ct
1148 598 1200 618 non
1216 591 1249 618 ad
1262 591 1444 626 insipientiam
1456 592 1532 620 mihi.

909 636 935 664 5.
951 636 990 664 Tu
1008 642 1097 664 autem
1113 638 1140 664 in
1155 642 1249 666 sancto
1265 638 1382 670 habitas,
1395 639 1455 667 laus
1465 639 1558 668 Israel.

908 680 934 708 6.
959 681 988 708 ln
1006 686 1031 708 te
1047 688 1225 716 speraverunt
1241 687 1330 718 patres
1348 685 1444 718 nostri,

910 725 935 752 7.
961 725 1157 761 Speravcrunt,
1172 732 1196 756 et
1213 727 1333 756 libcrasti
1348 737 1394 757 eos
1407 739 1413 757 :

906 771 934 799 8.
962 772 1004 799 Ad
1018 777 1043 799 te
1059 773 1255 807 clamaverunt,
1273 779 1300 802 et
1315 775 1382 802 salvi
1397 775 1461 804 facti
1475 780 1551 809 sunt,

907 817 933 845 9.
959 817 989 844 In
1005 823 1031 845 te
1051 825 1240 853 speraverunt,
1261 824 1356 848 etnon
1371 827 1436 848 sunt
1454 821 1570 850 confusi.

908 863 951 890 10.
973 862 1030 898 Ego
1043 869 1133 891 autem
1149 872 1210 892 sum
1229 867 1340 899 vermis,
1363 871 1390 894 et
1412 875 1467 894 non
1481 867 1583 900 homo;

906 908 949 937 11,
973 907 1155 944 Opprobrium
1170 910 1324 946 hominum,
1339 917 1365 940 et
1378 912 1495 948 abjectio
1512 913 1607 948 plebis.

905 998 950 1027 12.
975 998 1077 1027 Omnes
1093 999 1216 1028 videntes
1231 1008 1286 1033 me,
1310 1001 1467 1029 deriserunt
1480 1009 1524 1028 me
1539 1010 1548 1029 :

906 1045 948 1072 15.
971 1044 1068 1073 Locuti
1090 1051 1155 1074 sunt
1173 1047 1262 1078 labiis,
1278 1052 1305 1075 et
1322 1051 1466 1075 moverunt
1479 1040 1570 1083 caput.

904 1092 948 1119 14.
975 1092 1101 1126 Speravit
1115 1093 1141 1119 in
1159 1092 1286 1127 Domino,
1302 1093 1399 1129 eripiat
1412 1101 1493 1121 eum:
1634 1130 1639 1133 _

905 1136 950 1164 15.
977 1136 1088 1164 Salvum
1104 1137 1186 1165 faciat
1201 1145 1273 1171 eum,
1288 1139 1418 1173 quoniam
1435 1139 1493 1166 vult
1505 1146 1578 1166 eum.

905 1184 948 1211 l6.
973 1183 1107 1217 Quoniam
1120 1189 1148 1211 tu
1164 1191 1204 1217 es,
1219 1184 1266 1220 qui
1282 1185 1424 1212 extraxisti
1437 1193 1479 1213 me
1493 1185 1526 1212 de
1539 1188 1648 1212 ventre:

590 1241 781 1271 ATHANASH
802 1243 1092 1272 INTERPRETATIO.

59 1285 95 1312 Ἦ
114 1285 282 1322 προκειμένη
304 1288 442 1323 επιγραφὴ
460 1289 580 1324 περιέχει
595 1290 649 1325 (1)”
663 1292 715 1323 Εις
731 1292 763 1318 τὸ
779 1291 877 1325 τέλος,
892 1292 968 1327 ὑπὲρ
982 1291 1035 1326 τῆς
1057 1291 1244 1326 ἀντιλήψεως
1256 1290 1310 1325 τῆς
1326 1289 1460 1324 ἑωθινῆς,
1477 1289 1598 1324 ψαλμὸς
1610 1289 1649 1322 τῷ

18 1331 122 1359 Δαείδ.
131 1332 216 1359 Τοῦτο
231 1331 276 1359 οὖν
292 1333 376 1367 λέγει,
393 1334 433 1360 ὃτι
443 1333 661 1372 ψαλμὸςεῖρηται
675 1337 727 1364 ὑπὸ
748 1338 794 1365 τοῦ
809 1339 890 1365 Δαΰὶδ
904 1340 967 1375 περὶ
984 1339 1034 1374 τῆς
1055 1338 1222 1374 ἀντιλήψεως
1232 1338 1282 1373 τῆς
1292 1338 1440 1373 γενομένης
1457 1337 1522 1372 ἡμῖν
1538 1336 1589 1363 ὑπὸ
1601 1336 1648 1363 τοῦ

19 1378 88 1405 Θεοῦ
96 1378 176 1414 ἡμῶν
184 1379 281 1415 Ἰησοῦ,
292 1380 372 1415 ἡνίκα
381 1380 516 1408 ἀνέτειλεν
526 1383 592 1418 ἡμῖν
607 1383 664 1418 φῶς
677 1383 721 1410 διὰ
729 1384 776 1411 τοῦ
788 1386 884 1413 ἑαυτοῦ
895 1386 998 1418 πάθους
1010 1387 1067 1418 τοῖς
1082 1386 1248 1422 καθημένοις
1256 1386 1284 1412 έν
1295 1386 1386 1412 σκότει
1396 1387 1443 1412 καὶ
1450 1386 1512 1421 σκιᾷ
1521 1385 1647 1413 θανάτου.

53 1435 165 1464 Titulus
181 1437 341 1472 pra-positus
360 1438 481 1464 continet
495 1446 501 1463 :
519 1437 553 1465 In
565 1439 654 1473 ﬁnem,
670 1448 717 1475 pro
733 1443 894 1476 susceptione
910 1442 1052 1474 matutina,
1074 1444 1192 1476 psalmus
1208 1440 1304 1468 David.
1320 1439 1377 1467 Hoc
1394 1443 1482 1467 autem
1499 1439 1647 1474 signiﬁcat,

18 1482 95 1517 quod
113 1482 235 1517 psalmus
251 1483 340 1512 dictus
353 1489 395 1512 est
407 1493 422 1512 a
436 1484 537 1513 Davide
552 1486 585 1513 de
603 1488 785 1522 susceptione,
803 1496 864 1524 qua:
884 1489 954 1516 facta
968 1493 1010 1517 est
1031 1489 1109 1516 nobis
1124 1497 1139 1516 a
1155 1488 1210 1516 Deo
1225 1492 1320 1516 nostro
1333 1487 1408 1522 Iesu,
1428 1495 1490 1515 cum
1507 1487 1585 1516 nobis
1601 1495 1646 1516 se-

18 1528 151 1556 dentibus
167 1529 194 1556 in
210 1530 328 1558 tenebris
343 1535 369 1558 et
384 1532 480 1560 umbra
496 1533 602 1566 mortis,
617 1542 665 1569 per
679 1535 764 1570 ipsius
778 1537 932 1571 passionem
949 1537 995 1564 lux
1012 1541 1070 1564 orta
1086 1542 1127 1564 est
1139 1537 1171 1563 “.

56 1575 84 1602 1.
108 1575 155 1601 Ἐκ
169 1576 314 1612 προσώπου
332 1578 378 1605 τοῦ
396 1579 458 1606 λαοῦ
476 1580 559 1614 λέγει.

54 1621 86 1648 2.
103 1621 154 1648 Διὰ
169 1622 204 1649 τὰ
217 1624 428 1660 παραπτώματά
446 1634 497 1662 μου
510 1627 668 1664 ὲμακρύνθη
685 1629 702 1664 ή
721 1637 809 1665 σωτη-

21 1667 69 1701 ρία
85 1675 148 1701 μου.

55 1712 84 1739 5.
107 1713 152 1739 Ἐν
164 1715 198 1749 τῇ
212 1714 285 1750 ἀρχῇ
297 1715 350 1743 τῶν
367 1717 522 1753 προφητῶν.

54 1760 86 1784 Δ.
107 1758 170 1784 Ἐπὶ
194 1760 333 1795 συντελείᾳ
346 1761 401 1789 τῶν
423 1761 528 1790 αἰώνων
539 1763 684 1799 βοήσομαι,
698 1765 746 1792 καὶ
760 1765 810 1792 οὐκ

20 1805 59 1835 εἰς
74 1805 164 1839 μάτην
181 1814 224 1840 μοι
239 1807 393 1842 γενήσεται.

53 1850 82 1876 5.
105 1851 148 1876 Ἐν
160 1851 199 1886 τῷ
207 1853 294 1888 Πατρὶ
302 1855 448 1887 κατοικεῖς,
459 1855 473 1881 ὁ
484 1855 592 1888 ἔπαινος
601 1855 639 1892 (2)
649 1856 703 1883 τῶν
714 1857 807 1892 ἁγίων.

55 1894 116 1921 6-9.
131 1894 209 1928 Νῶε,
233 1896 312 1930 Λὼτ,
331 1898 439 1931 Ἰακὼϐ,
457 1900 592 1936 Μωῡσῆς,
612 1901 713 1938 Ἰησοῦς
733 1903 747 1928 ὁ
763 1902 808 1929 τοῦ

21 1939 112 1973 Ναυῆ,
130 1940 177 1966 καὶ
193 1942 217 1967 οῐ
232 1942 340 1977 Κριταὶ.

54 1984 102 2017 10,
121 1985 164 2012 11.
178 1986 216 2020 (5)
238 1987 285 2013 Ἐκ
296 1988 342 2014 τοῦ
358 1989 503 2024 προσώπου
515 1991 561 2018 τοῦ
575 1992 678 2027 Κυρίου
695 1993 767 2028 λέγει
779 1993 809 2020 τὸ

22 2031 66 2057 ἐπὶ
87 2031 139 2067 γῆς
164 2031 279 2068 ὀφθῆναι
302 2034 340 2070 (lt)
359 2035 603 2072 ἀναστρεφόμενον,
627 2038 673 2065 καὶ
697 2039 743 2065 ἐπὶ
761 2039 807 2071 ξύ-

22 2077 65 2105 λου
95 2079 134 2114 (5)
161 2079 207 2106 τοῦ
240 2081 356 2116 σταυροῦ
386 2082 466 2110 αὑτὸν
495 2083 621 2111 τεθνάναι
650 2085 808 2119 έμπαγέντα

23 2125 58 2160 τῷ
72 2125 111 2160 (6)
128 2125 198 2162 ξύλῳ
214 2126 265 2153 ὑπὸ
274 2127 329 2154 τῶν
343 2128 425 2164 ἥλων,
443 2130 489 2155 καὶ
502 2130 645 2165 γενόμενον
662 2131 698 2166 (7)
713 2131 807 2167 δέλεαρ

23 2171 58 2206 τῷ
73 2170 198 2206 διαϐόλῳ.

55 2218 100 2249 12,
115 2218 158 2245 15.
173 2218 209 2254 (8)
227 2219 321 2251 Ὅντος
342 2219 396 2255 γὰρ
414 2220 495 2247 αὑτοῦ
513 2221 559 2248 ἐπὶ
578 2221 624 2248 τοῦ
640 2222 766 2258 σταυροῦ,
782 2223 806 2250 et

824 1586 846 1615 α
896 1583 923 1610 1.
950 1583 990 1611 Ex
1008 1591 1125 1619 persona
1139 1583 1230 1618 populi
1248 1582 1377 1617 loquitur.

894 1629 922 1656 2.
952 1628 1066 1664 Propter
1079 1628 1178 1656 delicta
1193 1635 1252 1656 mea
1268 1624 1348 1664 longe
1362 1627 1433 1655 facta
1449 1632 1492 1656 est
1506 1635 1522 1655 a
1538 1634 1582 1656 me
1595 1633 1642 1656 sa-

860 1675 904 1702 lus
925 1682 995 1702 mea.

897 1721 924 1748 5.
950 1720 978 1748 ln
994 1720 1129 1755 principio
1143 1720 1349 1755 praphetarum.

895 1767 922 1793 4.
950 1767 979 1793 ln
1001 1766 1239 1793 consummatione
1260 1766 1420 1793 saeculorum
1436 1764 1569 1798 clamabo,
1594 1772 1642 1792 ne‘

859 1819 912 1847 que
928 1811 954 1838 id
977 1811 1043 1838 mihi
1067 1810 1251 1838 frustraneum
1271 1811 1334 1838 erit.

895 1858 921 1885 5.
939 1857 969 1884 In
984 1857 1063 1886 Patre
1078 1857 1194 1890 habitas,
1215 1857 1275 1885 laus
1300 1861 1466 1886 sanctorum.

895 1913 954 1941 6-9.
970 1912 1037 1946 Noe,
1047 1912 1107 1943 Lot.
1123 1912 1216 1946 Jacob,
1229 1913 1344 1949 Moyses,
1359 1913 1439 1941 Jesus
1452 1912 1536 1948 Nave,
1550 1919 1577 1942 et
1589 1913 1638 1941 Ju-

858 1960 942 1988 dices.

895 2005 938 2038 10,
957 2005 1000 2032 ll.
1015 2005 1054 2033 Ex
1068 2014 1183 2041 persona
1199 2006 1307 2034 Domini
1329 2007 1404 2039 dicit,
1424 2007 1560 2042 quomodo
1575 2014 1640 2034 con-

857 2054 982 2078 versatus
1009 2052 1036 2078 in
1073 2052 1154 2079 terris
1181 2052 1316 2087 apparuit,
1347 2056 1374 2080 et
1399 2053 1427 2079 in
1450 2052 1540 2079 crucis
1566 2052 1640 2087 ligno

858 2101 983 2124 mortuus
999 2101 1040 2124 est
1054 2097 1137 2124 clavis
1160 2098 1233 2132 ligno
1254 2097 1359 2129 aﬂixus,
1373 2102 1400 2125 et
1415 2105 1476 2126 esca
1493 2097 1581 2125 factus
1598 2101 1640 2124 est

858 2143 978 2171 diabolo.
994 2143 1148 2179 [Tanquam
1165 2145 1266 2171 vermis
1281 2144 1315 2171 ad
1335 2144 1494 2180 capiendum
1513 2143 1639 2180 piscem.]

894 2219 937 2251 12,
958 2220 1001 2246 15.
1029 2220 1098 2248 Cum
1113 2211 1195 2248 enim
1207 2222 1234 2248 in
1252 2229 1333 2250 cruce
1351 2227 1432 2253 esset,
1446 2226 1639 2256 praetereuntes

25 2264 275 2299 παραπορευόμενοι
294 2265 485 2301 ἐϐλασφήμουν
511 2266 591 2293 αὐτὸν
607 2255 749 2301 λέγοντες·
770 2269 805 2295 Εἰ

888 2266 1080 2300 asphemabant
1104 2274 1166 2294 eum
1194 2267 1338 2296 dicentes:
1366 2268 1397 2295 Si
1419 2255 1508 2295 Filius
1532 2267 1580 2294 Dei
1599 2276 1637 2302 ea,

27 2309 92 2342 Υιὸς
114 2307 142 2336 εἴ
161 2309 214 2336 τοῦ
239 2310 323 2341 Θεοῦ.
347 2311 488 2345 κατάϐηθι
507 2312 567 2339 ἀπὸ
589 2312 643 2340 τοῦ
661 2314 802 2348 σταυροῦ,

25 2355 155 2387 κινοῦντες
166 2356 214 2387 τὰς
230 2357 349 2391 κεφαλὰς
360 2357 451 2392 ἔλεγον
463 2358 558 2386 ταῦτα.

56 2400 101 2431 14,
121 2400 164 2427 15.
181 2401 291 2436 Ἔλεγον
310 2402 335 2427 οἱ
352 2402 505 2438 ἀρχιερεῖς·
527 2403 673 2432 Πέποιθεν
687 2405 736 2432 ἐπὶ
749 2405 804 2432 τὸν

26 2447 109 2474 Θεόν·
122 2446 264 2480 ῥυσάσθω
279 2449 372 2476 αὐτόν
385 2450 433 2485 (9).

57 2491 100 2520 16.
119 2492 148 2519 '0
171 2493 376 2530 ἐσταυρωμένος
397 2495 471 2530 λέγει
493 2497 532 2533 τῷ
556 2497 660 2534 Πατρί·
683 2498 732 2525 Ἐκ
754 2508 803 2533 τα-

26 2537 112 2572 στρὸς
123 2539 178 2573 πρὸ
192 2540 362 2575 Ἑωσφόρου
371 2541 538 2577 ὲγέννησάς
544 2552 582 2578 με
596 2544 662 2580 (10).

58 2595 80 2611 ¹⁹
97 2593 148 2623 lsa.
163 2603 200 2629 rx,
214 2596 241 2624 2.
279 2597 337 2613 ³⁸·δο
352 2597 445 2625 Matth.
460 2607 544 2632 axvrt,
559 2600 603 2628 10.
641 2600 661 2616 ⁵¹
680 2600 744 2628 ibid.
758 2601 802 2628 45.

859 2311 984 2338 destende
1003 2312 1034 2340 de
1057 2321 1133 2341 cruce
1160 2314 1236 2349 ³⁸-δο,
1257 2319 1397 2343 moventes
1416 2315 1505 2350 capita
1516 2323 1564 2343 sua
1582 2315 1639 2342 baro

856 2357 991 2386 dicebant.

888 2404 932 2438 H,
950 2405 992 2432 15.
1020 2405 1150 2432 Dicebant
1167 2404 1303 2440 principes
1320 2407 1492 2434 sacerdotum
1518 2415 1525 2434 :
1547 2405 1641 2442 Conﬁ-

859 2452 898 2478 dit
916 2452 943 2478 in
961 2451 1037 2479 Deo:
1054 2452 1143 2479 liberet
1158 2461 1217 2479 eum
1230 2452 1264 2480 “.

895 2497 940 2524 16.
964 2497 1116 2525 Crurilixus
1137 2498 1202 2526 dicit
1215 2498 1288 2526 Patri
1303 2508 1309 2526 :
1329 2497 1372 2524 Ea:
1387 2502 1459 2525 utero
1473 2501 1534 2524 ante
1549 2497 1576 2523 lu

857 2552 915 2571 rum
928 2545 1041 2580 genuisti
1058 2553 1097 2571 me
1108 2544 1142 2572 “.

840 2602 862 2616 ⁸²
875 2600 946 2628 Psal.
961 2608 1015 2632 cxx,
1030 2601 1056 2628 5.

491 2656 644 2688 Addenda
673 2661 703 2689 et
729 2657 913 2697 corrigenda
933 2666 972 2688 ex
995 2659 1182 2688 cod-Vatia.

71 2712 95 2780 1)
112 2713 264 2749 Ἐπιγραφὴ
275 2716 291 2756 ν]
302 2715 345 2742 διὰ
359 2715 409 2750 τῆς
422 2705 606 2752 κινναϐάρεως
623 2718 730 2754 περιέχε
736 2727 754 2745 ι.

71 2747 86 2774 Ξ
114 2749 142 2774 '0
155 2750 247 2776 ἐπάνω
259 2758 312 2777 των
329 2751 422 2780 ἁγίων.

68 2747 95 2784 ξ)
108 2749 142 2784 ξί)
155 2747 247 2784 ὲττάνω
258 2747 312 2777 τῶν
329 2747 422 2784 ἁγίων.

68 2783 85 2810 5
107 2782 137 2810 Ν.
157 2783 201 2815 10,
216 2784 259 2815 lt.
273 2786 299 2811 in
312 2782 372 2813 cod.
385 2794 412 2814 n.
430 2787 463 2815 10
477 2792 582 2816 tantum

109 2819 192 2854 ᾼύτὺν
206 2819 329 2854 ὀφθῆναι.

59 2817 95 2854 (Δ)
109 2819 192 2845 Αὐτὸν
206 2819 329 2854 ὀφθῆναι.

59 2853 96 2886 (5)
109 2852 160 2880 Τοῦ
177 2853 266 2886 ξύλου.

888 2717 926 2753 (6)
942 2715 994 2744 Οὗν
1011 2718 1058 2753 τῷ.

891 2751 930 2789 (ἶ)
946 2754 1003 2789 Καὶ
1015 2751 1171 2789 γενόμενον,
1186 2758 1250 2786 etc.,
1268 2754 1366 2782 desunt
1380 2753 1406 2781 in
1422 2751 1482 2780 cod.

889 2788 927 2823 (8)
945 2788 975 2815 Ν.
992 2788 1035 2821 εἳ,
1050 2789 1092 2820 15,
1108 2788 1135 2814 in
1148 2790 1208 2816 cod.
1222 2797 1249 2815 ιι.
1266 2789 1354 2816 11-15.

889 2823 926 2858 (9)
940 2823 1043 2855 Αὑτὼν,
1061 2825 1085 2850 εἰ
1101 2823 1171 2850 θέλει
1184 2824 1274 2852 αὐτόν.

891 2859 946 2895 (10)
960 2859 1127 2895 Γεγέννηκάς
1145 2867 1191 2894 με.
