1919 3051
252 153 305 182 725

288 221 332 249 Π.
359 220 427 257 Spes
440 229 499 250 mea
513 225 548 250 ab
562 223 692 251 uberibus
712 226 808 253 matris
821 233 889 253 mete
901 235 908 254 ε

289 267 331 294 l8.
359 265 387 294 ln
403 271 428 294 te
442 267 579 302 projectus
598 275 659 295 sum
674 276 706 296 ex
723 274 800 296 utero
814 279 822 297 :

287 312 330 339 19.
358 311 395 339 De
409 317 502 340 ventre
516 314 611 340 matris
625 321 701 346 mete,
715 313 786 342 Deus
799 323 875 343 meus
888 323 917 343 es
933 321 960 343 tu
972 325 978 342 :

285 357 330 383 20.
353 357 392 384 Ne
415 358 575 386 discesseris
601 366 617 387 a
643 367 696 390 me,
725 360 853 394 quoniam
891 361 1034 389 tribulatio

253 403 375 437 proxima
387 407 440 435 est,

286 448 330 475 2i.
353 448 485 481 Quoniam
497 457 550 477 non
566 455 617 483 est,
632 451 678 485 qui
696 450 806 486 adjuvet
820 459 877 482 me!

286 494 330 521 29..
356 494 601 524 Circumdederunt
618 504 661 523 me
676 497 754 524 vituli
772 497 860 530 multi,

285 540 330 567 25.
362 540 444 567 Tauri
458 541 573 576 pingues
590 542 755 570 obsederunt
767 550 810 570 me
824 551 831 569 :

287 586 334 614 24.
358 588 528 621 Aperuerunt
542 596 624 623 super
648 596 690 616 me
704 596 735 616 os
751 597 842 621 suum,

285 632 331 659 25.
357 632 434 661 Sicut
448 634 491 661 leo
507 634 625 669 rapiens,
638 639 665 662 et
686 635 807 670 rugiens.

285 676 330 705 26.
357 677 435 704 Sicut
452 685 522 712 aqua
533 678 636 705 ell‘usus
650 686 722 711 sum,

284 722 331 750 27.
359 722 392 750 Ει
406 723 530 758 dispersa
544 728 610 751 sunt
626 724 718 751 omnia
729 731 793 751 ossa
808 731 880 751 mea.

285 768 331 796 28.
355 768 468 797 Factum
481 774 523 797 est
542 777 590 797 cor
603 777 694 798 meum
712 774 842 805 tanquam
870 777 933 798 cera
948 769 1036 804 liquo—

251 821 330 841 scens
345 813 372 840 in
389 814 477 842 medio
488 815 591 841 ventris
606 815 670 842 mei.

284 860 332 891 29.
359 861 437 888 Aruit
451 865 580 896 tanquam
597 865 665 889 testa
680 862 767 888 virtus
779 868 837 888 mea
853 870 860 888 :

282 906 328 933 50.
350 905 483 941 Etlingua
499 913 559 932 inca
570 905 684 933 adltmsit
696 905 821 933 faucibus
838 905 925 932 meis:

285 951 330 978 51.
357 950 390 978 Et
402 951 428 978 in
442 951 580 986 pulverem
596 952 691 979 mortis
707 951 843 979 deduxisti
861 959 912 978 me.

287 997 333 1024 52.
357 996 494 1030 Quoniam
513 998 718 1025 circumderunt
732 1005 776 1024 me
799 1005 881 1024 canes
896 996 973 1024 multi
989 1006 996 1023 :

283 1043 328 1071 55.
353 1043 508 1073 Concilium
527 1044 735 1080 malignantium
750 1043 858 1071 obsedit
873 1050 924 1070 me.

671 155 700 183 S.
720 155 906 185 ATHANASII
924 156 1000 185 OPP.
1020 157 1110 188 PARS
1128 159 1173 188 ΙΙΙ.
1192 175 1227 182 —
1246 160 1449 189 EXEGETICA.

1047 220 1070 248 Δ
1119 218 1162 246 17.
1185 218 1216 245 Ἦ
1229 219 1306 251 ἐλπίς
1323 228 1372 254 μου
1385 219 1438 246 ἀπὸ
1454 219 1562 255 μαστῶν
1575 220 1623 255 τῆς
1636 220 1742 256 μητρός
1757 228 1825 255 μου·

1821 162 1881 190 724

1121 263 1164 290 18.
1183 263 1245 290 Ἐπὶ
1260 265 1289 290 σὲ
1303 265 1452 300 ἐπερρίφην
1466 265 1498 291 ὲκ
1514 266 1631 300 μήτρας·

1121 309 1164 336 19.
1184 310 1248 336 Ἀπὸ
1261 310 1379 346 γαστρὸς
1392 310 1492 346 μητρός
1511 319 1560 346 μου
1573 311 1637 342 Θεός
1652 319 1703 346 μου
1716 308 1744 337 εἶ
1758 310 1807 337 σύ·

1121 354 1166 383 20.
1180 355 1225 391 Μὴ
1239 357 1359 392 ἀποστῇς
1375 357 1422 382 ἀπ’
1434 356 1512 392 ἐμοῦ,
1529 357 1569 383 ὅτι
1586 356 1673 389 θλίψις
1687 357 1788 391 ἐγγὺς,

1121 447 1166 474 21.
1184 447 1246 474 Ὅτι
1258 447 1307 474 οὐκ
1320 448 1392 474 ἔστιν
1403 448 1417 474 ὁ
1432 447 1535 483 βοηθῶν
1553 457 1607 483 μοι.

1121 492 1165 519 22.
1182 491 1406 528 Περιεκῦκλωσάν
1423 502 1456 528 με
1472 494 1565 528 μόσχοι
1581 494 1683 527 πολλοὶ,

1122 538 1166 564 25.
1185 538 1285 573 Ταῦροι
1300 539 1390 570 πίονες
1401 539 1543 574 περιέσχον
1561 547 1605 574 με·

1120 584 1165 611 24.
1184 583 1310 615 Ἦνοιξαν
1322 584 1365 610 ἐπ’
1379 584 1428 619 ἐμὲ
1442 584 1472 610 τὸ
1487 585 1571 620 στόμα
1588 585 1687 617 αὐτῶν,

1120 629 1165 661 25.
1184 629 1228 660 Ὠς
1240 630 1308 655 λέων
1324 629 1463 664 ἁρπάζων,
1479 630 1525 656 καὶ
1542 630 1708 666 ὠρυόμενος.

1120 675 1168 706 26.
1186 675 1256 701 Ὠσεὶ
1268 675 1339 710 ὕδωρ
1351 674 1489 711 ἐξεχύθην,

1121 721 1166 751 27.
1180 721 1235 748 Καὶ
1250 721 1441 756 διεσκορπίσθη
1459 721 1546 748 πάντα
1563 721 1596 748 τὰ
1610 722 1676 748 ὀστᾶ
1694 730 1758 757 μου.

1121 766 1165 793 28.
1188 766 1319 801 Ἐγενήθη
1335 768 1351 802 ή
1371 767 1469 802 καρδία
1485 776 1534 802 μου
1547 767 1612 794 ὡσεὶ
1626 767 1710 803 κηρὸς
1723 767 1887 802 τηκόμενρδες

1086 812 1116 838 ὲν
1132 811 1208 847 μέσῳ
1221 812 1271 846 τῆς
1284 811 1386 843 κοιλίας
1403 819 1463 846 μου·

1123 857 1168 884 29.
1187 856 1336 892 Ἐξηράνοη
1348 856 1385 888 ὡς
1397 857 1527 892 ὄστρακον
1543 856 1559 890 ἡ
1577 855 1652 890 ίσχὺς
1669 864 1732 891 μου,

1122 902 1166 929 50.
1179 902 1234 929 Καὶ
1246 903 1262 936 ἡ
1277 901 1387 935 γλῶσσά
1402 910 1452 936 μου
1464 901 1622 936 κεκόλληται
1633 901 1672 936 τῷ
1682 901 1805 936 λάρυγγί
1817 909 1884 937 μω·

1121 949 1165 975 51.
1180 948 1235 974 Καὶ
1249 948 1289 979 είς
1304 947 1367 982 χοῦν
1382 947 1495 974 θανάτου
1509 947 1663 983 κατήγαγες
1676 955 1720 982 με.

1121 994 1165 1021 52.
1181 993 1241 1019 ’Ὁτι
1257 992 1413 1019 ἐκύκλωσαν
1429 1002 1462 1028 με
1475 994 1554 1024 κύνες
1568 992 1668 1019 πολλοί·

1121 1037 1166 1064 55.
1181 1036 1328 1073 Συναγωγὴ
1342 1038 1564 1073 πονηρευομένων
1580 1036 1723 1073 περιέσχον
1742 1043 1788 1071 με.

811 1129 996 1159 ATHANASH
1016 1128 1313 1158 INTERPRETATIO.

287 1221 329 1249 Π.
361 1221 424 1256 Spes
439 1230 498 1249 mea
522 1222 554 1249 ab
568 1222 691 1258 gtberibus
711 1222 805 1248 matris
829 1228 916 1251 mea:
942 1220 1036 1248 Mariae

1120 1220 1164 1247 l7.
1182 1219 1220 1255 (ί)
1237 1219 1305 1247 Ἓπὶ
1317 1219 1355 1246 σὲ
1365 1218 1528 1253 ἐπερῤίφην
1541 1217 1575 1244 ἐκ
1588 1216 1700 1252 μητρός
1710 1225 1716 1232 ·
1730 1217 1833 1252 Μαρίᾳ
1844 1217 1884 1252 (Ξ)

250 1266 347 1293 matris
360 1265 478 1299 Domini,
496 1271 543 1293 aut
564 1267 698 1301 signilicat
719 1265 850 1293 facientes
870 1265 1036 1292 voluntatem

1106 1266 1131 1293 οῦ
1144 1266 1246 1301 Κυρίου
1266 1265 1340 1299 λέγει
1352 1266 1415 1296 τοὺς
1433 1263 1576 1295 ποιοῦντας
1588 1264 1618 1290 τὸ
1629 1263 1736 1298 θέλημα
1756 1264 1808 1290 τοῦ
1825 1263 1885 1291 H.1-

251 1311 340 1339 Patris
353 1313 425 1346 ejus,
443 1311 491 1346 qui
509 1312 535 1338 in
551 1312 628 1339 caelis
652 1316 705 1345 est,
731 1311 782 1338 hoc
810 1315 850 1338 cst
873 1310 1034 1345 discipulos,

251 1357 302 1384 hoc
315 1357 396 1384 modo
410 1366 417 1384 :
438 1357 506 1392 b'pcs
520 1361 566 1384 tua
581 1357 609 1384 in
624 1365 667 1384 me
686 1365 720 1384 ex
740 1357 864 1386 doctrina
885 1356 1036 1392 discipulo-

251 1410 312 1430 rum
333 1410 456 1430 meorum
471 1407 523 1430 ρει.

1084 1311 1148 1346 ’πρὸς
1164 1310 1256 1343 αὐτοῦ,
1274 1310 1321 1337 τοῦ
1335 1311 1363 1336 ὲν
1374 1309 1505 1345 οὐρανοῖς,
1520 1308 1642 1335 τουτέστι
1658 1309 1722 1339 τοὺς
1740 1308 1883 1344 μαθητάς.

1091 1357 1123 1383 Ἡ
1143 1357 1218 1388 ἐλπίς
1238 1364 1283 1382 σου
1303 1356 1341 1390 (5)
1361 1356 1377 1390 ἡ
1395 1356 1434 1386 είς
1452 1355 1501 1389 ἐμὲ
1522 1355 1553 1380 ὲκ
1573 1355 1621 1389 τῆς
1633 1353 1745 1392 διδαχῆς
1756 1354 1814 1380 τῶν
1832 1363 1885 1389 μα-

1090 1401 1178 1436 θητῶν
1203 1402 1252 1437 μού
1275 1402 1358 1428 ἐστιν.
1374 1400 1425 1436 [Ἠ
1447 1400 1523 1432 ἐλπίς
1542 1408 1592 1434 μου
1616 1399 1669 1425 ἀπὸ
1692 1399 1808 1434 μαστῶν
1833 1400 1886 1447 τῆς

252 1448 354 1484 μητρός
373 1456 439 1483 μου·
456 1448 564 1484 Μαρίας
585 1447 632 1475 τοῦ
654 1448 756 1484 Κυρίου
768 1449 804 1484 ,ἦ
821 1448 893 1482 λέγει
916 1448 978 1480 τοὺς
995 1447 1136 1479 ποιοῦντας
1151 1447 1181 1474 τὸ
1200 1447 1304 1484 Θέλημα
1329 1447 1376 1474 τοῦ
1401 1446 1505 1483 Πατρδς
1528 1445 1620 1477 αὑτοῦ,
1634 1445 1680 1471 τοῦ
1699 1446 1727 1472 ἐν
1738 1445 1883 1481 οὐρανοίςξ

250 1493 373 1520 τουτέστι
389 1494 452 1525 τοὺς
475 1493 607 1530 μαθητὰς,
627 1494 726 1526 οὕτως·
751 1495 782 1521 Ἡ
803 1494 880 1525 ἐλπίς
899 1502 945 1520 σου
962 1495 978 1529 ἡ
993 1494 1033 1525 είς
1053 1493 1103 1528 ἐμὲ
1120 1494 1152 1520 ὲκ
1165 1495 1214 1529 τῆς
1225 1494 1334 1529 διδαχῆς
1349 1493 1402 1519 τῶν
1416 1492 1543 1528 μαθητῶν
1556 1491 1605 1527 μού
1625 1491 1722 1527 Issum]

291 1539 334 1567 18.
357 1539 426 1567 Illud
442 1545 531 1567 autem
546 1550 552 1567 :
579 1540 613 1567 In
630 1546 654 1568 ιε
674 1541 807 1576 projeclus
823 1549 882 1568 sum
897 1548 928 1567 ea;
950 1546 1034 1572 utero,

251 1585 362 1620 quando
381 1585 502 1618 Gabriel,
516 1594 578 1614 cum
592 1591 664 1614 esset
686 1587 744 1622 ipse
768 1587 795 1614 in
811 1591 889 1614 utero
906 1585 1034 1621 Virginis,

252 1632 286 1658 de
301 1639 334 1658 eo
345 1631 425 1664 dixit,
442 1632 515 1667 quod
532 1632 617 1660 Filius
640 1632 685 1660 Dei
703 1638 754 1660 cst.

1120 1539 1162 1566 18.
1186 1539 1222 1566 Τὸ
1240 1540 1285 1572 δὲ,
1306 1538 1371 1566 Ἐπὶ
1395 1538 1433 1565 σὲ
1454 1539 1619 1572 ὲπείρίεςην
1639 1537 1678 1572 (4)
1699 1538 1734 1564 ἐκ
1750 1538 1885 1573 μήτρας,

1086 1585 1149 1612 ὅταν
1162 1586 1176 1611 ὀ
1191 1584 1318 1621 Γαϐριὴλ,
1335 1585 1411 1616 δντος
1426 1583 1507 1611 αὺτοῦ
1522 1584 1551 1609 ἐν
1572 1584 1662 1618 μήτρᾳ.
1676 1584 1726 1618 τῆς
1739 1583 1885 1620 Παρςένου

1086 1631 1162 1664 ἔλεγε
1175 1631 1238 1666 περὶ
1253 1630 1347 1662 αὐτοῦ,
1364 1630 1403 1656 ὃτι
1415 1629 1479 1661 Υἱὸς
1497 1629 1542 1656 τοῦ
1559 1629 1626 1655 Θεοῦ
1643 1630 1727 1656 ἐστιν.

293 1677 337 1704 19.
353 1676 385 1704 Ει
410 1677 437 1704 in
451 1682 544 1705 ventre
560 1685 622 1705 cum
650 1686 736 1708 essem
762 1678 833 1714 eius,
860 1685 942 1713 quam
969 1676 1058 1718 mihi,

1124 1675 1166 1702 l9.
1193 1676 1248 1702 Kal.
1270 1676 1298 1701 ὲν
1323 1676 1355 1710 τῇ
1382 1674 1480 1710 γαστρί
1509 1683 1542 1710 με
1564 1674 1637 1706 ὄντα,
1659 1671 1693 1710 ἦς
1722 1673 1886 1710 ὴὸουλήθην

253 1728 367 1751 matrem
377 1731 438 1751 esse
450 1724 572 1757 voluisti,
588 1726 715 1760 spectasti
732 1733 776 1753 me
797 1730 825 1752 tu
839 1725 923 1758 solus,
936 1723 1016 1751 Pater
1028 1732 1036 1750 :

253 1769 316 1804 quis
336 1775 408 1795 sum.

285 1814 329 1842 20.
359 1812 400 1840 Ne
418 1811 569 1840 discesseris
588 1819 604 1838 a
621 1819 679 1838 me:
699 1818 750 1846 ego
766 1811 838 1839 cnim
852 1813 880 1840 in
899 1818 934 1845 te,
947 1813 1037 1847 Pater,

254 1865 283 1888 et
298 1865 326 1887 tu
346 1859 374 1886 in
391 1866 445 1887 me.
463 1858 599 1885 Passurus
619 1865 692 1890 sum,
720 1858 792 1893 quod
819 1859 890 1894 apud
914 1860 1039 1889 homines

253 1911 294 1933 cst
314 1904 466 1937 tribulatio,
489 1911 545 1931 non
567 1903 638 1938 apud
652 1911 706 1930 me.

291 1951 336 1980 21.
362 1951 422 1986 Ipse
437 1951 510 1978 enim
525 1949 576 1977 sibi
591 1949 643 1984 ipsi
665 1950 824 1984 auxiliatur,
843 1956 936 1986 utpote
952 1953 1040 1979 omni-

254 2002 361 2034 potens,
381 2002 408 2025 et
427 2004 518 2024 rerum
541 1996 664 2023 omnium
689 1996 828 2024 dominus.

289 2044 383 2071 ’ἑξ-25.
409 2043 446 2071 De
457 2042 557 2070 Judaeis
574 2042 705 2077 loquitur,
727 2043 836 2077 quando
851 2043 1040 2072 circumdede-

255 2095 321 2118 runt
336 2098 409 2122 eum,
417 2093 444 2116 ct
454 2088 609 2116 clamabant
619 2097 626 2114 :
637 2087 720 2121 Tolle,
731 2089 803 2120 tolle,
812 2089 935 2124 cruci/iga
943 2089 1038 2116 eum".

289 2136 335 2167 ‘26.
354 2136 398 2163 27.
423 2135 493 2165 Ossa
506 2141 556 2162 sua
570 2133 727 2161 Judazorum
744 2134 875 2169 populum
891 2134 967 2162 dicit.

289 2182 335 2208 28.
361 2181 415 2209 Cor
431 2189 510 2208 suum
529 2187 624 2207 rursus
646 2181 776 2215 populum
789 2180 945 2208 Juda‘orum
962 2180 1038 2213 dicit,

255 2228 318 2262 quia
333 2227 392 2262 ejus
408 2227 517 2262 eloquia
529 2227 557 2253 in
575 2226 704 2253 cordibus
719 2234 814 2254 eorum
828 2231 916 2254 erant.

290 2274 335 2301 29.
357 2273 465 2300 Judmos
484 2272 630 2307 signiﬁcat.

291 2319 336 2346 50.
362 2319 463 2346 Deiecit
485 2319 558 2345 enim
577 2326 609 2345 ex
627 2324 674 2344 ore
698 2317 821 2352 ipsarum
846 2316 908 2344 fons
928 2317 999 2350 vitaz,
1014 2321 1041 2345 et

257 2371 398 2400 propterea
413 2364 525 2391 adhwsit
541 2363 568 2390 in
589 2363 663 2390 sitim
687 2362 803 2397 populus
820 2361 986 2389 Iudaeorum.

291 2454 336 2480 51.
362 2452 402 2480 Ad
417 2452 524 2479 Judreos
539 2458 583 2478 me
599 2450 708 2478 misisti.

289 2499 334 2530 52,
354 2499 398 2525 55.
425 2497 510 2525 Judaei
524 2496 598 2524 enim
617 2496 853 2524 circumdederunt
865 2504 917 2524 me.

292 2577 314 2593 “
326 2575 403 2604 Joau.
417 2583 474 2608 xu,
493 2577 536 2604 15.

1089 1720 1266 1757 [ηὸουλὴθης]
1294 1720 1395 1756 μητρός
1421 1728 1486 1756 μου,
1509 1719 1637 1747 τεθέασαι
1661 1728 1695 1755 με
1723 1720 1756 1746 σὺ
1779 1720 1883 1755 μόνος,

1088 1767 1189 1803 Πάτερ·
1204 1767 1236 1793 τὸ
1249 1767 1290 1799 τίς
1305 1767 1373 1802 ειμι.

1123 1813 1167 1840 20.
1183 1813 1244 1840 Οὐκ
1258 1811 1394 1846 ἀποστῇς
1409 1811 1446 1847 (5)
1462 1811 1512 1838 ἀπ’
1537 1810 1610 1846 ἐμοῦ
1622 1819 1628 1825 ·
1644 1809 1699 1844 ἐγὼ
1713 1810 1769 1851 γὰρ
1783 1811 1814 1837 ἐν
1830 1811 1882 1843 σοὶ,

1089 1859 1191 1894 Πάτερ,
1207 1858 1255 1884 καὶ
1271 1858 1302 1884 σὺ
1318 1859 1346 1884 ὲν
1363 1858 1434 1893 ἐμοί.
1452 1858 1570 1892 Πάσχειν
1587 1857 1685 1892 μέλλω,
1701 1857 1716 1883 ὃ
1732 1851 1810 1893 παρὰ
1825 1859 1882 1889 τοῖς

1089 1904 1241 1940 ἀνθρώποις
1256 1905 1314 1932 ἐστι
1327 1903 1425 1938 ολίψις,
1439 1903 1469 1930 οὐ
1484 1903 1538 1938 γὰρ
1554 1902 1643 1938 [παρ’]
1659 1903 1697 1938 (6)
1713 1903 1785 1938 ἐμοί.

1124 1949 1170 1976 2L
1187 1949 1272 1981 Αὐτὸς
1292 1949 1345 1985 γὰρ
1369 1949 1457 1984 ἐαυτῷ
1472 1949 1576 1984 βοηθῶν
1592 1949 1641 1984 (7),
1656 1949 1695 1981 ὡς
1714 1949 1880 1976 παντοδὺνα-

1091 2004 1140 2031 po;
1159 1996 1206 2022 καὶ
1217 1994 1404 2031 ἐξουσιαστής.

1124 2040 1217 2067 22-25.
1233 2041 1300 2075 Περὶ
1319 2040 1374 2067 τῶν
1393 2041 1527 2068 Ἰουδαίων
1551 2040 1642 2075 λέγει,
1658 2041 1703 2067 ὅτε
1720 2041 1880 2068 ὲκύκλιικῖαι

1091 2085 1183 2118 αὑτὸν,
1193 2085 1240 2112 καὶ
1252 2085 1378 2121 ἔκραζον·
1388 2083 1487 2120 Ἆρον,
1497 2083 1580 2120 ἆρον,
1588 2086 1769 2120 σταύρωσον
1775 2088 1880 2113 αὐτόν.

1125 2131 1169 2165 26,
1185 2131 1230 2159 ‘27.
1248 2132 1328 2158 Ὀστᾶ
1340 2131 1435 2158 ἑαυτοῦ
1446 2132 1490 2158 τὸν
1501 2131 1563 2158 λαὸν
1575 2131 1629 2158 τῶν
1646 2131 1780 2158 Ἰουδαίων
1794 2132 1880 2166 λέγει.

1124 2175 1170 2201 28.
1184 2175 1305 2210 Καρδίαν
1319 2175 1414 2202 ἑαυτοῦ
1427 2176 1472 2202 τὸν
1492 2176 1555 2202 λαὸν
1576 2176 1655 2203 πάλιν
1671 2175 1726 2202 τῶν
1745 2177 1880 2203 Ἰουδαίων

1090 2221 1175 2255 λέγει,
1186 2222 1231 2248 διὰ
1242 2222 1276 2248 τὰ
1283 2221 1361 2255 λόγια
1375 2221 1456 2248 αὑτοῦ
1466 2223 1494 2248 ὲν
1501 2224 1561 2254 ταῖς
1570 2222 1691 2258 καρδίαις
1700 2221 1789 2249 αὐτῶν
1797 2220 1880 2249 εἶναι.

1125 2267 1170 2295 29.
1185 2268 1253 2299 Τοὺς
1271 2267 1414 2299 Ἰουδαίους
1429 2268 1465 2303 (8)
1480 2268 1562 2303 λέγει.

1127 2314 1171 2341 50.
1192 2314 1312 2347 Ἐξέλιπε
1328 2314 1382 2350 γὰρ
1403 2315 1436 2340 ἐκ
1457 2314 1502 2341 τοῦ
1520 2315 1651 2350 στόματος
1668 2313 1757 2340 αὐτῶν
1774 2315 1790 2350 ὴ
1806 2315 1882 2350 πηγὴ

1057 2357 1079 2385 D
1092 2361 1142 2396 τῆς
1158 2360 1231 2395 ζωῆς
1241 2380 1248 2392 ,
1266 2360 1313 2386 καὶ
1330 2359 1373 2386 διὰ
1389 2359 1470 2386 τοῦτο
1485 2359 1616 2395 ἐκολλήθη
1632 2360 1672 2392 είς
1693 2359 1772 2394 δίψαν
1786 2361 1801 2386 ὁ
1819 2360 1882 2392 λαὸς

1092 2406 1147 2433 τῶν
1168 2406 1312 2433 Ἰουδαίων.

1128 2452 1173 2479 51.
1190 2452 1260 2488 Πρὸς
1276 2452 1339 2483 τοὺς
1361 2452 1505 2484 Ἰουδαίους
1517 2460 1549 2487 με
1565 2451 1736 2483 ἀπέστειλας.

1129 2497 1174 2530 52,
1188 2498 1232 2524 55.
1248 2498 1280 2524 Οἱ
1295 2497 1349 2532 γὰρ
1369 2497 1488 2525 Ἰουδαῖοι
1501 2496 1658 2525 ἐκύκλωσαν
1673 2505 1719 2532 με.

729 2654 882 2686 Addenda
899 2658 930 2686 et
953 2652 1140 2694 corrigenda
1158 2661 1197 2683 ex
1210 2651 1281 2683 cod.
1301 2650 1401 2682 Vatic.

290 2748 329 2783 (1)
344 2748 375 2776 Ν.
391 2749 434 2779 l7.
449 2749 477 2777 in
495 2750 555 2778 cod.
568 2749 712 2782 n.17,18.

292 2785 331 2818 (2)
349 2784 473 2820 Μητέρα.

293 2819 332 2855 (5)
348 2817 412 2855 959-

293 2854 331 2888 (4)
348 2854 445 2883 Ἐστίν.
462 2855 498 2882 Τὸ
509 2855 537 2884 δέ
547 2863 553 2870 ·
577 2855 637 2883 Ἐπὶ
652 2855 681 2883 σὲ
696 2854 836 2890 ἑπιρίφην,
850 2859 902 2884 etc.

1129 2747 1166 2785 (ξ)
1179 2748 1236 2785 ρφκ
1251 2746 1424 2785 ᾃνβιτῑέστης-

1128 2783 1165 2817 (6)
1179 2783 1235 2817 Γὰρ
1249 2783 1277 2808 ὲν
1289 2782 1352 2817 ὲμῇ.

1129 2819 1166 2853 (7)
1180 2817 1285 2852 Βοηθῶ.

1130 2849 1169 2887 (8)
1184 2849 1252 2883 Τοῦς
1269 2851 1367 2884 αὐτοὺς
1387 2849 1464 2878 Ἰουδ.
