1919 3051
46 144 103 174 795

81 205 130 233 54.
148 205 266 241 Ὠρυξαν
282 206 374 241 χεῖράς
391 214 441 241 μου
459 207 504 234 καὶ
519 208 601 240 πόδας
618 217 679 244 μου·

84 249 131 278 35.
157 250 357 286 Ἐξηρίθμησαν
373 252 461 279 πάντα
477 253 510 280 τὰ
523 254 588 280 ὀστᾶ
601 263 661 290 μου.

85 296 133 323 36.
146 296 227 323 Αὐτοὶ
242 297 270 324 δὲ
285 297 459 333 κατενόησαν,
473 299 519 325 καὶ
530 299 634 327 ὲπεῖδόν
646 309 690 336 με.

86 383 133 411 37.
149 385 385 421 Διεμερίσαντοτὰ
404 387 497 422 ἱμάτιά
513 397 563 424 μου
581 390 700 422 ἑαυτοῖς·

84 429 132 457 38.
151 430 207 456 Kal.
222 431 268 457 ἐπὶ
280 431 326 458 τὸν
343 432 487 469 ἱματισμόν
503 443 553 469 μου
567 435 661 462 ἔϐαλον
677 436 785 473 κλῆρον.

86 474 133 502 59.
148 476 186 502 Σὺ
202 476 242 509 δὲ,
256 477 352 513 Κύριε,
367 479 405 515 μὴ
427 479 567 517 μακρύνῃς
583 481 632 518 τὴν
650 482 775 518 βοήθειάν
792 492 839 510 σου

49 519 100 546 ἀπ’
114 520 194 555 ἐμοῦ.

87 565 133 593 40.
147 567 196 598 Et;
210 567 259 603 τὴν
275 569 416 606 ἁντίληψίν
435 579 484 606 μου
502 572 628 608 πρόσχες.

87 611 134 639 41.
157 612 250 640 Ῥὖσαι
263 615 316 641 ἀπὸ
326 616 460 651 ῥομφαίας
473 617 521 652 τὴν
533 618 620 654 ψυχήν
638 628 699 654 μου,

87 657 135 684 42.
149 658 204 684 Καὶ
214 659 247 685 ὲκ
262 661 351 696 χειρὸς
367 662 446 694 κυνὸς
461 663 509 697 τὴν
524 664 653 700 μονογενῆ
670 673 730 700 μου.

87 703 134 730 45.
150 703 242 731 Σῶσόν
255 714 288 740 με
304 706 336 733 ὲκ
351 706 482 742 στόματος
496 708 611 741 λέοντος,

87 747 135 775 44.
153 749 209 776 Καὶ
226 750 279 777 ἀπὺ
295 752 416 788 κεράτων
431 753 623 789 μονοκερώτων
639 755 688 790 τὴν
707 764 839 789 ταπεινω-

52 795 96 819 civ
113 802 175 827 μου.

89 837 136 866 45.
148 841 319 878 Διηγήσομαι
333 843 362 870 τὸ
376 844 461 880 ὄνομά
476 854 522 872 σου
536 847 592 877 τοῖς
607 846 730 882 ἀδελφοῖς
743 855 804 883 μου·

89 883 136 912 46.
157 886 201 913 Ἑν
218 887 292 924 μέσῳ
306 889 452 926 ἐκκλησίας
464 891 577 928 ὑμνήσω
593 901 633 920 σε.

89 929 135 958 47.
154 932 187 958 οἱ
202 933 361 968 φοεούιιενοι
372 936 417 963 τὸν
431 936 542 973 Κύριον,
555 938 679 965 αἰνέσατε
695 938 785 966 αὐτόν.

505 149 549 177 DE
569 150 708 179 TlTULlS
727 151 953 182 PSALMORUM.
975 169 1009 174 —
1026 154 1123 182 PSAL.
1142 155 1211 184 XXI.

850 213 874 242 Α
921 212 965 239 54.

1615 158 1667 186 ἸΞε

991 212 1127 242 Foderunt
1143 222 1240 242 manus
1251 221 1336 248 meas,
1354 218 1382 242 et
1394 214 1476 249 pedes
1488 223 1563 243 meos
1578 225 1585 242 :

922 257 966 284 55.
992 257 1237 287 Dinumeraverunt
1253 259 1344 286 omnia
1359 267 1420 287 ossa
1439 266 1509 287 mea.

920 302 963 330 36.
993 302 1046 339 lpsi
1070 312 1133 332 vero
1155 305 1406 338 consideraverunt,
1435 309 1462 332 et
1493 304 1668 339 inspexerunt

887 355 940 375 me.

920 392 965 419 57.
992 391 1147 419 Diviserunt
1167 392 1219 420 sibi
1233 394 1394 422 vestimenta
1410 402 1469 421 mea
1484 403 1490 420 :

918 437 964 465 58.
990 437 1022 465 Ει
1036 445 1117 472 super
1130 443 1232 471 vestem
1245 447 1332 467 meam
1344 440 1477 467 miserunt
1490 443 1600 467 sortem.

924 483 968 510 39.
995 482 1035 510 Tu
1050 487 1151 517 autem,
1168 484 1290 518 Domine,
1307 493 1341 512 ne
1353 484 1522 521 clongaveris
1535 483 1669 512 auxilium

888 535 964 558 tuum
978 538 992 557 a
1006 537 1050 557 me
1068 540 1074 557 :

921 577 966 604 40.
992 575 1033 603 Ad
1051 575 1237 603 defensionem
1255 584 1342 603 meam
1361 577 1497 612 conspice.

925 622 969 649 41.
991 621 1063 649 Erue
1073 629 1088 648 a
1104 621 1217 654 framea,
1231 621 1312 655 Deus,
1325 622 1443 649 animam
1461 629 1561 654 meam.

925 667 969 694 42.
996 666 1030 694 Ει
1040 667 1073 694 de
1087 674 1168 694 manu
1178 667 1254 694 canis
1266 667 1376 694 unicam
1384 675 1483 695 meam.

924 712 968 739 45.
996 711 1075 739 Salva
1088 719 1131 739 me
1145 720 1177 739 ex
1194 719 1240 739 ore
1252 712 1352 746 leonis,

926 758 970 785 44.
995 757 1029 786 Et
1062 766 1076 785 a
1111 758 1240 786 cornibus
1279 758 1452 786 unicornium
1490 758 1675 786 humilitatem

890 811 989 832 meam.

926 849 970 877 45.
997 848 1120 876 Narrabo
1135 856 1234 877 nomen
1245 853 1321 877 tuum
1334 849 1464 877 fratribus
1479 849 1566 877 meis:

852 890 874 918 Β
923 895 967 923 46.
992 897 1022 923 In
1043 895 1133 923 medio
1148 896 1269 923 ecclesia:
1285 895 1401 924 laudabo
1418 900 1452 923 te.

924 940 969 968 47.
995 940 1046 973 Qui
1063 941 1164 969 timetis
1181 940 1339 974 Dominum,
1360 940 1467 969 laudate
1482 947 1555 968 eum.

613 1047 800 1076 ATHANASII
820 1048 1113 1079 INTERPRETATIO.

89 1139 136 1168 34.
149 1140 219 1172 Τοὺς
234 1141 315 1176 ἥλους
333 1143 396 1175 τοὺς
407 1143 461 1172 ὑπὸ
476 1143 515 1180 (1)
533 1144 587 1172 τῶν
615 1145 704 1173 ποδῶν
724 1146 771 1173 καὶ
787 1147 840 1174 τῶν

52 1185 156 1221 χειρῶν
168 1187 250 1214 αὑτοῦ
267 1187 350 1222 λέγει.

89 1231 138 1259 55.
153 1232 198 1268 Τῷ
210 1233 280 1260 κατὰ
293 1234 401 1262 πάντων
416 1235 481 1276 τῶν
496 1235 584 1272 μελῶν
606 1239 789 1273 προσαγαγεῖν
802 1238 840 1276 (2)

52 1276 155 1309 αὐτοὺς
175 1279 310 1315 τιμωρίας
325 1280 400 1316 αὐτῷ
411 1288 418 1296 ³
436 1275 648 1317 ἐφραγγέλωσαν
672 1283 726 1320 γὰρ
748 1285 839 1318 αὑτὸν,

50 1323 103 1350 καὶ
131 1323 301 1359 ὲρῤάπισαν,
323 1326 370 1353 καὶ
394 1327 579 1363 ἐκολάφισαν,
608 1329 654 1356 καὶ
679 1327 728 1357 εἷθ’
754 1330 839 1363 οὕτως

52 1369 244 1405 ἐσταύρωσαν.

89 1416 136 1444 56.
153 1417 216 1443 Ὅτε
232 1418 279 1444 ἐπὶ
299 1417 346 1445 τοῦ
370 1418 486 1455 σταυροῦ
499 1419 617 1456 ὁρῶντες
633 1420 713 1448 αὑτὸν
729 1420 821 1456 ἔλεγον
831 1431 837 1438 ·

54 1460 137 1488 osa!
151 1461 188 1496 (5)
211 1462 325 1496 ἄλλους
344 1463 479 1497 ἔσωσεν,
508 1465 617 1492 ἑαυτὸν
643 1467 680 1493 οὐ
714 1465 839 1494 δύναται

52 1513 163 1533 σωσαι.

89 1549 136 1582 57,
151 1549 195 1576 58.
211 1551 242 1577 Ol
258 1552 461 1588 σταυρώσαντες
476 1554 557 1581 αὐτὸν
571 1555 742 1590 στρατιῶται.

90 1594 138 1628 39,
153 1595 198 1623 40.
214 1597 324 1631 Πρῶτον
337 1599 386 1634 μὲν
395 1599 409 1625 ὁ
424 1600 565 1636 προφήτης
579 1600 652 1635 λέγει
666 1601 734 1638 πρὸς
741 1602 820 1629 αὐτὸν
830 1622 838 1634 ,

924 1146 969 1174 54.
994 1145 1089 1174 Claves
1104 1147 1131 1174 in
1149 1147 1272 1182 pedibus,
1296 1151 1324 1176 et
1346 1147 1473 1176 manibus
1494 1148 1554 1184 ejus
1568 1147 1671 1184 signiti-

889 1197 920 1218 ca
924 1195 942 1217 ι.

928 1234 972 1263 35.
993 1235 1045 1264 Per
1070 1236 1162 1264 omnia
1192 1237 1278 1273 ipsius
1310 1239 1432 1267 membra
1455 1240 1623 1268 admovendo
1645 1240 1670 1268 ei

888 1280 1036 1309 cruciatus.
1068 1281 1160 1317 Ipsum
1185 1283 1257 1311 enim
1289 1283 1507 1319 ﬂagellaverunt,
1535 1291 1562 1314 et
1585 1286 1672 1320 alapis

890 1332 1093 1362 percusserunt,
1114 1333 1141 1356 et
1153 1329 1370 1364 colaphizarunt,
1402 1335 1484 1367 atque
1509 1332 1546 1359 ita
1574 1331 1671 1359 deinde

889 1371 1085 1400 cruciﬁxerunt

924 1417 969 1446 56.
990 1417 1105 1451 Quando
1130 1427 1159 1447 In
1183 1427 1266 1449 cruce
1289 1430 1351 1450 eum
1372 1423 1493 1452 videntes
1518 1423 1669 1452 dixerunt:

893 1461 951 1489 Vah
962 1462 973 1488 .’
986 1463 1052 1491 alio:
1070 1464 1156 1493 salvas
1176 1466 1250 1501 fecit,
1266 1467 1380 1502 seipsum
1398 1477 1448 1496 non
1464 1473 1547 1503 potest
1569 1469 1671 1498 salvum

901 1508 974 1536 'acerd
990 1508 1023 1535 “.

889 1507 974 1542 facere
990 1508 1023 1535 “.

925 1554 971 1587 57,
987 1554 1031 1581 58.
1050 1554 1158 1588 Milites,
1176 1556 1222 1591 qui
1234 1563 1297 1583 eum
1309 1557 1516 1585 cruciﬁxerunt.

927 1599 971 1633 39,
986 1599 1031 1627 40.
1047 1599 1169 1628 Primum
1183 1601 1292 1636 quidem
1306 1602 1437 1637 propheta
1455 1603 1489 1630 ad
1501 1611 1562 1630 eum
1582 1604 1648 1631 dicit
1663 1614 1670 1632 :

52 1640 95 1668 ὅτι
125 1641 184 1674 Σὺ,
219 1643 321 1676 Κύριε,
342 1643 427 1670 ταῦτα
448 1645 485 1680 (4)
510 1646 654 1682 ὑπομένων
676 1647 721 1682 ὑφ’
743 1646 837 1683 [ὑπὲρ]

904 1648 941 1681 'u,
957 1649 1077 1683 Domine,
1092 1650 1150 1678 hate
1161 1651 1266 1686 patiens
1277 1659 1326 1686 pro
1337 1653 1426 1685 nobis,
1441 1653 1551 1681 imitans
1564 1661 1625 1686 nos,
1640 1662 1672 1680 na

53 1685 145 1722 ἡμῶν.
165 1687 329 1723 μιμούμενος
348 1691 436 1725 ἡμᾶς,
451 1690 516 1727 [μὴ]
527 1693 684 1727 μακρύνης
697 1693 754 1728 τὴν
764 1694 840 1728 βοή-

53 1732 140 1760 θειάν
153 1739 211 1760 σου
226 1734 276 1761 ἀπ’
292 1735 376 1769 ἐμοῦ,
390 1736 437 1763 τοῦ
456 1737 520 1764 λαοῦ
537 1737 591 1765 τῶν
611 1738 754 1772 Ἰουδαίων,
770 1739 838 1766 ἀλλ’

53 1778 99 1810 εις
115 1777 281 1813 ἀντίληψιν
304 1781 388 1815 ἡμῶν
405 1782 608 1817 εὐδοκίμησον
631 1784 679 1820 (5).
708 1785 785 1812 Ἔστι
810 1786 838 1813 δὲ

53 1823 103 1850 καὶ
123 1824 156 1850 ὲκ
175 1825 320 1861 προσώπου
332 1827 413 1854 αὑτοῦ
427 1828 474 1855 τοῦ
491 1829 592 1865 Κυρίου
604 1830 729 1865 λέγεσθαι
741 1831 837 1864 ταῦτα,

53 1869 230 1898 ὑποτύπωσιν
251 1873 317 1907 ἡμῖν
336 1872 423 1904 διδοὺς
441 1873 472 1901 τὺ
486 1874 616 1907 τοιούτοις
631 1875 720 1911 λόγοις
737 1877 838 1912 κεχρῆ⁶

54 1914 117 1943 σθαι
134 1916 163 1942 ὲν
179 1917 266 1953 καιρῷ
282 1919 442 1954 μαρτυρίου.

89 1961 135 1994 41,
149 1962 194 1990 45.
207 1963 292 1995 Αὐτὸς
305 1964 484 2000 προσεύχεται
497 1965 554 1998 νῦν,
567 1966 633 1999 Θεὸς
644 1967 692 2000 ὢν,
708 1967 837 2004 ρυσθῆναι

51 2007 108 2035 ἀπὸ
129 2008 176 2035 τοῦ
201 2009 334 2043 διαϐόλου,
356 2011 400 2038 ἵνα
415 2012 459 2044 σὺ,
479 2012 621 2048 ἄνθρωπος
642 2012 690 2046 ὣν,
710 2014 747 2050 μὴ
770 2015 837 2050 ἀμε-

52 2053 139 2091 λήσῃς
155 2054 205 2090 (6)-

89 2101 135 2128 44.
150 2102 188 2128 Τὸ
209 2101 293 2138 κέρας
315 2103 361 2129 τοῦ
381 2104 566 2140 μονοκὲρωτος
585 2105 684 2140 ὑψηλόν
706 2105 774 2138 ἐστι,
791 2107 838 2133 καὶ

52 2147 240 2183 ἀναιρετικὸν·
261 2149 325 2184 περὶ
346 2146 392 2176 οὖν
413 2149 463 2184 τῆς
489 2151 602 2186 καρδίας
628 2151 682 2178 τῶν
705 2152 837 2179 Ἰουδαίων

51 2194 102 2229 τῆς
118 2193 207 2225 δολίας
222 2193 270 2220 καὶ
286 2194 389 2230 ὑψηλῆς
402 2195 486 2230 λέγει.

90 2240 135 2266 45.
157 2239 194 2274 (7)
214 2239 256 2272 Τῷ
274 2239 349 2273 λαῷ,
361 2240 452 2275 λέγει,
477 2241 658 2277 διηγήσομαι
682 2243 716 2270 τὸ
743 2244 837 2280 ὄνομά

51 2291 129 2310 σου·
154 2283 193 2314 ὡς
211 2283 320 2320 εἴρηκεν
337 2286 366 2311 ὲν
391 2285 565 2322 Εὑαγγελίῳ·
588 2287 779 2322 Ἐφανέρωσα
801 2289 835 2316 τὸ

51 2327 147 2364 ὄνομά
161 2336 219 2356 σου
234 2329 296 2362 τοῖς
311 2330 485 2365 ἀνθρώποις.

88 2375 133 2402 46.
148 2375 185 2409 (8)
202 2376 270 2411 Περὶ
284 2376 338 2403 τῶν
353 2376 438 2411 ἁγίων
451 2377 534 2411 λέγει.

88 2419 133 2447 47.
150 2420 187 2456 (9)
204 2421 273 2453 Τοὺς
285 2421 396 2453 πιστοὺς
412 2421 496 2456 λέγει.

89 2509 217 2539 “Matth.
235 2519 320 2544 xxvn,
333 2511 379 2540 42.
416 2510 440 2528 ⁸⁸
456 2509 535 2538 Joan.
553 2517 620 2543 xvn,
634 2509 660 2538 6.

888 1693 1049 1729 elongaueria
1071 1695 1203 1723 auxilium
1224 1703 1298 1724 mum
1323 1706 1339 1724 α
1367 1706 1416 1732 me,
1435 1698 1488 1725 hoc
1506 1704 1548 1726 est
1571 1699 1672 1734 populo

888 1738 1011 1772 Iudaico,
1026 1741 1071 1767 sed
1093 1742 1253 1776 complaceal
1274 1743 1322 1769 tibi
1345 1743 1372 1770 in
1397 1743 1530 1770 auxilium
1552 1749 1672 1772 nostrum

888 1785 984 1812 venire.
1001 1784 1121 1814 Possunt
1137 1787 1220 1814 etiam
1244 1787 1301 1815 haec
1321 1788 1375 1816 dici
1396 1797 1429 1816 ex
1444 1796 1562 1824 persona
1585 1789 1671 1824 ipsius

888 1829 1009 1864 Domini,
1028 1831 1075 1866 qui
1089 1833 1243 1867 exemplum
1256 1833 1335 1862 nobis
1351 1834 1466 1869 praebuit
1478 1835 1522 1862 his
1538 1835 1672 1862 sermoni-

888 1875 940 1904 hus
954 1878 1047 1905 utendi
1065 1882 1185 1913 tempore
1197 1880 1332 1914 martyrii.

921 1965 1015 1993 “~43.
1043 1965 1103 2001 Ipse
1118 1975 1192 1995 nunc
1213 1972 1285 2001 orat,
1302 1975 1364 1996 cum
1381 1968 1454 1996 Deus
1482 1968 1529 2001 sit,
1551 1971 1582 1995 ut
1600 1968 1671 1996 libeo

888 2015 964 2038 retur
979 2018 995 2038 a
1007 2011 1116 2040 diabolo
1132 2022 1138 2040 :
1161 2020 1195 2041 ne
1212 2018 1240 2042 tu
1258 2022 1320 2042 cum
1334 2015 1373 2042 sis
1386 2015 1479 2047 homo,
1503 2014 1671 2049 negligenter

887 2063 963 2091 agas.

899 2101 966 2143 .44.
992 2103 1085 2130 Cornu
1100 2104 1240 2132 unicornis
1261 2105 1394 2133 eleratum
1419 2110 1471 2140 est,
1496 2112 1523 2134 et
1547 2106 1671 2134 mortife-

886 2156 947 2176 rum
965 2158 972 2176 τ
989 2149 1023 2176 de
1037 2150 1118 2178 corde
1129 2151 1211 2186 igitur
1226 2151 1380 2180 Iudaeorum
1394 2153 1490 2181 doloso
1509 2159 1535 2181 ct
1553 2153 1671 2188 superbo

886 2194 1017 2229 loquitur.

921 2240 967 2267 45.
991 2239 1105 2274 Populo,
1119 2239 1218 2274 inquit,
1233 2240 1348 2267 narrabo
1360 2247 1454 2269 nomen
1469 2246 1560 2275 tuum;
1574 2240 1670 2279 quem-

887 2285 1034 2313 admodum
1049 2284 1119 2311 dixit
1135 2284 1163 2311 in
1186 2284 1333 2321 Evangelio
1351 2295 1357 2313 :
1379 2286 1550 2322 Manifestavi
1577 2296 1672 2317 nomen

889 2336 964 2358 tuum
978 2330 1125 2358 hominibus
1139 2330 1171 2356 “.

922 2376 967 2404 46.
995 2375 1034 2404 De
1050 2377 1153 2404 sanctis
1174 2377 1305 2412 loquitur.

924 2421 968 2449 47.
992 2421 1097 2450 Fideles
1110 2422 1255 2458 signiﬁcat.

523 2613 684 2646 'Addenda
699 2616 729 2646 et
744 2614 929 2655 corrigenda
945 2623 984 2645 ex
1003 2622 1073 2646 coo.
1088 2615 1190 2647 Vatic.

103 2707 126 2741 Ι)
147 2708 218 2735 Ἐπὶ.

100 2742 126 2812 2g
141 2743 229 2770 Αὐτοῦ
246 2743 392 2779 προσάγειν
404 2744 465 2771 αὐτ.

100 2777 116 2805 5
143 2778 219 2812 Οὐχί.

87 2777 126 2849 ﬁ.)
143 2778 236 2822 om;
270 2777 274 2779 ·

105 2814 124 2849 η)
143 2813 174 2849 9
184 2820 282 2849 sem-

90 2846 128 2883 (5)
143 2847 247 2876 Εὐδόκη
251 2855 306 2875 σον.

922 2707 959 2742 (6)
977 2708 1109 2743 ξΑμελεῖς.

920 2743 959 2777 (7)
976 2742 1082 2770 111⁷0οὰ.
1096 2752 1122 2770 n.
1139 2744 1183 2776 45,
1200 2745 1245 2773 46.

932 2776 959 2807 8)
976 2776 1006 2804 ln
1020 2778 1080 2806 cod.
1096 2786 1123 2805 n.
1136 2779 1180 2807 47.

920 2777 959 2848 ξ9)
971 2812 999 2841 In
1014 2813 1074 2842 cod.
1090 2821 1118 2841 n.
1132 2813 1175 2842 68.
