1897 3050
251 119 299 148 ῚΞῚ

285 176 331 203 63.
347 174 510 203 Universum
531 183 623 204 semen
640 176 735 209 Jacob.
754 179 904 213 gloriﬁcate
920 189 993 210 eum.

284 221 328 248 ΔΞ).
346 220 451 248 Timeat
467 229 530 248 eum
547 230 628 249 omne
641 230 733 250 semen
751 223 834 252 lsracl
849 235 855 252 :

283 267 328 294 50.
346 267 478 300 Quoniam
492 275 546 294 non
562 269 674 303 sprevit,
690 277 779 305 neque
791 271 911 299 oﬁ‘ensus
925 278 966 300 est
981 272 1030 300 de-

248 313 403 351 precatione
416 314 553 348 pauperis.

284 359 326 386 5L
344 358 397 386 Nec
409 359 504 386 avertit
516 359 612 387 faciem
628 368 705 388 suam
720 369 735 389 a
749 369 810 389 me:

282 406 327 433 52.
346 405 377 432 Et
392 413 453 433 cum
467 407 612 434 clamarem
629 407 662 434 ad
675 415 749 441 eum,
762 409 902 437 exaudivit
915 417 969 437 me.

282 493 327 522 53.
344 494 421 529 Apud
438 500 463 522 te
477 495 535 524 laus
550 503 610 525 mea
624 506 630 523 :

280 539 325 568 54.
343 539 371 567 In
387 541 502 569 ecclesia
521 549 619 575 magna
637 542 788 570 conﬁtebor
804 543 851 570 tibi
866 553 872 572 :

277 586 323 614 55.
342 585 408 614 Vota
434 595 494 614 mea
517 588 629 615 reddam
651 589 678 615 in
703 594 850 624 conspectu
873 590 1025 619 timentium

245 631 284 668 [in
297 637 443 667 conspectu
459 632 565 661 Domini
579 635 700 661 omnium
714 635 880 672 timentium]
892 644 965 667 eum.

277 677 322 705 56.
339 677 424 706 Edent
438 687 581 714 pauperes,
596 684 622 707 et
636 680 833 707 saturahuntur
845 690 852 708 :

277 722 322 750 57.
341 723 375 750 Et
389 723 538 751 laudabunt
552 723 708 757 Dominum,
724 725 771 759 qui
787 726 930 760 requirunt
941 733 1002 754 eum
1016 736 1022 754 :

274 768 319 796 58.
337 768 436 797 Vivent
449 770 531 797 corda
547 777 642 798 eorum
656 771 682 798 iu
697 770 826 798 saeculum
841 771 943 799 saeculi.

277 816 321 843 59.
340 815 569 850 lieminisccntur,
583 821 610 845 et
622 823 814 846 convertentur
827 819 860 846 ad
878 818 1022 847 Dominum

241 862 361 890 universi
375 862 441 889 lines
454 866 532 890 terrae
547 870 554 889 :

274 907 318 934 60.
337 906 370 934 Et
392 907 544 935 adorabunt
559 908 585 935 in
598 912 744 944 conspectu
757 908 816 944 ejus
831 909 965 936 universa:
979 907 1020 936 fa-

239 955 322 982 milia:
337 955 468 989 gentium.

275 1000 319 1028 6|.
335 1000 371 1036 (α)
387 1000 518 1034 Quoniam
533 1000 639 1028 Domini
654 1005 696 1029 est
711 1008 838 1036 regnum.

272 1046 318 1073 62.
333 1046 364 1074 Et
380 1046 438 1082 ipse
450 1047 607 1074 dominatur
623 1047 755 1082 gentium.

274 1092 319 1120 65.
336 1091 566 1121 Manducaverunt
577 1113 584 1127 ,
608 1099 635 1122 et
650 1095 834 1123 adoraverunt
847 1099 941 1121 omnes
959 1093 1019 1127 pin-

237 1145 304 1174 gues
319 1143 418 1168 terra:

271 1195 309 1232 (ιι)
329 1195 404 1223 Vers.
417 1196 462 1228 (il,
478 1195 513 1227 62
525 1201 623 1226 desunt
636 1204 663 1223 tn
676 1197 736 1224 eod.
751 1196 891 1224 Rarbcrin.

673 119 702 148 8.
723 121 910 151 ΑτιιΑΝΑειι
930 123 1004 152 OPP.
1026 125 1116 154 PARS
1135 127 1180 154 Ill.
1195 142 1228 147 —
1248 128 1452 159 EXEGETICA.

1048 190 1070 218 Α
1119 184 1164 212 48.
1185 185 1273 212 *Απαν
1287 185 1317 212 τὸ
1335 186 1445 222 σπέρμα
1464 187 1571 220 Ἰακὼϐ,
1584 188 1712 220 δοξάσατε
1729 190 1827 218 αὐτόν.

1817 135 1881 162 τὲε

1117 229 1161 257 49.
1169 230 1315 265 Φοϐηθήτω
1325 230 1356 266 δὴ
1366 231 1412 257 ἀπ’
1419 231 1499 258 αὑτοῦ
1509 232 1580 258 ἆπαν
1588 233 1618 259 τὸ
1626 233 1736 270 σπέρμα
1743 235 1878 271 Ἰσραήλ·

1117 275 1161 302 50.
1184 275 1244 303 "Ott
1262 277 1312 303 οὐκ
1335 277 1529 311 ἐξουδὲνωσεν,
1551 279 1611 306 οὐδὲ
1631 280 1813 317 προσώχθησε
1839 283 1879 318 τῇ

1079 320 1169 355 δεήσει
1186 321 1232 347 τοῦ
1247 322 1364 356 πτωχοῦ,

1116 365 1160 391 51.
1181 366 1247 393 οὐδὲ
1263 367 1416 402 ἀπέστρεψε
1429 367 1459 394 τὸ
1474 368 1616 404 πρόσωπον
1627 370 1708 397 αὐτοῦ
1723 371 1770 397 ἀπ’
1782 371 1879 406 ἐμοῦ·

1116 409 1160 436 52.
1181 411 1236 436 Καὶ
1263 412 1291 437 ἐν
1318 411 1356 446 τῷ
1375 414 1540 448 κεκραγέναι
1561 422 1594 449 με
1617 415 1686 451 πρὸς
1706 416 1787 443 αὐτὸν
1807 417 1879 443 εἰσ-

1078 455 1179 490 ήκουσέ
1195 464 1256 491 μου.

1113 501 1156 529 55.
1180 502 1257 538 Παρὰ
1275 503 1321 530 σοῦ
1335 504 1348 530 ὁ
1361 503 1469 537 ἔπαινός
1485 514 1545 540 μου·

1115 548 1157 576 54.
1185 550 1229 576 Ἐν
1243 551 1376 587 ἐκκλησίᾳ
1392 552 1497 589 μεγάλῃ
1513 553 1743 590 ὲξομολογήσομαί
1759 564 1821 582 σοι·

1113 594 1157 621 55.
1178 595 1233 627 Τὰς
1257 596 1340 631 εὐχάς
1363 606 1413 632 μου
1436 600 1568 627 ἀποδώσω
1595 601 1709 627 ἐνώπιον
1730 601 1785 628 τῶν
1807 600 1860 638 [ὲν

1076 637 1160 667 ὡπιον
1171 639 1209 674 τῷ
1226 641 1320 676 Κυρίῳ
1333 642 1441 670 πάντων
1454 645 1518 680 τῶν]
1528 645 1701 681 φοῦουμένων
1713 646 1811 673 αὐτόν.

1109 682 1152 709 56.
1172 684 1305 717 Φάγονται
1322 686 1447 722 πένητες,
1465 689 1512 715 καὶ
1532 689 1788 725 ὲμπλησθήσονταν

1108 728 1152 755 57.
1175 730 1228 756 Καὶ
1243 731 1378 758 αζνὲσουσι
1394 733 1494 768 Κύριον
1507 735 1531 760 οἱ
1543 734 1719 770 ἐκζητοῦντες
1736 735 1826 762 αὐτόν
1837 744 1847 751 ·

1109 775 1152 802 58.
1176 776 1308 811 Ζήσονται
1326 779 1354 804 αἱ
1371 779 1478 814 καρδίαι
1489 780 1578 807 αὐτῶν
1592 782 1632 812 εἰς
1646 781 1730 808 αἰῶνα
1746 782 1870 813 αἰῶνος.

1108 819 1151 848 59.
1173 821 1398 858 Μνησθήσονται,
1435 825 1482 852 καὶ
1514 826 1762 861 ἐπιστραφησονται
1792 827 1875 862 πρὸς

1038 863 1058 890 Β
1073 865 1174 901 Κύριον
1189 868 1276 894 πάντα
1293 868 1326 895 τὰ
1344 870 1448 905 πέρατα
1464 872 1513 906 τῆς
1527 871 1592 906 γῆς·

1105 912 1149 940 60.
1169 913 1223 940 Καὶ
1240 917 1472 950 προσκυνήσουσιν
1494 916 1608 943 ἐνώπιον
1623 916 1706 944 αὑτοῦ
1725 918 1823 944 πᾶσαι
1839 917 1875 944 αι

1074 959 1186 994 πατριαὶ
1203 959 1255 986 τῶν
1271 960 1365 988 ἐθνῶν.

1107 1003 1152 1032 61.
1177 1005 1235 1032 ’Ότι
1250 1006 1296 1033 τοῦ
1309 1007 1410 1042 Κυρίου
1425 1008 1441 1042 ἡ
1455 1007 1587 1042 βασιλεία,

1105 1050 1149 1077 62.
1170 1051 1223 1077 Καὶ
1237 1051 1316 1083 αὐτὸς
1329 1052 1451 1084 δεσπόζει
1467 1053 1520 1079 τῶν
1531 1053 1625 1082 ἐθνῶν.

1107 1096 1150 1123 65.
1172 1097 1291 1132 Ἐφαγον
1301 1119 1307 1130 ,
1324 1098 1371 1125 καὶ
1386 1099 1590 1134 προσεκύνησαν
1609 1099 1708 1132 πάντες
1721 1101 1749 1126 οἱ
1766 1100 1873 1134 πίονες

1071 1140 1121 1175 τῆς
1134 1141 1195 1177 γῆς·

801 1251 987 1281 ATHANASH
1006 1249 1296 1279 INTERPRETATIO.

269 1309 315 1343 48,
328 1309 372 1338 49.
390 1309 546 1343 Personam,
562 1319 623 1347 quae
634 1319 716 1347 supra
727 1316 798 1345 orat.
815 1312 911 1341 timeat
925 1311 1018 1346 utique

235 1363 316 1384 omne
331 1364 416 1391 genus
432 1363 543 1388 eorum.
559 1358 606 1392 qui
629 1357 710 1385 corde
727 1358 821 1385 mundi
838 1362 911 1386 sunt.
935 1356 1017 1387 lsrael

235 1401 308 1431 enim
325 1402 516 1437 interpretatur
528 1411 599 1430 mens
612 1403 700 1431 videns
711 1403 804 1431 Deum.

269 1490 313 1524 50,
329 1490 374 1518 51.
388 1490 522 1524 Quoniam
537 1499 591 1519 non
611 1491 733 1527 despexit
755 1492 897 1524 hominum
919 1500 1014 1528 genus,

234 1543 285 1566 nec
299 1536 420 1571 permisit
435 1544 483 1564 eos
494 1537 593 1571 perire,
608 1538 781 1565 abominatus
796 1538 831 1566 ob
845 1546 940 1567 eorum
953 1546 1016 1574 pec-

233 1587 303 1616 cata,
318 1589 405 1618 neque
419 1582 447 1613 in
461 1582 540 1610 tinem
553 1583 654 1611 oblitus
668 1587 709 1612 est
721 1583 840 1619 ﬁgmenti
855 1583 908 1612 sui.

266 1669 313 1701 52.
327 1668 359 1696 Et
372 1669 435 1699 dum
456 1677 518 1697 eum
542 1669 708 1703 invocarem,
724 1674 753 1698 ut
769 1670 825 1706 ipse
841 1671 868 1698 in
882 1671 1013 1700 auxilium

231 1723 322 1748 meum
337 1716 437 1743 veniret
448 1736 455 1748 ,
472 1716 610 1743 exaudivit
625 1723 685 1749 me;
709 1722 737 1744 et
754 1725 808 1744 non
829 1718 917 1746 solum
928 1719 1012 1752 venit,

231 1761 278 1789 sed
295 1762 375 1789 etiam
391 1769 488 1796 passus
501 1766 543 1789 est
557 1770 605 1797 pro
621 1770 674 1791 me.

266 1807 310 1835 55.
326 1807 383 1835 Hoc
400 1812 457 1840 est,
475 1808 545 1843 quod
570 1809 597 1835 in
620 1807 765 1844 Evangelio
777 1808 845 1837 dixit
858 1809 989 1839 Dominus
1003 1818 1010 1837 :

230 1852 278 1884 Eu
297 1852 376 1880 Pater
388 1862 470 1886 metu,
486 1855 531 1889 qui
544 1854 675 1889 glori/ica!
692 1855 774 1882 me".

264 1899 308 1927 54.
321 1898 376 1927 Hoc
390 1900 540 1934 adimplens
556 1900 582 1927 in
595 1900 742 1935 Evangelio
757 1900 825 1928 dixit
840 1910 847 1928 :
863 1900 1012 1936 Canﬁtebor

227 1944 286 1977 tibi,
301 1944 384 1972 Pater
399 1945 508 1974 Domine
521 1945 609 1973 taliet
626 1951 703 1973 terra:
710 1946 742 1977 ⁸⁷,

263 2030 308 2059 55.
325 2030 390 2064 Quae
404 2032 516 2074 promisi
530 2039 578 2067 per
593 2032 751 2067 prophetas,
766 2033 893 2068 impxeoo.

1100 1308 1144 1340 48,
1160 1307 1205 1335 49.
1225 1307 1291 1334 Ἀπὸ
1307 1307 1452 1343 προσώπου
1467 1306 1515 1334 τοῦ
1528 1307 1655 1343 ἀνωτέρω
1668 1311 1871 1346 προσευχομέ-

1065 1362 1110 1380 νου
1127 1352 1273 1388 φοὸηθήτω
1297 1353 1330 1388 δὴ
1349 1352 1420 1379 ἅπαν
1444 1352 1474 1378 τὸ
1496 1352 1573 1386 γένος
1594 1353 1648 1380 τῶν
1669 1353 1806 1390 καθαρῶν
1832 1358 1869 1392 τῇ

1045 1436 1048 1440 '
1065 1399 1174 1435 καρδίᾳ’
1199 1398 1309 1434 Ἰσραὴλ
1330 1398 1385 1434 γὰρ
1410 1398 1588 1434 ἑρμηνεύεται
1609 1399 1682 1433 νοῦς
1702 1400 1784 1435 ὀρῶν
1809 1402 1871 1429 τόν

1029 1460 1050 1488 c
1067 1447 1150 1474 Θεόν.

1102 1492 1146 1524 50,
1160 1491 1204 1518 5|.
1219 1491 1280 1518 Ὀτι
1296 1491 1347 1518 οὐκ
1366 1491 1537 1527 ἀπεφρόνησε
1552 1491 1588 1527 (Ι)
1607 1491 1653 1518 τοῦ
1681 1493 1780 1527 γένους
1806 1495 1870 1522 τῶν

1065 1537 1233 1573 ἀνθρώπων,
1248 1537 1295 1565 καὶ
1314 1538 1364 1564 οὐκ
1381 1537 1471 1564 εἴασεν
1490 1537 1586 1568 αὐτοὺς
1610 1538 1778 1566 ἀπόλλυσθαι
1801 1541 1869 1575 βδε-

1064 1582 1228 1617 λυσσόμενος
1242 1581 1289 1608 ἐπὶ
1300 1583 1358 1613 ταῖς
1372 1582 1520 1617 ἁμαρτίαις
1533 1582 1632 1616 αὐτῶν,
1647 1583 1706 1610 οὐδὲ
1718 1584 1762 1615 εἰς
1778 1585 1869 1618 τέλος

1063 1628 1110 1659 τοῦ
1128 1628 1286 1663 πλάσματος
1302 1628 1384 1654 αὐτοῦ
1401 1628 1556 1655 ἐπελάθετο.

1096 1674 1140 1702 52.
1156 1674 1211 1700 Καὶ
1228 1674 1257 1700 ἐν
1276 1673 1316 1709 τῷ
1329 1674 1421 1701 καλεῖν
1437 1675 1516 1701 αὑτὸν
1534 1674 1620 1701 ἐλθεῖν
1635 1675 1715 1702 αὑτὸν
1730 1677 1773 1708 εἰς
1794 1677 1868 1714 βοη-

1063 1720 1137 1746 θειάν
1152 1728 1218 1754 μου,
1235 1720 1378 1755 εἰσήκουσέ
1403 1728 1469 1755 μου·
1489 1721 1535 1747 καὶ
1554 1715 1584 1747 οὐ
1609 1721 1687 1756 μόνον
1708 1722 1866 1758 ἐλήλυθεν,

1062 1765 1129 1791 ἀλλὰ
1146 1765 1192 1792 καὶ
1208 1764 1339 1791 πέπονθεν
1353 1765 1422 1800 ὑπὲρ
1437 1764 1514 1801 ἐμοῦ.

1097 1811 1140 1838 55.
1157 1810 1241 1837 Τοῦτὸ
1257 1812 1330 1838 ἐστιν
1346 1811 1414 1847 ὅπερ
1430 1811 1522 1845 ἔλεγεν
1540 1812 1569 1838 ὲν
1587 1812 1746 1849 Εὑαγγελιῳ
1763 1815 1779 1841 ὁ
1796 1816 1865 1843 Κύο

1062 1865 1134 1892 ριος·
1151 1858 1257 1883 Ἔστιν
1269 1858 1285 1883 ὀ
1300 1856 1401 1890 Πατήρ
1414 1865 1472 1891 μου
1488 1858 1505 1884 ὁ
1517 1856 1646 1889 δοξάζων
1657 1867 1696 1892 με

1092 1902 1136 1930 54.
1152 1902 1236 1929 Τοῦτο
1250 1902 1360 1938 πληρῶν
1375 1904 1403 1929 ἐν
1419 1903 1579 1939 Εὐαγγελίῳ
1593 1903 1685 1938 ἔλεγεν
1696 1913 1703 1920 '
1725 1905 1862 1941 Ἐξομο-

1059 1948 1228 1983 λογήσομιιί
1244 1955 1303 1980 σοι,
1319 1949 1407 1982 Κύριε
1419 1947 1514 1983 Πάτερ
1526 1948 1579 1975 τοῦ
1591 1950 1720 1983 οὐρανοῦ
1732 1952 1784 1978 καὶ
1798 1953 1862 1988 τῆς

1061 2003 1126 2029 της-

1095 2041 1139 2068 55.
1153 2041 1242 2077 ’Ἄπερ
1262 2040 1467 2076 επηγγειλάμην
1476 2040 1520 2068 δια
1535 2041 1588 2067 τῶν
1601 2042 1762 2078 προφητῶν,
1779 2044 1858 2082 πλη-

1061 2095 1150 2121 ρωσω.

261 2119 306 2146 56.
321 2118 531 2148 Justilicatioues
545 2119 674 2154 Domini,
694 2124 722 2148 et
740 2120 924 2156 implebuntur
946 2121 1008 2158 Spi-
1024 2129 1032 2157 ι

1099 2132 1141 2160 56.
1158 2133 1198 2159 Τὰ
1209 2131 1380 2168 δικαιώματα
1391 2132 1439 2160 τοῦ
1451 2132 1565 2168 Κυρίου,
1577 2133 1624 2160 καὶ
1637 2133 1860 2170 ὲμπλησθήσον-

224 2165 278 2194 ritu
295 2170 398 2194 sancto.

260 2211 305 2239 57.
320 2211 438 2247 Hymnus
452 2211 592 2248 speciosos
608 2211 642 2240 de
656 2219 689 2240 eo
711 2213 860 2243 cantabunt
881 2214 1007 2244 oblectati

223 2257 284 2292 ejus
297 2258 505 2292 pulchritudine.

257 2303 303 2331 58.
323 2303 414 2331 Letale
437 2308 577 2339 peccatum
595 2305 622 2332 in
640 2304 707 2340 ipsis
723 2313 776 2333 non
792 2305 955 2343 admittent.]

257 2349 301 2378 59.
319 2349 541 2378 Recordabuntur
556 2350 626 2384 ejus,
639 2350 686 2386 qui
699 2350 773 2386 ipsos
785 2350 859 2379 fecit.

256 2394 301 2422 60.
320 2395 418 2423 Tribus
434 2400 521 2423 terra.

256 2439 300 2471 6|,
313 2439 357 2467 62.
374 2439 432 2474 Ipse
444 2441 516 2468 enim
534 2443 577 2468 est
589 2449 637 2469 rex
651 2449 755 2477 regum,
769 2447 796 2471 et
812 2443 944 2471 Dominus
956 2443 1006 2472 do-

220 2486 401 2517 minantium,
418 2490 446 2513 et
459 2487 533 2514 solus
549 2487 680 2516 Dominus
694 2489 776 2517 totius
793 2489 905 2516 humani
923 2496 1004 2525 gene-

220 2531 270 2564 ris,
287 2535 378 2567 utpote
394 2533 440 2567 qui
456 2533 531 2560 solus
546 2534 656 2568 proprio
672 2535 804 2571 sanguine
815 2543 864 2564 eos
876 2536 1002 2564 redemit.

254 2619 297 2646 65.
316 2619 550 2656 Partxcipaverunt
565 2629 678 2657 gratiam
697 2622 743 2650 Dei
758 2623 850 2652 animo
865 2631 1001 2659 po.en:es.

197 2691 201 2711 ‘1
250 2709 274 2727 ⁸⁸
287 2709 365 2738 Joan.
379 2719 438 2743 vm,
455 2702 499 2739 5d.
538 2713 559 2728 "
572 2712 667 2741 Matth.
681 2721 709 2745 x,
722 2713 788 2759 25.‘

1057 2187 1102 2207 ται
1112 2176 1267 2214 Πνεύματοζ
1276 2178 1366 2212 ἁγίου.

1092 2226 1136 2254 57.
1153 2227 1271 2262 Ὕμνους
1284 2226 1449 2262 ὡραιότητος
1463 2227 1576 2254 εἴπωσιν
1591 2228 1631 2259 εἰς
1645 2226 1726 2254 αὐτὸν
1744 2228 1769 2254 οῑ
1785 2237 1857 2266 τερ-

1057 2272 1169 2308 1ιιόμενοι
1183 2271 1229 2298 τοῦ
1247 2272 1361 2304 κάλλους
1377 2273 1457 2299 αὐτόν
1469 2273 1518 2308 (2).

1090 2318 1135 2345 58.
1156 2318 1303 2353 Ἀμαρτίαν
1320 2318 1506 2354 θανατηφόρον
1520 2318 1550 2344 οὐ
1566 2317 1686 2352 δέξονται
1699 2319 1728 2346 ὲν
1741 2320 1854 2355 αὐτοῖς.

1090 2363 1135 2392 59.
1150 2363 1357 2399 Μνησθήσονται
1372 2364 1419 2391 τοῦ
1436 2364 1614 2400 πεποιηκότος
1625 2364 1735 2398 αὐτούς.

1088 2408 1133 2437 60.
1148 2410 1180 2435 Ai
1198 2409 1278 2444 φυλαὶ
1294 2411 1343 2447 τῆς
1354 2410 1415 2445 γῆς.

1089 2453 1140 2486 61,
1155 2454 1198 2485 62.
1213 2454 1298 2486 Αὐτὸς
1319 2456 1372 2490 γάρ
1392 2456 1448 2482 ἐστι
1467 2455 1591 2490 βασιλεὺς
1606 2455 1662 2483 τῶν
1687 2457 1854 2492 βασιλευόν-

1056 2507 1120 2532 των,
1139 2500 1186 2526 καὶ
1200 2500 1301 2536 Κύριος
1317 2501 1370 2528 τῶν
1384 2502 1572 2538 κυριευόντων,
1587 2503 1634 2529 καὶ
1649 2503 1729 2538 μόνος
1742 2506 1854 2534 Δεσπό-

1055 2554 1105 2582 της
1119 2546 1218 2577 παντὸς
1230 2545 1277 2572 τοῦ
1293 2547 1387 2581 γένους
1403 2547 1458 2573 τῶν
1470 2547 1630 2584 ἀνθρώπων,
1645 2549 1681 2581 ὡς
1696 2550 1779 2585 μόνος
1795 2552 1852 2580 αὖ-

1054 2589 1116 2620 τοὺς
1129 2588 1295 2625 ἐξαγορᾴσας
1307 2591 1345 2627 τῷ
1361 2591 1417 2627 ἰδίῳ
1432 2592 1537 2627 αἵματι.

1089 2633 1133 2661 65.
1146 2635 1302 2662 Μετέλαῦον
1318 2637 1367 2672 τῆς
1380 2637 1490 2672 χάριτος
1503 2638 1550 2666 τοῦ
1563 2638 1629 2666 Θεοῦ
1644 2639 1668 2666 οἱ
1682 2639 1797 2670 δυνατοὶ
1812 2645 1849 2680 τῇ

692 2771 846 2814 Addenda
869 2775 898 2803 et
915 2771 1101 2812 corrigenda
1117 2780 1156 2802 ex
1171 2772 1241 2802 cod.
1260 2773 1355 2805 Vatic.

253 2826 289 2866 ιι)
306 2833 342 2858 Οὐ
358 2832 542 2867 κατεφρόνησε
551 2847 558 2857 .

1094 2834 1130 2871 (2)
1147 2835 1244 2865 Αὑτοῦ.
