  <div class='ocr_page' id='page_1' title='image "/cluster/home/n/w/nwhite01/storage/ocr_20150623/27/njp.32101010944609/390.png"; bbox 0 0 1919 3051; ppageno 0'>
   <div class='ocr_carea' id='block_1_1' title="bbox 54 109 106 138">
    <p class='ocr_par' dir='ltr' id='par_1_1' title="bbox 54 109 106 138">
     <span class='ocr_line' id='line_1_1' title="bbox 54 109 106 138; baseline 0.058 -3"><span class='ocrx_word' id='word_1_1' title='bbox 54 109 106 138; x_wconf 72' lang='lat'><strong>729</strong></span> 
     </span>
    </p>
   </div>
   <div class='ocr_carea' id='block_1_2' title="bbox 510 111 1238 142">
    <p class='ocr_par' dir='ltr' id='par_1_2' title="bbox 510 111 1238 142">
     <span class='ocr_line' id='line_1_2' title="bbox 510 111 1238 142; baseline 0.004 -3"><span class='ocrx_word' id='word_1_2' title='bbox 510 111 554 140; x_wconf 81' lang='lat' dir='ltr'><strong>DE</strong></span> <span class='ocrx_word' id='word_1_3' title='bbox 574 112 714 141; x_wconf 80' lang='lat' dir='ltr'><strong>TITUIJS</strong></span> <span class='ocrx_word' id='word_1_4' title='bbox 734 112 961 142; x_wconf 76' lang='lat' dir='ltr'><strong>PSALMORUM.</strong></span> <span class='ocrx_word' id='word_1_5' title='bbox 984 129 1015 134; x_wconf 89' lang='lat'><strong><em>—</em></strong></span> <span class='ocrx_word' id='word_1_6' title='bbox 1036 113 1134 142; x_wconf 81' lang='lat' dir='ltr'><strong>PSAL.</strong></span> <span class='ocrx_word' id='word_1_7' title='bbox 1153 113 1238 142; x_wconf 75' lang='lat' dir='ltr'><strong>XXI].</strong></span> 
     </span>
    </p>
   </div>
   <div class='ocr_carea' id='block_1_3' title="bbox 1623 113 1676 140">
    <p class='ocr_par' dir='ltr' id='par_1_3' title="bbox 1623 113 1676 140">
     <span class='ocr_line' id='line_1_3' title="bbox 1623 113 1676 140; baseline 0.019 -1"><span class='ocrx_word' id='word_1_8' title='bbox 1623 113 1676 140; x_wconf 72' lang='lat'><strong>750</strong></span> 
     </span>
    </p>
   </div>
   <div class='ocr_carea' id='block_1_4' title="bbox 89 168 868 209">
    <p class='ocr_par' dir='ltr' id='par_1_4' title="bbox 89 168 868 208">
     <span class='ocr_line' id='line_1_4' title="bbox 89 168 868 208; baseline 0.006 -13"><span class='ocrx_word' id='word_1_9' title='bbox 89 168 134 196; x_wconf 75' lang='lat' dir='ltr'><strong>6L</strong></span> <span class='ocrx_word' id='word_1_10' title='bbox 150 168 281 196; x_wconf 77' lang='grc' dir='ltr'>Ἐνώπιον</span> <span class='ocrx_word' id='word_1_11' title='bbox 293 170 375 198; x_wconf 77' lang='grc' dir='ltr'>αὑτοῦ</span> <span class='ocrx_word' id='word_1_12' title='bbox 389 170 589 207; x_wconf 84' lang='grc' dir='ltr'>προπεσοῦνται</span> <span class='ocrx_word' id='word_1_13' title='bbox 602 172 702 204; x_wconf 83' lang='grc' dir='ltr'>πάντες</span> <span class='ocrx_word' id='word_1_14' title='bbox 716 173 741 199; x_wconf 75' lang='grc' dir='ltr'>οἱ</span> <span class='ocrx_word' id='word_1_15' title='bbox 755 181 840 200; x_wconf 84' lang='grc' dir='ltr'>κατα-</span> <span class='ocrx_word' id='word_1_16' title='bbox 854 181 868 208; x_wconf 66' lang='grc' dir='ltr'><em>Α</em></span> 
     </span>
    </p>
   </div>
   <div class='ocr_carea' id='block_1_5' title="bbox 924 168 1676 209">
    <p class='ocr_par' dir='ltr' id='par_1_5' title="bbox 924 169 1676 207">
     <span class='ocr_line' id='line_1_5' title="bbox 924 169 1676 207; baseline -0.003 -8"><span class='ocrx_word' id='word_1_17' title='bbox 924 172 969 200; x_wconf 73' lang='grc'>64.</span> <span class='ocrx_word' id='word_1_18' title='bbox 987 172 1014 199; x_wconf 95' lang='lat' dir='ltr'><strong>ln</strong></span> <span class='ocrx_word' id='word_1_19' title='bbox 1030 177 1179 207; x_wconf 82' lang='lat' dir='ltr'><strong>conspectu</strong></span> <span class='ocrx_word' id='word_1_20' title='bbox 1193 172 1254 207; x_wconf 84' lang='lat' dir='ltr'><strong>ejus</strong></span> <span class='ocrx_word' id='word_1_21' title='bbox 1267 170 1364 200; x_wconf 77' lang='lat' dir='ltr'><strong>cadent</strong></span> <span class='ocrx_word' id='word_1_22' title='bbox 1374 171 1487 202; x_wconf 64' lang='lat' dir='ltr'><strong>Tomnes,</strong></span> <span class='ocrx_word' id='word_1_23' title='bbox 1501 169 1549 198; x_wconf 75' lang='lat' dir='ltr'><strong>cui</strong></span> <span class='ocrx_word' id='word_1_24' title='bbox 1560 171 1676 198; x_wconf 83' lang='lat' dir='ltr'><strong>descen-</strong></span> 
     </span>
    </p>
   </div>
   <div class='ocr_carea' id='block_1_6' title="bbox 52 213 324 250">
    <p class='ocr_par' dir='ltr' id='par_1_6' title="bbox 52 213 324 250">
     <span class='ocr_line' id='line_1_6' title="bbox 52 213 324 250; baseline 0.004 -8"><span class='ocrx_word' id='word_1_25' title='bbox 52 213 192 248; x_wconf 76' lang='grc' dir='ltr'>σαίνοντες</span> <span class='ocrx_word' id='word_1_26' title='bbox 207 217 247 245; x_wconf 77' lang='grc' dir='ltr'>εἰς</span> <span class='ocrx_word' id='word_1_27' title='bbox 261 216 324 250; x_wconf 73' lang='grc' dir='ltr'>γῆν.</span> 
     </span>
    </p>
   </div>
   <div class='ocr_carea' id='block_1_7' title="bbox 89 261 542 299">
    <p class='ocr_par' dir='ltr' id='par_1_7' title="bbox 89 261 542 299">
     <span class='ocr_line' id='line_1_7' title="bbox 89 261 542 299; baseline 0.004 -11"><span class='ocrx_word' id='word_1_28' title='bbox 89 261 135 288; x_wconf 80' lang='lat'><strong>65.</strong></span> <span class='ocrx_word' id='word_1_29' title='bbox 151 262 206 288; x_wconf 72' lang='grc' dir='ltr'><strong>Καὶ</strong></span> <span class='ocrx_word' id='word_1_30' title='bbox 219 262 236 297; x_wconf 76' lang='grc' dir='ltr'>ἡ</span> <span class='ocrx_word' id='word_1_31' title='bbox 249 261 322 298; x_wconf 78' lang='grc' dir='ltr'>ψυχή</span> <span class='ocrx_word' id='word_1_32' title='bbox 341 271 391 298; x_wconf 84' lang='grc' dir='ltr'><strong>μου</strong></span> <span class='ocrx_word' id='word_1_33' title='bbox 405 263 478 298; x_wconf 74' lang='grc' dir='ltr'>αὐτῷ</span> <span class='ocrx_word' id='word_1_34' title='bbox 491 263 523 299; x_wconf 82' lang='grc' dir='ltr'><strong>ζῇ</strong></span> <span class='ocrx_word' id='word_1_35' title='bbox 533 283 542 295; x_wconf 85' lang='grc'>,</span> 
     </span>
    </p>
   </div>
   <div class='ocr_carea' id='block_1_8' title="bbox 89 305 695 345">
    <p class='ocr_par' dir='ltr' id='par_1_8' title="bbox 89 305 695 345">
     <span class='ocr_line' id='line_1_8' title="bbox 89 305 695 345; baseline 0.003 -11"><span class='ocrx_word' id='word_1_36' title='bbox 89 305 133 334; x_wconf 80' lang='grc'><strong>66.</strong></span> <span class='ocrx_word' id='word_1_37' title='bbox 150 308 205 334; x_wconf 73' lang='grc' dir='ltr'><strong>Καὶ</strong></span> <span class='ocrx_word' id='word_1_38' title='bbox 216 307 246 334; x_wconf 87' lang='grc' dir='ltr'>τὸ</span> <span class='ocrx_word' id='word_1_39' title='bbox 264 308 373 343; x_wconf 81' lang='grc' dir='ltr'>σπέρμα</span> <span class='ocrx_word' id='word_1_40' title='bbox 391 318 441 344; x_wconf 85' lang='grc' dir='ltr'><strong>μου</strong></span> <span class='ocrx_word' id='word_1_41' title='bbox 458 309 595 336; x_wconf 78' lang='grc' dir='ltr'>δουλεύσει</span> <span class='ocrx_word' id='word_1_42' title='bbox 610 310 695 345; x_wconf 80' lang='grc' dir='ltr'>αὐτῷ.</span> 
     </span>
    </p>
   </div>
   <div class='ocr_carea' id='block_1_9' title="bbox 89 352 839 392">
    <p class='ocr_par' dir='ltr' id='par_1_9' title="bbox 89 352 839 392">
     <span class='ocr_line' id='line_1_9' title="bbox 89 352 839 392; baseline 0.005 -13"><span class='ocrx_word' id='word_1_43' title='bbox 89 352 133 379; x_wconf 72' lang='lat'><strong>67.</strong></span> <span class='ocrx_word' id='word_1_44' title='bbox 157 353 385 389; x_wconf 76' lang='grc' dir='ltr'>Ἀναγγελήσεται</span> <span class='ocrx_word' id='word_1_45' title='bbox 401 354 439 390; x_wconf 85' lang='grc' dir='ltr'><strong>τῷ</strong></span> <span class='ocrx_word' id='word_1_46' title='bbox 454 356 546 391; x_wconf 73' lang='grc' dir='ltr'>Κυρίῳ</span> <span class='ocrx_word' id='word_1_47' title='bbox 563 355 644 390; x_wconf 84' lang='grc' dir='ltr'>γενεὰ</span> <span class='ocrx_word' id='word_1_48' title='bbox 658 357 674 391; x_wconf 87' lang='grc' dir='ltr'><strong>ή</strong></span> <span class='ocrx_word' id='word_1_49' title='bbox 691 356 839 392; x_wconf 82' lang='grc' dir='ltr'>ἐρχομένη’</span> 
     </span>
    </p>
   </div>
   <div class='ocr_carea' id='block_1_10' title="bbox 90 399 736 436">
    <p class='ocr_par' dir='ltr' id='par_1_10' title="bbox 90 399 736 436">
     <span class='ocr_line' id='line_1_10' title="bbox 90 399 736 436; baseline 0.005 -11"><span class='ocrx_word' id='word_1_50' title='bbox 90 399 134 426; x_wconf 90' lang='grc'><strong>68.</strong></span> <span class='ocrx_word' id='word_1_51' title='bbox 149 399 203 426; x_wconf 82' lang='grc' dir='ltr'><strong>Καὶ</strong></span> <span class='ocrx_word' id='word_1_52' title='bbox 218 400 395 434; x_wconf 67' lang='grc' dir='ltr'>ἀναγγελοῦσι</span> <span class='ocrx_word' id='word_1_53' title='bbox 409 400 457 436; x_wconf 83' lang='grc' dir='ltr'>τὴν</span> <span class='ocrx_word' id='word_1_54' title='bbox 468 401 640 436; x_wconf 76' lang='grc' dir='ltr'>δικαιοσύνην</span> <span class='ocrx_word' id='word_1_55' title='bbox 654 401 736 428; x_wconf 80' lang='grc' dir='ltr'>αὑτοῦ</span> 
     </span>
    </p>
   </div>
   <div class='ocr_carea' id='block_1_11' title="bbox 89 443 840 484">
    <p class='ocr_par' dir='ltr' id='par_1_11' title="bbox 89 443 840 484">
     <span class='ocr_line' id='line_1_11' title="bbox 89 443 840 484; baseline 0.001 -11"><span class='ocrx_word' id='word_1_56' title='bbox 89 443 135 473; x_wconf 84' lang='grc'>69.</span> <span class='ocrx_word' id='word_1_57' title='bbox 149 444 215 480; x_wconf 82' lang='grc' dir='ltr'><strong>Λαῷ</strong></span> <span class='ocrx_word' id='word_1_58' title='bbox 226 444 264 480; x_wconf 81' lang='grc' dir='ltr'>τῷ</span> <span class='ocrx_word' id='word_1_59' title='bbox 277 445 468 481; x_wconf 84' lang='grc' dir='ltr'>τεχθησομένῳ</span> <span class='ocrx_word' id='word_1_60' title='bbox 481 466 488 477; x_wconf 87' lang='grc'>,</span> <span class='ocrx_word' id='word_1_61' title='bbox 503 446 532 473; x_wconf 79' lang='grc' dir='ltr'>ὃν</span> <span class='ocrx_word' id='word_1_62' title='bbox 552 447 679 480; x_wconf 81' lang='grc' dir='ltr'>ἐποίησεν</span> <span class='ocrx_word' id='word_1_63' title='bbox 700 448 714 474; x_wconf 83' lang='grc' dir='ltr'>ὁ</span> <span class='ocrx_word' id='word_1_64' title='bbox 728 446 840 484; x_wconf 83' lang='grc' dir='ltr'>Κύριος.</span> 
     </span>
    </p>
   </div>
   <div class='ocr_carea' id='block_1_12' title="bbox 216 491 682 529">
    <p class='ocr_par' dir='ltr' id='par_1_12' title="bbox 216 491 682 529">
     <span class='ocr_line' id='line_1_12' title="bbox 216 491 682 529; baseline 0.004 -11"><span class='ocrx_word' id='word_1_65' title='bbox 216 491 337 525; x_wconf 76' lang='grc' dir='ltr'><strong>Ψαλμὸς</strong></span> <span class='ocrx_word' id='word_1_66' title='bbox 348 491 388 524; x_wconf 83' lang='grc' dir='ltr'>τῷ</span> <span class='ocrx_word' id='word_1_67' title='bbox 396 491 499 529; x_wconf 61' lang='grc' dir='ltr'><strong>ᾼαείὸ.</strong></span> <span class='ocrx_word' id='word_1_68' title='bbox 514 493 600 519; x_wconf 85' lang='grc' dir='ltr'><strong>ΨΑΛ.</strong></span> <span class='ocrx_word' id='word_1_69' title='bbox 616 494 682 520; x_wconf 83' lang='lat' dir='ltr'><strong>KB’.</strong></span> 
     </span>
    </p>
   </div>
   <div class='ocr_carea' id='block_1_13' title="bbox 89 533 840 575">
    <p class='ocr_par' dir='ltr' id='par_1_13' title="bbox 89 533 840 575">
     <span class='ocr_line' id='line_1_13' title="bbox 89 533 840 575; baseline 0.007 -13"><span class='ocrx_word' id='word_1_70' title='bbox 89 533 116 563; x_wconf 72' lang='lat' dir='ltr'>L</span> <span class='ocrx_word' id='word_1_71' title='bbox 133 535 236 571; x_wconf 82' lang='grc' dir='ltr'>Κύριος</span> <span class='ocrx_word' id='word_1_72' title='bbox 251 536 388 571; x_wconf 75' lang='grc' dir='ltr'><strong>ποιμαίνει</strong></span> <span class='ocrx_word' id='word_1_73' title='bbox 408 546 442 572; x_wconf 87' lang='grc' dir='ltr'><strong>με</strong></span> <span class='ocrx_word' id='word_1_74' title='bbox 452 558 459 569; x_wconf 85' lang='grc'>,</span> <span class='ocrx_word' id='word_1_75' title='bbox 478 538 525 565; x_wconf 71' lang='grc' dir='ltr'><strong>καὶ</strong></span> <span class='ocrx_word' id='word_1_76' title='bbox 537 538 612 565; x_wconf 73' lang='grc' dir='ltr'>οὐδέν</span> <span class='ocrx_word' id='word_1_77' title='bbox 627 547 660 574; x_wconf 85' lang='grc' dir='ltr'><strong>με</strong></span> <span class='ocrx_word' id='word_1_78' title='bbox 679 540 840 575; x_wconf 63' lang='grc' dir='ltr'>ὑστερήσειν</span> 
     </span>
    </p>
   </div>
   <div class='ocr_carea' id='block_1_14' title="bbox 88 580 728 618">
    <p class='ocr_par' dir='ltr' id='par_1_14' title="bbox 88 580 728 618">
     <span class='ocr_line' id='line_1_14' title="bbox 88 580 728 618; baseline 0.006 -11"><span class='ocrx_word' id='word_1_79' title='bbox 88 580 116 608; x_wconf 77' lang='grc'><strong>2,</strong></span> <span class='ocrx_word' id='word_1_80' title='bbox 132 581 180 612; x_wconf 80' lang='grc' dir='ltr'><strong>Εἰς</strong></span> <span class='ocrx_word' id='word_1_81' title='bbox 195 581 276 608; x_wconf 77' lang='grc' dir='ltr'>τόπον</span> <span class='ocrx_word' id='word_1_82' title='bbox 288 582 369 617; x_wconf 72' lang='grc' dir='ltr'>χλόης</span> <span class='ocrx_word' id='word_1_83' title='bbox 385 583 442 609; x_wconf 78' lang='grc' dir='ltr'><strong>ἐκεῖ</strong></span> <span class='ocrx_word' id='word_1_84' title='bbox 457 591 490 618; x_wconf 86' lang='grc' dir='ltr'><strong>με</strong></span> <span class='ocrx_word' id='word_1_85' title='bbox 507 585 728 618; x_wconf 79' lang='grc' dir='ltr'>κατεσκήνωσεν·</span> 
     </span>
    </p>
   </div>
   <div class='ocr_carea' id='block_1_15' title="bbox 87 627 710 666">
    <p class='ocr_par' dir='ltr' id='par_1_15' title="bbox 87 627 710 666">
     <span class='ocr_line' id='line_1_15' title="bbox 87 627 710 666; baseline 0.003 -12"><span class='ocrx_word' id='word_1_86' title='bbox 87 627 115 654; x_wconf 77' lang='lat'><strong>5.</strong></span> <span class='ocrx_word' id='word_1_87' title='bbox 132 627 198 656; x_wconf 69' lang='grc' dir='ltr'><strong>,Ἐπὶ</strong></span> <span class='ocrx_word' id='word_1_88' title='bbox 213 627 309 659; x_wconf 78' lang='grc' dir='ltr'>ὕδατος</span> <span class='ocrx_word' id='word_1_89' title='bbox 325 629 504 660; x_wconf 80' lang='grc' dir='ltr'>ἀναπαύσεως</span> <span class='ocrx_word' id='word_1_90' title='bbox 516 629 646 665; x_wconf 61' lang='grc' dir='ltr'>ἐξέθρεψέ</span> <span class='ocrx_word' id='word_1_91' title='bbox 665 639 710 666; x_wconf 83' lang='grc' dir='ltr'>με.</span> 
     </span>
    </p>
   </div>
   <div class='ocr_carea' id='block_1_16' title="bbox 87 671 552 710">
    <p class='ocr_par' dir='ltr' id='par_1_16' title="bbox 87 671 552 710">
     <span class='ocr_line' id='line_1_16' title="bbox 87 671 552 710; baseline 0.002 -10"><span class='ocrx_word' id='word_1_92' title='bbox 87 671 115 700; x_wconf 79' lang='grc' dir='ltr'>ι.</span> <span class='ocrx_word' id='word_1_93' title='bbox 131 673 188 706; x_wconf 87' lang='grc' dir='ltr'>Τὴν</span> <span class='ocrx_word' id='word_1_94' title='bbox 200 673 288 709; x_wconf 74' lang='grc' dir='ltr'>ψυχήν</span> <span class='ocrx_word' id='word_1_95' title='bbox 305 682 355 708; x_wconf 89' lang='grc' dir='ltr'><strong>μου</strong></span> <span class='ocrx_word' id='word_1_96' title='bbox 370 674 536 710; x_wconf 77' lang='grc' dir='ltr'><strong>ἐπέστρεψεν</strong></span> <span class='ocrx_word' id='word_1_97' title='bbox 546 683 552 689; x_wconf 90' lang='grc'><strong>·</strong></span> 
     </span>
    </p>
   </div>
   <div class='ocr_carea' id='block_1_17' title="bbox 87 717 703 757">
    <p class='ocr_par' dir='ltr' id='par_1_17' title="bbox 87 717 703 757">
     <span class='ocr_line' id='line_1_17' title="bbox 87 717 703 757; baseline 0.008 -14"><span class='ocrx_word' id='word_1_98' title='bbox 87 717 114 745; x_wconf 88' lang='grc'>5.</span> <span class='ocrx_word' id='word_1_99' title='bbox 138 718 270 754; x_wconf 83' lang='grc' dir='ltr'>Ὠδήγησέ</span> <span class='ocrx_word' id='word_1_100' title='bbox 285 727 318 753; x_wconf 89' lang='grc' dir='ltr'><strong>με</strong></span> <span class='ocrx_word' id='word_1_101' title='bbox 334 720 378 746; x_wconf 75' lang='grc' dir='ltr'><strong>ἐπὶ</strong></span> <span class='ocrx_word' id='word_1_102' title='bbox 394 719 504 754; x_wconf 74' lang='grc' dir='ltr'>τριῦους</span> <span class='ocrx_word' id='word_1_103' title='bbox 517 720 703 757; x_wconf 75' lang='grc' dir='ltr'><strong>δικαιοσύνης,</strong></span> 
     </span>
    </p>
   </div>
   <div class='ocr_carea' id='block_1_18' title="bbox 87 757 559 799">
    <p class='ocr_par' dir='ltr' id='par_1_18' title="bbox 87 757 559 799">
     <span class='ocr_line' id='line_1_18' title="bbox 87 757 559 799; baseline 0.006 -10"><span class='ocrx_word' id='word_1_104' title='bbox 87 761 115 789; x_wconf 83' lang='grc' dir='ltr'>ϐ.</span> <span class='ocrx_word' id='word_1_105' title='bbox 133 762 245 789; x_wconf 82' lang='grc' dir='ltr'>Ἕνεκεν</span> <span class='ocrx_word' id='word_1_106' title='bbox 259 763 306 789; x_wconf 84' lang='grc' dir='ltr'>τοῦ</span> <span class='ocrx_word' id='word_1_107' title='bbox 320 764 450 799; x_wconf 77' lang='grc' dir='ltr'>ὀνόματος</span> <span class='ocrx_word' id='word_1_108' title='bbox 466 757 559 792; x_wconf 71' lang='grc' dir='ltr'>αὑτοῧ.</span> 
     </span>
    </p>
   </div>
   <div class='ocr_carea' id='block_1_19' title="bbox 87 807 840 847">
    <p class='ocr_par' dir='ltr' id='par_1_19' title="bbox 87 807 840 847">
     <span class='ocr_line' id='line_1_19' title="bbox 87 807 840 847; baseline 0.008 -13"><span class='ocrx_word' id='word_1_109' title='bbox 87 807 116 835; x_wconf 89' lang='grc'>7.</span> <span class='ocrx_word' id='word_1_110' title='bbox 136 808 198 835; x_wconf 71' lang='grc' dir='ltr'><strong>Ἐὰν</strong></span> <span class='ocrx_word' id='word_1_111' title='bbox 212 809 266 844; x_wconf 74' lang='grc' dir='ltr'>γὰρ</span> <span class='ocrx_word' id='word_1_112' title='bbox 284 810 330 836; x_wconf 75' lang='grc' dir='ltr'><strong>καὶ</strong></span> <span class='ocrx_word' id='word_1_113' title='bbox 343 810 468 846; x_wconf 80' lang='grc' dir='ltr'><strong>πορευθῶ</strong></span> <span class='ocrx_word' id='word_1_114' title='bbox 481 812 509 837; x_wconf 86' lang='grc' dir='ltr'>ὲν</span> <span class='ocrx_word' id='word_1_115' title='bbox 526 811 601 847; x_wconf 84' lang='grc' dir='ltr'>μέσῳ</span> <span class='ocrx_word' id='word_1_116' title='bbox 617 813 696 844; x_wconf 80' lang='grc' dir='ltr'>σκιᾶς</span> <span class='ocrx_word' id='word_1_117' title='bbox 712 812 840 845; x_wconf 77' lang='grc' dir='ltr'>θανάτου,</span> 
     </span>
    </p>
   </div>
   <div class='ocr_carea' id='block_1_20' title="bbox 87 851 770 892">
    <p class='ocr_par' dir='ltr' id='par_1_20' title="bbox 87 851 770 892">
     <span class='ocr_line' id='line_1_20' title="bbox 87 851 770 892; baseline 0.006 -12"><span class='ocrx_word' id='word_1_118' title='bbox 87 851 115 880; x_wconf 90' lang='grc'><strong>8.</strong></span> <span class='ocrx_word' id='word_1_119' title='bbox 134 853 170 878; x_wconf 66' lang='grc' dir='ltr'><strong>Οὐ</strong></span> <span class='ocrx_word' id='word_1_120' title='bbox 186 853 374 889; x_wconf 69' lang='grc' dir='ltr'>φοϐηθήσομαι</span> <span class='ocrx_word' id='word_1_121' title='bbox 387 855 468 886; x_wconf 82' lang='grc' dir='ltr'>κακὰ,</span> <span class='ocrx_word' id='word_1_122' title='bbox 482 855 523 882; x_wconf 81' lang='grc' dir='ltr'>ὅτι</span> <span class='ocrx_word' id='word_1_123' title='bbox 539 856 571 883; x_wconf 84' lang='grc' dir='ltr'>σὺ</span> <span class='ocrx_word' id='word_1_124' title='bbox 584 858 643 891; x_wconf 86' lang='grc' dir='ltr'>μετ’</span> <span class='ocrx_word' id='word_1_125' title='bbox 656 856 723 892; x_wconf 75' lang='grc' dir='ltr'>ἐμοῦ</span> <span class='ocrx_word' id='word_1_126' title='bbox 736 855 770 884; x_wconf 85' lang='grc' dir='ltr'><strong>εἷ.</strong></span> 
     </span>
    </p>
   </div>
   <div class='ocr_carea' id='block_1_21' title="bbox 88 897 841 938">
    <p class='ocr_par' dir='ltr' id='par_1_21' title="bbox 88 897 841 938">
     <span class='ocr_line' id='line_1_21' title="bbox 88 897 841 938; baseline 0.007 -14"><span class='ocrx_word' id='word_1_127' title='bbox 88 897 116 924; x_wconf 88' lang='lat'><strong>9.</strong></span> <span class='ocrx_word' id='word_1_128' title='bbox 136 897 169 924; x_wconf 82' lang='lat' dir='ltr'><strong>&#39;H</strong></span> <span class='ocrx_word' id='word_1_129' title='bbox 186 898 284 933; x_wconf 77' lang='grc' dir='ltr'>ράῦδος</span> <span class='ocrx_word' id='word_1_130' title='bbox 301 907 348 926; x_wconf 84' lang='grc' dir='ltr'><strong>σου</strong></span> <span class='ocrx_word' id='word_1_131' title='bbox 369 900 417 928; x_wconf 81' lang='grc' dir='ltr'><strong>καὶ</strong></span> <span class='ocrx_word' id='word_1_132' title='bbox 434 901 450 935; x_wconf 82' lang='grc' dir='ltr'>ἡ</span> <span class='ocrx_word' id='word_1_133' title='bbox 472 900 608 936; x_wconf 78' lang='grc' dir='ltr'>βακτηρία</span> <span class='ocrx_word' id='word_1_134' title='bbox 625 910 687 934; x_wconf 86' lang='grc' dir='ltr'>σου,</span> <span class='ocrx_word' id='word_1_135' title='bbox 709 899 790 929; x_wconf 71' lang='grc' dir='ltr'>αὗταί</span> <span class='ocrx_word' id='word_1_136' title='bbox 807 911 841 938; x_wconf 88' lang='grc' dir='ltr'><strong>με</strong></span> 
     </span>
    </p>
   </div>
   <div class='ocr_carea' id='block_1_22' title="bbox 52 943 243 978">
    <p class='ocr_par' dir='ltr' id='par_1_22' title="bbox 52 943 243 978">
     <span class='ocr_line' id='line_1_22' title="bbox 52 943 243 978; baseline 0.005 -9"><span class='ocrx_word' id='word_1_137' title='bbox 52 943 243 978; x_wconf 64' lang='grc' dir='ltr'>παρεκάλεσαν</span> 
     </span>
    </p>
   </div>
   <div class='ocr_carea' id='block_1_23' title="bbox 88 988 841 1028">
    <p class='ocr_par' dir='ltr' id='par_1_23' title="bbox 88 988 841 1028">
     <span class='ocr_line' id='line_1_23' title="bbox 88 988 841 1028; baseline 0.009 -14"><span class='ocrx_word' id='word_1_138' title='bbox 88 988 132 1015; x_wconf 73' lang='grc'>10.</span> <span class='ocrx_word' id='word_1_139' title='bbox 153 989 319 1025; x_wconf 82' lang='grc' dir='ltr'>Ἠτοιμασας</span> <span class='ocrx_word' id='word_1_140' title='bbox 333 990 447 1018; x_wconf 75' lang='grc' dir='ltr'>ἐνώπιόν</span> <span class='ocrx_word' id='word_1_141' title='bbox 464 1000 515 1027; x_wconf 89' lang='grc' dir='ltr'><strong>μου</strong></span> <span class='ocrx_word' id='word_1_142' title='bbox 529 991 669 1028; x_wconf 75' lang='grc' dir='ltr'>τράπεζαν</span> <span class='ocrx_word' id='word_1_143' title='bbox 687 993 841 1026; x_wconf 61' lang='grc' dir='ltr'>ἐξεναντία»</span> 
     </span>
    </p>
   </div>
   <div class='ocr_carea' id='block_1_24' title="bbox 53 1033 330 1070">
    <p class='ocr_par' dir='ltr' id='par_1_24' title="bbox 53 1033 330 1070">
     <span class='ocr_line' id='line_1_24' title="bbox 53 1033 330 1070; baseline 0.007 -10"><span class='ocrx_word' id='word_1_144' title='bbox 53 1033 106 1060; x_wconf 75' lang='grc' dir='ltr'>τῶν</span> <span class='ocrx_word' id='word_1_145' title='bbox 120 1033 263 1062; x_wconf 76' lang='grc' dir='ltr'>Θλιὸόντων</span> <span class='ocrx_word' id='word_1_146' title='bbox 277 1044 311 1070; x_wconf 88' lang='grc' dir='ltr'><strong>με</strong></span> <span class='ocrx_word' id='word_1_147' title='bbox 323 1044 330 1051; x_wconf 82' lang='grc'><em>’</em></span> 
     </span>
    </p>
   </div>
   <div class='ocr_carea' id='block_1_25' title="bbox 89 1079 704 1120">
    <p class='ocr_par' dir='ltr' id='par_1_25' title="bbox 89 1079 704 1120">
     <span class='ocr_line' id='line_1_25' title="bbox 89 1079 704 1120; baseline 0.01 -14"><span class='ocrx_word' id='word_1_148' title='bbox 89 1079 133 1106; x_wconf 82' lang='grc' dir='ltr'>Η.</span> <span class='ocrx_word' id='word_1_149' title='bbox 155 1081 299 1114; x_wconf 79' lang='grc' dir='ltr'>Ἐλίπανας</span> <span class='ocrx_word' id='word_1_150' title='bbox 312 1083 341 1108; x_wconf 81' lang='grc' dir='ltr'>ὲν</span> <span class='ocrx_word' id='word_1_151' title='bbox 353 1082 436 1118; x_wconf 74' lang='grc' dir='ltr'>ἐλαίῳ</span> <span class='ocrx_word' id='word_1_152' title='bbox 451 1083 499 1119; x_wconf 86' lang='grc' dir='ltr'>τὴν</span> <span class='ocrx_word' id='word_1_153' title='bbox 514 1084 636 1120; x_wconf 85' lang='grc' dir='ltr'>κεφαλήν</span> <span class='ocrx_word' id='word_1_154' title='bbox 653 1093 704 1120; x_wconf 88' lang='grc' dir='ltr'><strong>μου</strong></span> 
     </span>
    </p>
   </div>
   <div class='ocr_carea' id='block_1_26' title="bbox 892 218 1128 245">
    <p class='ocr_par' dir='ltr' id='par_1_26' title="bbox 892 218 1128 245">
     <span class='ocr_line' id='line_1_26' title="bbox 892 218 1128 245; baseline 0.004 -1"><span class='ocrx_word' id='word_1_155' title='bbox 892 218 960 245; x_wconf 84' lang='lat' dir='ltr'><strong>dunt</strong></span> <span class='ocrx_word' id='word_1_156' title='bbox 973 218 999 244; x_wconf 88' lang='lat' dir='ltr'><strong>in</strong></span> <span class='ocrx_word' id='word_1_157' title='bbox 1016 222 1128 245; x_wconf 85' lang='lat' dir='ltr'><strong>terram.</strong></span> 
     </span>
    </p>
   </div>
   <div class='ocr_carea' id='block_1_27' title="bbox 926 261 1344 295">
    <p class='ocr_par' dir='ltr' id='par_1_27' title="bbox 926 261 1344 295">
     <span class='ocr_line' id='line_1_27' title="bbox 926 261 1344 295; baseline -0.002 -6"><span class='ocrx_word' id='word_1_158' title='bbox 926 263 970 290; x_wconf 83' lang='lat'><strong>65.</strong></span> <span class='ocrx_word' id='word_1_159' title='bbox 988 262 1020 288; x_wconf 87' lang='lat' dir='ltr'><strong>Et</strong></span> <span class='ocrx_word' id='word_1_160' title='bbox 1032 263 1123 289; x_wconf 88' lang='lat' dir='ltr'><strong>anima</strong></span> <span class='ocrx_word' id='word_1_161' title='bbox 1141 270 1200 290; x_wconf 85' lang='lat' dir='ltr'><strong>mea</strong></span> <span class='ocrx_word' id='word_1_162' title='bbox 1217 261 1255 289; x_wconf 89' lang='lat' dir='ltr'><strong>illi</strong></span> <span class='ocrx_word' id='word_1_163' title='bbox 1268 261 1344 295; x_wconf 92' lang='lat' dir='ltr'><strong>vivit,</strong></span> 
     </span>
    </p>
   </div>
   <div class='ocr_carea' id='block_1_28' title="bbox 928 306 1429 342">
    <p class='ocr_par' dir='ltr' id='par_1_28' title="bbox 928 306 1429 342">
     <span class='ocr_line' id='line_1_28' title="bbox 928 306 1429 342; baseline -0.006 -6"><span class='ocrx_word' id='word_1_164' title='bbox 928 308 972 336; x_wconf 85' lang='lat'><strong>66.</strong></span> <span class='ocrx_word' id='word_1_165' title='bbox 988 308 1021 335; x_wconf 81' lang='lat' dir='ltr'><strong>Et</strong></span> <span class='ocrx_word' id='word_1_166' title='bbox 1034 317 1127 336; x_wconf 87' lang='lat' dir='ltr'><strong>semen</strong></span> <span class='ocrx_word' id='word_1_167' title='bbox 1143 317 1233 336; x_wconf 90' lang='lat' dir='ltr'><strong>mcum</strong></span> <span class='ocrx_word' id='word_1_168' title='bbox 1247 308 1346 335; x_wconf 82' lang='lat' dir='ltr'><strong>serviet</strong></span> <span class='ocrx_word' id='word_1_169' title='bbox 1361 306 1429 342; x_wconf 87' lang='lat' dir='ltr'><strong>ipsi.|</strong></span> 
     </span>
    </p>
   </div>
   <div class='ocr_carea' id='block_1_29' title="bbox 928 352 1630 389">
    <p class='ocr_par' dir='ltr' id='par_1_29' title="bbox 928 352 1630 389">
     <span class='ocr_line' id='line_1_29' title="bbox 928 352 1630 389; baseline -0.004 -7"><span class='ocrx_word' id='word_1_170' title='bbox 928 354 972 383; x_wconf 75' lang='lat'><strong>67.</strong></span> <span class='ocrx_word' id='word_1_171' title='bbox 989 355 1204 382; x_wconf 85' lang='lat' dir='ltr'><strong>Annuntiabitur</strong></span> <span class='ocrx_word' id='word_1_172' title='bbox 1216 354 1333 381; x_wconf 81' lang='lat' dir='ltr'><strong>Domino</strong></span> <span class='ocrx_word' id='word_1_173' title='bbox 1347 352 1485 389; x_wconf 79' lang='lat' dir='ltr'><strong>generatio</strong></span> <span class='ocrx_word' id='word_1_174' title='bbox 1498 357 1630 380; x_wconf 85' lang='lat' dir='ltr'><strong>ventura:</strong></span> 
     </span>
    </p>
   </div>
   <div class='ocr_carea' id='block_1_30' title="bbox 928 398 1460 433">
    <p class='ocr_par' dir='ltr' id='par_1_30' title="bbox 928 398 1460 433">
     <span class='ocr_line' id='line_1_30' title="bbox 928 398 1460 433; baseline -0.002 -7"><span class='ocrx_word' id='word_1_175' title='bbox 928 399 972 426; x_wconf 80' lang='lat'><strong>68.</strong></span> <span class='ocrx_word' id='word_1_176' title='bbox 987 399 1021 426; x_wconf 90' lang='lat' dir='ltr'><strong>Et</strong></span> <span class='ocrx_word' id='word_1_177' title='bbox 1035 399 1239 426; x_wconf 89' lang='lat' dir='ltr'><strong>annuntiabunt</strong></span> <span class='ocrx_word' id='word_1_178' title='bbox 1252 399 1386 433; x_wconf 80' lang='lat' dir='ltr'><strong>justitiam</strong></span> <span class='ocrx_word' id='word_1_179' title='bbox 1400 398 1460 432; x_wconf 86' lang='lat' dir='ltr'><strong>ejus</strong></span> 
     </span>
    </p>
   </div>
   <div class='ocr_carea' id='block_1_31' title="bbox 926 441 1675 480">
    <p class='ocr_par' dir='ltr' id='par_1_31' title="bbox 926 441 1675 480">
     <span class='ocr_line' id='line_1_31' title="bbox 926 441 1675 480; baseline -0.004 -8"><span class='ocrx_word' id='word_1_180' title='bbox 926 445 971 474; x_wconf 85' lang='lat'><strong>69.</strong></span> <span class='ocrx_word' id='word_1_181' title='bbox 988 445 1108 480; x_wconf 81' lang='lat' dir='ltr'><strong>Populo,</strong></span> <span class='ocrx_word' id='word_1_182' title='bbox 1125 445 1171 479; x_wconf 86' lang='lat' dir='ltr'><strong>qui</strong></span> <span class='ocrx_word' id='word_1_183' title='bbox 1193 449 1336 476; x_wconf 80' lang='lat' dir='ltr'><strong>nascetur,</strong></span> <span class='ocrx_word' id='word_1_184' title='bbox 1353 451 1433 478; x_wconf 75' lang='lat' dir='ltr'><strong>quem</strong></span> <span class='ocrx_word' id='word_1_185' title='bbox 1457 442 1519 470; x_wconf 77' lang='lat' dir='ltr'><strong>fecit</strong></span> <span class='ocrx_word' id='word_1_186' title='bbox 1534 441 1675 470; x_wconf 74' lang='lat' dir='ltr'><strong>Dominus.</strong></span> 
     </span>
    </p>
   </div>
   <div class='ocr_carea' id='block_1_32' title="bbox 1052 488 1516 519">
    <p class='ocr_par' dir='ltr' id='par_1_32' title="bbox 1052 488 1516 519">
     <span class='ocr_line' id='line_1_32' title="bbox 1052 488 1516 519; baseline -0.004 -1"><span class='ocrx_word' id='word_1_187' title='bbox 1052 491 1175 519; x_wconf 74' lang='lat' dir='ltr'><strong>Psalmu:</strong></span> <span class='ocrx_word' id='word_1_188' title='bbox 1191 491 1285 518; x_wconf 80' lang='lat' dir='ltr'><strong>David.</strong></span> <span class='ocrx_word' id='word_1_189' title='bbox 1303 490 1406 519; x_wconf 84' lang='lat' dir='ltr'><strong><em>PSAL.</em></strong></span> <span class='ocrx_word' id='word_1_190' title='bbox 1419 488 1516 517; x_wconf 80' lang='lat' dir='ltr'><strong><em>XXII.</em></strong></span> 
     </span>
    </p>
   </div>
   <div class='ocr_carea' id='block_1_33' title="bbox 926 535 1600 573">
    <p class='ocr_par' dir='ltr' id='par_1_33' title="bbox 926 535 1600 573">
     <span class='ocr_line' id='line_1_33' title="bbox 926 535 1600 573; baseline -0.003 -9"><span class='ocrx_word' id='word_1_191' title='bbox 926 538 953 565; x_wconf 82' lang='grc'>1.</span> <span class='ocrx_word' id='word_1_192' title='bbox 970 537 1104 565; x_wconf 87' lang='lat' dir='ltr'><strong>Dominus</strong></span> <span class='ocrx_word' id='word_1_193' title='bbox 1117 538 1206 573; x_wconf 87' lang='lat' dir='ltr'><strong>pascit</strong></span> <span class='ocrx_word' id='word_1_194' title='bbox 1221 545 1274 569; x_wconf 90' lang='lat' dir='ltr'><strong>me,</strong></span> <span class='ocrx_word' id='word_1_195' title='bbox 1290 542 1316 564; x_wconf 88' lang='lat' dir='ltr'><strong>et</strong></span> <span class='ocrx_word' id='word_1_196' title='bbox 1333 537 1398 564; x_wconf 87' lang='lat' dir='ltr'><strong>nihil</strong></span> <span class='ocrx_word' id='word_1_197' title='bbox 1411 536 1476 563; x_wconf 84' lang='lat' dir='ltr'><strong>milii</strong></span> <span class='ocrx_word' id='word_1_198' title='bbox 1492 535 1600 563; x_wconf 80' lang='lat' dir='ltr'><strong>deerit.</strong></span> 
     </span>
    </p>
   </div>
   <div class='ocr_carea' id='block_1_34' title="bbox 924 574 1542 619">
    <p class='ocr_par' dir='ltr' id='par_1_34' title="bbox 924 574 1542 619">
     <span class='ocr_line' id='line_1_34' title="bbox 924 574 1542 619; baseline -0.003 -8"><span class='ocrx_word' id='word_1_199' title='bbox 924 584 952 611; x_wconf 78' lang='lat'><strong>2.</strong></span> <span class='ocrx_word' id='word_1_200' title='bbox 970 584 998 611; x_wconf 95' lang='lat' dir='ltr'><strong>ln</strong></span> <span class='ocrx_word' id='word_1_201' title='bbox 1016 585 1076 612; x_wconf 91' lang='lat' dir='ltr'><strong>loco</strong></span> <span class='ocrx_word' id='word_1_202' title='bbox 1094 592 1201 619; x_wconf 68' lang='lat' dir='ltr'><strong>pascua:</strong></span> <span class='ocrx_word' id='word_1_203' title='bbox 1219 584 1255 611; x_wconf 87' lang='lat' dir='ltr'><strong>ibi</strong></span> <span class='ocrx_word' id='word_1_204' title='bbox 1271 591 1314 611; x_wconf 88' lang='lat' dir='ltr'><strong>tne</strong></span> <span class='ocrx_word' id='word_1_205' title='bbox 1328 582 1470 611; x_wconf 74' lang='lat' dir='ltr'><strong>collocavit</strong></span> <span class='ocrx_word' id='word_1_206' title='bbox 1485 591 1492 609; x_wconf 88' lang='lat'><strong>:</strong></span> <span class='ocrx_word' id='word_1_207' title='bbox 1540 574 1542 577; x_wconf 60' lang='grc'><em>’</em></span> 
     </span>
    </p>
   </div>
   <div class='ocr_carea' id='block_1_35' title="bbox 927 628 1557 664">
    <p class='ocr_par' dir='ltr' id='par_1_35' title="bbox 927 628 1557 664">
     <span class='ocr_line' id='line_1_35' title="bbox 927 628 1557 664; baseline -0.002 -8"><span class='ocrx_word' id='word_1_208' title='bbox 927 630 954 657; x_wconf 80' lang='lat'><strong>5.</strong></span> <span class='ocrx_word' id='word_1_209' title='bbox 973 629 1061 664; x_wconf 86' lang='lat' dir='ltr'><strong>Super</strong></span> <span class='ocrx_word' id='word_1_210' title='bbox 1076 637 1174 664; x_wconf 85' lang='lat' dir='ltr'><strong>aquam</strong></span> <span class='ocrx_word' id='word_1_211' title='bbox 1190 628 1346 657; x_wconf 80' lang='lat' dir='ltr'><strong>refcctionis</strong></span> <span class='ocrx_word' id='word_1_212' title='bbox 1362 629 1487 656; x_wconf 82' lang='lat' dir='ltr'><strong>educavit</strong></span> <span class='ocrx_word' id='word_1_213' title='bbox 1503 635 1557 656; x_wconf 85' lang='lat' dir='ltr'><strong>tne.</strong></span> 
     </span>
    </p>
   </div>
   <div class='ocr_carea' id='block_1_36' title="bbox 927 675 1362 709">
    <p class='ocr_par' dir='ltr' id='par_1_36' title="bbox 927 675 1362 709">
     <span class='ocr_line' id='line_1_36' title="bbox 927 675 1362 709; baseline -0.002 -7"><span class='ocrx_word' id='word_1_214' title='bbox 927 675 953 702; x_wconf 80' lang='grc' dir='ltr'>ι.</span> <span class='ocrx_word' id='word_1_215' title='bbox 971 675 1096 702; x_wconf 84' lang='lat' dir='ltr'><strong>Animam</strong></span> <span class='ocrx_word' id='word_1_216' title='bbox 1111 683 1197 702; x_wconf 83' lang='lat' dir='ltr'><strong>meam</strong></span> <span class='ocrx_word' id='word_1_217' title='bbox 1210 675 1343 709; x_wconf 75' lang='lat' dir='ltr'><strong>convertit</strong></span> <span class='ocrx_word' id='word_1_218' title='bbox 1356 683 1362 701; x_wconf 94' lang='lat'>:</span> 
     </span>
    </p>
   </div>
   <div class='ocr_carea' id='block_1_37' title="bbox 924 719 1502 756">
    <p class='ocr_par' dir='ltr' id='par_1_37' title="bbox 924 719 1502 756">
     <span class='ocr_line' id='line_1_37' title="bbox 924 719 1502 756; baseline 0 -9"><span class='ocrx_word' id='word_1_219' title='bbox 924 721 951 748; x_wconf 90' lang='lat'><strong>5.</strong></span> <span class='ocrx_word' id='word_1_220' title='bbox 968 721 1086 748; x_wconf 85' lang='lat' dir='ltr'><strong>Deduxit</strong></span> <span class='ocrx_word' id='word_1_221' title='bbox 1100 729 1143 748; x_wconf 88' lang='lat' dir='ltr'><strong>me</strong></span> <span class='ocrx_word' id='word_1_222' title='bbox 1155 729 1238 756; x_wconf 85' lang='lat' dir='ltr'><strong>super</strong></span> <span class='ocrx_word' id='word_1_223' title='bbox 1252 721 1365 748; x_wconf 86' lang='lat' dir='ltr'><strong>semitas</strong></span> <span class='ocrx_word' id='word_1_224' title='bbox 1378 719 1502 755; x_wconf 75' lang='lat' dir='ltr'><strong>iustitiae,</strong></span> 
     </span>
    </p>
   </div>
   <div class='ocr_carea' id='block_1_38' title="bbox 925 766 1291 801">
    <p class='ocr_par' dir='ltr' id='par_1_38' title="bbox 925 766 1291 801">
     <span class='ocr_line' id='line_1_38' title="bbox 925 766 1291 801; baseline 0 -7"><span class='ocrx_word' id='word_1_225' title='bbox 925 767 952 794; x_wconf 88' lang='lat'><strong>6.</strong></span> <span class='ocrx_word' id='word_1_226' title='bbox 966 766 1078 801; x_wconf 82' lang='lat' dir='ltr'><strong>Propter</strong></span> <span class='ocrx_word' id='word_1_227' title='bbox 1091 774 1188 793; x_wconf 89' lang='lat' dir='ltr'><strong>nomen</strong></span> <span class='ocrx_word' id='word_1_228' title='bbox 1201 774 1291 794; x_wconf 86' lang='lat' dir='ltr'><strong>suum.</strong></span> 
     </span>
    </p>
   </div>
   <div class='ocr_carea' id='block_1_39' title="bbox 928 809 1676 844">
    <p class='ocr_par' dir='ltr' id='par_1_39' title="bbox 928 809 1676 844">
     <span class='ocr_line' id='line_1_39' title="bbox 928 809 1676 844; baseline 0.001 -7"><span class='ocrx_word' id='word_1_229' title='bbox 928 810 953 838; x_wconf 91' lang='grc'><strong>’1.</strong></span> <span class='ocrx_word' id='word_1_230' title='bbox 972 810 1040 838; x_wconf 86' lang='lat' dir='ltr'><strong>Nam</strong></span> <span class='ocrx_word' id='word_1_231' title='bbox 1056 812 1106 839; x_wconf 88' lang='lat' dir='ltr'><strong>etsi</strong></span> <span class='ocrx_word' id='word_1_232' title='bbox 1122 811 1296 839; x_wconf 84' lang='lat' dir='ltr'><strong>ambulavero</strong></span> <span class='ocrx_word' id='word_1_233' title='bbox 1310 811 1336 838; x_wconf 93' lang='lat' dir='ltr'><strong>in</strong></span> <span class='ocrx_word' id='word_1_234' title='bbox 1352 810 1441 838; x_wconf 86' lang='lat' dir='ltr'><strong>medio</strong></span> <span class='ocrx_word' id='word_1_235' title='bbox 1454 810 1556 838; x_wconf 73' lang='lat' dir='ltr'><strong>umbrm</strong></span> <span class='ocrx_word' id='word_1_236' title='bbox 1570 809 1676 844; x_wconf 76' lang='lat' dir='ltr'><strong>mortis,</strong></span> 
     </span>
    </p>
   </div>
   <div class='ocr_carea' id='block_1_40' title="bbox 857 855 1615 892">
    <p class='ocr_par' dir='ltr' id='par_1_40' title="bbox 857 855 1615 892">
     <span class='ocr_line' id='line_1_40' title="bbox 857 855 1615 892; baseline 0 -8"><span class='ocrx_word' id='word_1_237' title='bbox 857 863 879 890; x_wconf 75' lang='grc' dir='ltr'><strong>Β</strong></span> <span class='ocrx_word' id='word_1_238' title='bbox 928 856 956 884; x_wconf 87' lang='grc'><strong>8.</strong></span> <span class='ocrx_word' id='word_1_239' title='bbox 974 855 1032 884; x_wconf 87' lang='lat' dir='ltr'><strong>Non</strong></span> <span class='ocrx_word' id='word_1_240' title='bbox 1049 857 1151 884; x_wconf 89' lang='lat' dir='ltr'><strong>timebo</strong></span> <span class='ocrx_word' id='word_1_241' title='bbox 1164 857 1252 890; x_wconf 85' lang='lat' dir='ltr'><strong>mala;</strong></span> <span class='ocrx_word' id='word_1_242' title='bbox 1267 856 1397 892; x_wconf 90' lang='lat' dir='ltr'><strong>quoniam</strong></span> <span class='ocrx_word' id='word_1_243' title='bbox 1412 862 1438 884; x_wconf 95' lang='lat' dir='ltr'><strong>tu</strong></span> <span class='ocrx_word' id='word_1_244' title='bbox 1456 864 1561 883; x_wconf 85' lang='lat' dir='ltr'><strong>mecum</strong></span> <span class='ocrx_word' id='word_1_245' title='bbox 1575 863 1615 884; x_wconf 84' lang='lat' dir='ltr'><strong>es.</strong></span> 
     </span>
    </p>
   </div>
   <div class='ocr_carea' id='block_1_41' title="bbox 929 896 1678 937">
    <p class='ocr_par' dir='ltr' id='par_1_41' title="bbox 929 896 1678 937">
     <span class='ocr_line' id='line_1_41' title="bbox 929 896 1678 937; baseline 0 -9"><span class='ocrx_word' id='word_1_246' title='bbox 929 902 956 929; x_wconf 90' lang='lat'><strong>9.</strong></span> <span class='ocrx_word' id='word_1_247' title='bbox 972 901 1054 937; x_wconf 70' lang='lat' dir='ltr'><strong>Virga</strong></span> <span class='ocrx_word' id='word_1_248' title='bbox 1073 907 1131 935; x_wconf 83' lang='lat' dir='ltr'><strong>tua,</strong></span> <span class='ocrx_word' id='word_1_249' title='bbox 1148 907 1176 930; x_wconf 86' lang='lat' dir='ltr'><strong>et</strong></span> <span class='ocrx_word' id='word_1_250' title='bbox 1192 896 1308 930; x_wconf 77' lang='lat' dir='ltr'><strong>baculus</strong></span> <span class='ocrx_word' id='word_1_251' title='bbox 1323 907 1397 935; x_wconf 89' lang='lat' dir='ltr'><strong>tuus,</strong></span> <span class='ocrx_word' id='word_1_252' title='bbox 1411 903 1468 937; x_wconf 88' lang='lat' dir='ltr'><strong>ipsa</strong></span> <span class='ocrx_word' id='word_1_253' title='bbox 1482 909 1524 929; x_wconf 90' lang='lat' dir='ltr'><strong>me</strong></span> <span class='ocrx_word' id='word_1_254' title='bbox 1538 901 1678 929; x_wconf 71' lang='lat' dir='ltr'><strong>consulat:</strong></span> 
     </span>
    </p>
   </div>
   <div class='ocr_carea' id='block_1_42' title="bbox 892 952 966 976">
    <p class='ocr_par' dir='ltr' id='par_1_42' title="bbox 892 952 966 976">
     <span class='ocr_line' id='line_1_42' title="bbox 892 952 966 976; baseline -0.027 0"><span class='ocrx_word' id='word_1_255' title='bbox 892 952 966 976; x_wconf 80' lang='lat' dir='ltr'><strong>sunt.</strong></span> 
     </span>
    </p>
   </div>
   <div class='ocr_carea' id='block_1_43' title="bbox 928 993 1678 1030">
    <p class='ocr_par' dir='ltr' id='par_1_43' title="bbox 928 993 1678 1030">
     <span class='ocr_line' id='line_1_43' title="bbox 928 993 1678 1030; baseline -0.001 -9"><span class='ocrx_word' id='word_1_256' title='bbox 928 994 972 1021; x_wconf 79' lang='grc'><strong>10.</strong></span> <span class='ocrx_word' id='word_1_257' title='bbox 992 994 1098 1022; x_wconf 83' lang='lat' dir='ltr'><strong>Parasti</strong></span> <span class='ocrx_word' id='word_1_258' title='bbox 1119 995 1146 1022; x_wconf 90' lang='lat' dir='ltr'><strong>in</strong></span> <span class='ocrx_word' id='word_1_259' title='bbox 1166 999 1313 1030; x_wconf 83' lang='lat' dir='ltr'><strong>conspectu</strong></span> <span class='ocrx_word' id='word_1_260' title='bbox 1333 1002 1394 1022; x_wconf 83' lang='lat' dir='ltr'><strong>meo</strong></span> <span class='ocrx_word' id='word_1_261' title='bbox 1407 1001 1530 1022; x_wconf 87' lang='lat' dir='ltr'><strong>mensam</strong></span> <span class='ocrx_word' id='word_1_262' title='bbox 1548 993 1678 1021; x_wconf 76' lang='lat' dir='ltr'><strong>adversus</strong></span> 
     </span>
    </p>
   </div>
   <div class='ocr_carea' id='block_1_44' title="bbox 892 1040 1234 1074">
    <p class='ocr_par' dir='ltr' id='par_1_44' title="bbox 892 1040 1234 1074">
     <span class='ocr_line' id='line_1_44' title="bbox 892 1040 1234 1074; baseline 0 -7"><span class='ocrx_word' id='word_1_263' title='bbox 892 1046 952 1072; x_wconf 83' lang='lat' dir='ltr'><strong>eos,</strong></span> <span class='ocrx_word' id='word_1_264' title='bbox 967 1040 1013 1074; x_wconf 91' lang='lat' dir='ltr'><strong>qui</strong></span> <span class='ocrx_word' id='word_1_265' title='bbox 1030 1040 1160 1067; x_wconf 88' lang='lat' dir='ltr'><strong>tribulant</strong></span> <span class='ocrx_word' id='word_1_266' title='bbox 1173 1048 1234 1067; x_wconf 90' lang='lat' dir='ltr'><strong>me:</strong></span> 
     </span>
    </p>
   </div>
   <div class='ocr_carea' id='block_1_45' title="bbox 929 1083 1520 1121">
    <p class='ocr_par' dir='ltr' id='par_1_45' title="bbox 929 1083 1520 1121">
     <span class='ocr_line' id='line_1_45' title="bbox 929 1083 1520 1121; baseline 0.003 -11"><span class='ocrx_word' id='word_1_267' title='bbox 929 1084 973 1111; x_wconf 80' lang='lat' dir='ltr'><strong>ll.</strong></span> <span class='ocrx_word' id='word_1_268' title='bbox 993 1083 1173 1119; x_wconf 75' lang='lat' dir='ltr'><strong>lmpinguasti</strong></span> <span class='ocrx_word' id='word_1_269' title='bbox 1191 1084 1219 1111; x_wconf 90' lang='lat' dir='ltr'><strong>in</strong></span> <span class='ocrx_word' id='word_1_270' title='bbox 1236 1084 1296 1112; x_wconf 88' lang='lat' dir='ltr'><strong>oleo</strong></span> <span class='ocrx_word' id='word_1_271' title='bbox 1310 1088 1392 1121; x_wconf 88' lang='lat' dir='ltr'><strong>caput</strong></span> <span class='ocrx_word' id='word_1_272' title='bbox 1407 1091 1520 1112; x_wconf 86' lang='lat' dir='ltr'><strong>meum:</strong></span> 
     </span>
    </p>
   </div>
   <div class='ocr_carea' id='block_1_46' title="bbox 614 1148 1115 1178">
    <p class='ocr_par' dir='ltr' id='par_1_46' title="bbox 614 1148 1115 1178">
     <span class='ocr_line' id='line_1_46' title="bbox 614 1148 1115 1178; baseline -0.002 0"><span class='ocrx_word' id='word_1_273' title='bbox 614 1150 804 1178; x_wconf 81' lang='lat' dir='ltr'><strong>ATHANASII</strong></span> <span class='ocrx_word' id='word_1_274' title='bbox 821 1148 1115 1178; x_wconf 78' lang='lat' dir='ltr'><strong>INTERPRETATIO.</strong></span> 
     </span>
    </p>
   </div>
   <div class='ocr_carea' id='block_1_47' title="bbox 87 1207 627 1244">
    <p class='ocr_par' dir='ltr' id='par_1_47' title="bbox 87 1207 627 1244">
     <span class='ocr_line' id='line_1_47' title="bbox 87 1207 627 1244; baseline 0.006 -11"><span class='ocrx_word' id='word_1_275' title='bbox 87 1207 133 1234; x_wconf 67' lang='grc'>64.</span> <span class='ocrx_word' id='word_1_276' title='bbox 151 1207 254 1239; x_wconf 82' lang='grc' dir='ltr'><strong>Πάντες</strong></span> <span class='ocrx_word' id='word_1_277' title='bbox 267 1207 292 1234; x_wconf 84' lang='grc' dir='ltr'>οἱ</span> <span class='ocrx_word' id='word_1_278' title='bbox 309 1207 342 1234; x_wconf 83' lang='grc' dir='ltr'><strong>τὰ</strong></span> <span class='ocrx_word' id='word_1_279' title='bbox 356 1208 439 1243; x_wconf 86' lang='grc' dir='ltr'>γήινα</span> <span class='ocrx_word' id='word_1_280' title='bbox 457 1208 627 1244; x_wconf 81' lang='grc' dir='ltr'><strong>φρονοῦντες.</strong></span> 
     </span>
    </p>
   </div>
   <div class='ocr_carea' id='block_1_48' title="bbox 85 1249 842 1290">
    <p class='ocr_par' dir='ltr' id='par_1_48' title="bbox 85 1249 842 1290">
     <span class='ocr_line' id='line_1_48' title="bbox 85 1249 842 1290; baseline 0.007 -14"><span class='ocrx_word' id='word_1_281' title='bbox 85 1249 130 1277; x_wconf 75' lang='lat'><strong>65.</strong></span> <span class='ocrx_word' id='word_1_282' title='bbox 145 1250 224 1286; x_wconf 80' lang='grc' dir='ltr'><strong>Αὐτῴ</strong></span> <span class='ocrx_word' id='word_1_283' title='bbox 242 1251 291 1286; x_wconf 79' lang='grc' dir='ltr'>μὲν</span> <span class='ocrx_word' id='word_1_284' title='bbox 305 1252 321 1287; x_wconf 84' lang='grc' dir='ltr'><strong>ή</strong></span> <span class='ocrx_word' id='word_1_285' title='bbox 336 1250 409 1287; x_wconf 78' lang='grc' dir='ltr'>ψυχή</span> <span class='ocrx_word' id='word_1_286' title='bbox 430 1261 479 1288; x_wconf 90' lang='grc' dir='ltr'><strong>μου</strong></span> <span class='ocrx_word' id='word_1_287' title='bbox 495 1253 551 1289; x_wconf 79' lang='grc'><strong>(1)·</strong></span> <span class='ocrx_word' id='word_1_288' title='bbox 575 1253 615 1289; x_wconf 84' lang='grc' dir='ltr'>τῷ</span> <span class='ocrx_word' id='word_1_289' title='bbox 634 1253 663 1280; x_wconf 80' lang='grc' dir='ltr'><strong>δὲ</strong></span> <span class='ocrx_word' id='word_1_290' title='bbox 687 1254 782 1290; x_wconf 79' lang='grc' dir='ltr'>κόσμῳ</span> <span class='ocrx_word' id='word_1_291' title='bbox 797 1263 842 1282; x_wconf 85' lang='grc' dir='ltr'>τε-</span> 
     </span>
    </p>
   </div>
   <div class='ocr_carea' id='block_1_49' title="bbox 52 1295 224 1323">
    <p class='ocr_par' dir='ltr' id='par_1_49' title="bbox 52 1295 224 1323">
     <span class='ocr_line' id='line_1_49' title="bbox 52 1295 224 1323; baseline -0.006 0"><span class='ocrx_word' id='word_1_292' title='bbox 52 1295 207 1323; x_wconf 74' lang='grc' dir='ltr'>θανάτωται</span> <span class='ocrx_word' id='word_1_293' title='bbox 217 1305 224 1312; x_wconf 88' lang='grc'>·</span> 
     </span>
    </p>
   </div>
   <div class='ocr_carea' id='block_1_50' title="bbox 87 1341 842 1381">
    <p class='ocr_par' dir='ltr' id='par_1_50' title="bbox 87 1341 842 1381">
     <span class='ocr_line' id='line_1_50' title="bbox 87 1341 842 1381; baseline 0.005 -12"><span class='ocrx_word' id='word_1_294' title='bbox 87 1341 133 1369; x_wconf 79' lang='lat'><strong>66.</strong></span> <span class='ocrx_word' id='word_1_295' title='bbox 148 1343 203 1369; x_wconf 81' lang='grc' dir='ltr'><strong>Καὶ</strong></span> <span class='ocrx_word' id='word_1_296' title='bbox 220 1342 295 1369; x_wconf 86' lang='grc' dir='ltr'>πᾶσά</span> <span class='ocrx_word' id='word_1_297' title='bbox 308 1351 359 1378; x_wconf 90' lang='grc' dir='ltr'><strong>μου</strong></span> <span class='ocrx_word' id='word_1_298' title='bbox 374 1343 522 1379; x_wconf 79' lang='grc' dir='ltr'>ὲνθύμησις</span> <span class='ocrx_word' id='word_1_299' title='bbox 536 1344 740 1381; x_wconf 81' lang='grc' dir='ltr'><strong>ὑποταγήσεται</strong></span> <span class='ocrx_word' id='word_1_300' title='bbox 755 1345 842 1380; x_wconf 81' lang='grc' dir='ltr'>αὐτῷ.</span> 
     </span>
    </p>
   </div>
   <div class='ocr_carea' id='block_1_51' title="bbox 85 1388 502 1425">
    <p class='ocr_par' dir='ltr' id='par_1_51' title="bbox 85 1388 502 1425">
     <span class='ocr_line' id='line_1_51' title="bbox 85 1388 502 1425; baseline 0 -9"><span class='ocrx_word' id='word_1_301' title='bbox 85 1388 131 1416; x_wconf 85' lang='grc'>6⁵1.</span> <span class='ocrx_word' id='word_1_302' title='bbox 147 1388 233 1424; x_wconf 82' lang='grc' dir='ltr'>Δεκτὴ</span> <span class='ocrx_word' id='word_1_303' title='bbox 251 1388 326 1417; x_wconf 78' lang='grc' dir='ltr'>ἔσται</span> <span class='ocrx_word' id='word_1_304' title='bbox 342 1389 382 1425; x_wconf 85' lang='grc' dir='ltr'>τῷ</span> <span class='ocrx_word' id='word_1_305' title='bbox 398 1390 502 1425; x_wconf 79' lang='grc' dir='ltr'>Κυρίῳ.</span> 
     </span>
    </p>
   </div>
   <div class='ocr_carea' id='block_1_52' title="bbox 84 1432 598 1470">
    <p class='ocr_par' dir='ltr' id='par_1_52' title="bbox 84 1432 598 1470">
     <span class='ocr_line' id='line_1_52' title="bbox 84 1432 598 1470; baseline 0.004 -10"><span class='ocrx_word' id='word_1_306' title='bbox 84 1432 130 1460; x_wconf 87' lang='grc'><strong>68.</strong></span> <span class='ocrx_word' id='word_1_307' title='bbox 148 1433 303 1470; x_wconf 80' lang='grc' dir='ltr'>Κηρύξουσι</span> <span class='ocrx_word' id='word_1_308' title='bbox 318 1434 366 1466; x_wconf 78' lang='grc' dir='ltr'>τὰς</span> <span class='ocrx_word' id='word_1_309' title='bbox 381 1434 490 1466; x_wconf 77' lang='grc' dir='ltr'>ἐντολὰς</span> <span class='ocrx_word' id='word_1_310' title='bbox 506 1434 598 1462; x_wconf 79' lang='grc' dir='ltr'>αὑτοῦ.</span> 
     </span>
    </p>
   </div>
   <div class='ocr_carea' id='block_1_53' title="bbox 86 1478 752 1516">
    <p class='ocr_par' dir='ltr' id='par_1_53' title="bbox 86 1478 752 1516">
     <span class='ocr_line' id='line_1_53' title="bbox 86 1478 752 1516; baseline 0.005 -11"><span class='ocrx_word' id='word_1_311' title='bbox 86 1478 132 1506; x_wconf 81' lang='lat'><strong>69.</strong></span> <span class='ocrx_word' id='word_1_312' title='bbox 151 1479 370 1514; x_wconf 71' lang='grc' dir='ltr'><strong>Τεχθησομένῳ,</strong></span> <span class='ocrx_word' id='word_1_313' title='bbox 386 1479 471 1514; x_wconf 82' lang='grc' dir='ltr'><strong>λέγει,</strong></span> <span class='ocrx_word' id='word_1_314' title='bbox 482 1481 511 1506; x_wconf 86' lang='grc' dir='ltr'>ὲν</span> <span class='ocrx_word' id='word_1_315' title='bbox 522 1479 560 1515; x_wconf 83' lang='grc' dir='ltr'>τῷ</span> <span class='ocrx_word' id='word_1_316' title='bbox 574 1479 752 1516; x_wconf 79' lang='grc' dir='ltr'>βαπτίσματι.</span> 
     </span>
    </p>
   </div>
   <div class='ocr_carea' id='block_1_54' title="bbox 927 1206 1430 1242">
    <p class='ocr_par' dir='ltr' id='par_1_54' title="bbox 927 1206 1430 1242">
     <span class='ocr_line' id='line_1_54' title="bbox 927 1206 1430 1242; baseline -0.002 -8"><span class='ocrx_word' id='word_1_317' title='bbox 927 1207 972 1235; x_wconf 77' lang='grc' dir='ltr'>δι.</span> <span class='ocrx_word' id='word_1_318' title='bbox 990 1206 1101 1240; x_wconf 84' lang='lat' dir='ltr'><strong>Omnes,</strong></span> <span class='ocrx_word' id='word_1_319' title='bbox 1117 1215 1164 1242; x_wconf 84' lang='lat' dir='ltr'><strong>qui</strong></span> <span class='ocrx_word' id='word_1_320' title='bbox 1179 1211 1286 1234; x_wconf 87' lang='lat' dir='ltr'><strong>terrena</strong></span> <span class='ocrx_word' id='word_1_321' title='bbox 1301 1206 1430 1241; x_wconf 82' lang='lat' dir='ltr'><strong>cogitant.</strong></span> 
     </span>
    </p>
   </div>
   <div class='ocr_carea' id='block_1_55' title="bbox 929 1251 1678 1289">
    <p class='ocr_par' dir='ltr' id='par_1_55' title="bbox 929 1251 1678 1289">
     <span class='ocr_line' id='line_1_55' title="bbox 929 1251 1678 1289; baseline -0.004 -8"><span class='ocrx_word' id='word_1_322' title='bbox 929 1254 974 1281; x_wconf 82' lang='grc'>65.</span> <span class='ocrx_word' id='word_1_323' title='bbox 991 1253 1045 1289; x_wconf 90' lang='lat' dir='ltr'><strong>lpsi</strong></span> <span class='ocrx_word' id='word_1_324' title='bbox 1059 1253 1167 1289; x_wconf 88' lang='lat' dir='ltr'><strong>quidem</strong></span> <span class='ocrx_word' id='word_1_325' title='bbox 1184 1253 1275 1280; x_wconf 89' lang='lat' dir='ltr'><strong>anima</strong></span> <span class='ocrx_word' id='word_1_326' title='bbox 1288 1260 1359 1286; x_wconf 88' lang='lat' dir='ltr'><strong>mea,</strong></span> <span class='ocrx_word' id='word_1_327' title='bbox 1380 1251 1482 1279; x_wconf 86' lang='lat' dir='ltr'><strong>mundo</strong></span> <span class='ocrx_word' id='word_1_328' title='bbox 1500 1255 1591 1279; x_wconf 84' lang='lat' dir='ltr'><strong>autem</strong></span> <span class='ocrx_word' id='word_1_329' title='bbox 1603 1258 1678 1279; x_wconf 88' lang='lat' dir='ltr'><strong>mor-</strong></span> 
     </span>
    </p>
   </div>
   <div class='ocr_carea' id='block_1_56' title="bbox 890 1305 1019 1328">
    <p class='ocr_par' dir='ltr' id='par_1_56' title="bbox 890 1305 1019 1328">
     <span class='ocr_line' id='line_1_56' title="bbox 890 1305 1019 1328; baseline 0 0"><span class='ocrx_word' id='word_1_330' title='bbox 890 1305 937 1328; x_wconf 73' lang='lat' dir='ltr'><strong>llla</strong></span> <span class='ocrx_word' id='word_1_331' title='bbox 954 1305 997 1328; x_wconf 88' lang='lat' dir='ltr'><strong>est</strong></span> <span class='ocrx_word' id='word_1_332' title='bbox 1013 1310 1019 1328; x_wconf 74' lang='grc' dir='ltr'>Σ</span> 
     </span>
    </p>
   </div>
   <div class='ocr_carea' id='block_1_57' title="bbox 927 1344 1570 1382">
    <p class='ocr_par' dir='ltr' id='par_1_57' title="bbox 927 1344 1570 1382">
     <span class='ocr_line' id='line_1_57' title="bbox 927 1344 1570 1382; baseline -0.002 -9"><span class='ocrx_word' id='word_1_333' title='bbox 927 1346 971 1373; x_wconf 87' lang='grc'><strong>66.</strong></span> <span class='ocrx_word' id='word_1_334' title='bbox 991 1345 1024 1373; x_wconf 87' lang='lat' dir='ltr'><strong>Et</strong></span> <span class='ocrx_word' id='word_1_335' title='bbox 1040 1346 1129 1374; x_wconf 90' lang='lat' dir='ltr'><strong>omnis</strong></span> <span class='ocrx_word' id='word_1_336' title='bbox 1144 1353 1205 1373; x_wconf 85' lang='lat' dir='ltr'><strong>mea</strong></span> <span class='ocrx_word' id='word_1_337' title='bbox 1221 1346 1350 1382; x_wconf 80' lang='lat' dir='ltr'><strong>cogitatio</strong></span> <span class='ocrx_word' id='word_1_338' title='bbox 1365 1345 1494 1373; x_wconf 87' lang='lat' dir='ltr'><strong>subdetur</strong></span> <span class='ocrx_word' id='word_1_339' title='bbox 1507 1344 1570 1380; x_wconf 87' lang='lat' dir='ltr'><strong>ipsi.</strong></span> 
     </span>
    </p>
   </div>
   <div class='ocr_carea' id='block_1_58' title="bbox 928 1390 1315 1426">
    <p class='ocr_par' dir='ltr' id='par_1_58' title="bbox 928 1390 1315 1426">
     <span class='ocr_line' id='line_1_58' title="bbox 928 1390 1315 1426; baseline 0.003 -9"><span class='ocrx_word' id='word_1_340' title='bbox 928 1391 972 1418; x_wconf 85' lang='lat'><strong>67.</strong></span> <span class='ocrx_word' id='word_1_341' title='bbox 989 1390 1107 1426; x_wconf 82' lang='lat' dir='ltr'><strong>Accepta</strong></span> <span class='ocrx_word' id='word_1_342' title='bbox 1123 1391 1174 1419; x_wconf 90' lang='lat' dir='ltr'><strong>erit</strong></span> <span class='ocrx_word' id='word_1_343' title='bbox 1190 1391 1315 1419; x_wconf 89' lang='lat' dir='ltr'><strong>Domino.</strong></span> 
     </span>
    </p>
   </div>
   <div class='ocr_carea' id='block_1_59' title="bbox 928 1436 1415 1472">
    <p class='ocr_par' dir='ltr' id='par_1_59' title="bbox 928 1436 1415 1472">
     <span class='ocr_line' id='line_1_59' title="bbox 928 1436 1415 1472; baseline 0 -9"><span class='ocrx_word' id='word_1_344' title='bbox 928 1436 972 1464; x_wconf 78' lang='grc'>68.</span> <span class='ocrx_word' id='word_1_345' title='bbox 988 1436 1180 1465; x_wconf 73' lang='lat' dir='ltr'><strong>Prtedicabunt</strong></span> <span class='ocrx_word' id='word_1_346' title='bbox 1195 1440 1326 1472; x_wconf 62' lang='lat' dir='ltr'><strong>praecepta</strong></span> <span class='ocrx_word' id='word_1_347' title='bbox 1344 1436 1415 1471; x_wconf 90' lang='lat' dir='ltr'><strong>ejus.</strong></span> 
     </span>
    </p>
   </div>
   <div class='ocr_carea' id='block_1_60' title="bbox 930 1482 1513 1518">
    <p class='ocr_par' dir='ltr' id='par_1_60' title="bbox 930 1482 1513 1518">
     <span class='ocr_line' id='line_1_60' title="bbox 930 1482 1513 1518; baseline -0.002 -9"><span class='ocrx_word' id='word_1_348' title='bbox 930 1482 976 1510; x_wconf 83' lang='lat'><strong>69.</strong></span> <span class='ocrx_word' id='word_1_349' title='bbox 995 1482 1047 1515; x_wconf 82' lang='lat' dir='ltr'><strong>Qui</strong></span> <span class='ocrx_word' id='word_1_350' title='bbox 1063 1488 1195 1515; x_wconf 72' lang='lat' dir='ltr'><strong>itaccetur,</strong></span> <span class='ocrx_word' id='word_1_351' title='bbox 1210 1483 1309 1518; x_wconf 89' lang='lat' dir='ltr'><strong>inquit,</strong></span> <span class='ocrx_word' id='word_1_352' title='bbox 1324 1483 1351 1510; x_wconf 89' lang='lat' dir='ltr'><strong>in</strong></span> <span class='ocrx_word' id='word_1_353' title='bbox 1368 1482 1513 1517; x_wconf 86' lang='lat' dir='ltr'><strong>baptismo.</strong></span> 
     </span>
    </p>
   </div>
   <div class='ocr_carea' id='block_1_61' title="bbox 90 1534 1681 1575">
    <p class='ocr_par' dir='ltr' id='par_1_61' title="bbox 90 1534 1681 1575">
     <span class='ocr_line' id='line_1_61' title="bbox 90 1534 1681 1575; baseline 0.002 -14"><span class='ocrx_word' id='word_1_354' title='bbox 90 1534 125 1561; x_wconf 83' lang='grc' dir='ltr'><strong><em>Ἥ</em></strong></span> <span class='ocrx_word' id='word_1_355' title='bbox 138 1535 304 1570; x_wconf 82' lang='grc' dir='ltr'><strong>προκειμένη</strong></span> <span class='ocrx_word' id='word_1_356' title='bbox 322 1535 462 1571; x_wconf 80' lang='grc' dir='ltr'>ἐπιγραφὴ</span> <span class='ocrx_word' id='word_1_357' title='bbox 477 1536 598 1571; x_wconf 75' lang='grc' dir='ltr'><strong>περιέχει</strong></span> <span class='ocrx_word' id='word_1_358' title='bbox 615 1536 669 1572; x_wconf 74' lang='grc'><strong>(2)·</strong></span> <span class='ocrx_word' id='word_1_359' title='bbox 690 1537 813 1572; x_wconf 74' lang='grc' dir='ltr'>Ψαλμὸς</span> <span class='ocrx_word' id='word_1_360' title='bbox 831 1537 871 1572; x_wconf 77' lang='grc' dir='ltr'>τῷ</span> <span class='ocrx_word' id='word_1_361' title='bbox 883 1539 984 1573; x_wconf 77' lang='grc' dir='ltr'><strong>Δαόὶδ,</strong></span> <span class='ocrx_word' id='word_1_362' title='bbox 1005 1541 1128 1568; x_wconf 82' lang='grc' dir='ltr'><strong>τουτέστι</strong></span> <span class='ocrx_word' id='word_1_363' title='bbox 1142 1540 1264 1575; x_wconf 68' lang='grc' dir='ltr'><em>ψαλμὸς</em></span> <span class='ocrx_word' id='word_1_364' title='bbox 1278 1539 1318 1573; x_wconf 89' lang='grc' dir='ltr'>τῷ</span> <span class='ocrx_word' id='word_1_365' title='bbox 1338 1539 1472 1575; x_wconf 72' lang='grc' dir='ltr'>γεγυνότι</span> <span class='ocrx_word' id='word_1_366' title='bbox 1491 1537 1608 1572; x_wconf 78' lang='grc' dir='ltr'>ποιμένι</span> <span class='ocrx_word' id='word_1_367' title='bbox 1621 1535 1681 1564; x_wconf 67' lang='grc' dir='ltr'><strong>τῶν</strong></span> 
     </span>
    </p>
   </div>
   <div class='ocr_carea' id='block_1_62' title="bbox 52 1581 1681 1625">
    <p class='ocr_par' dir='ltr' id='par_1_62' title="bbox 52 1581 1681 1625">
     <span class='ocr_line' id='line_1_62' title="bbox 52 1581 1681 1625; baseline 0.001 -15"><span class='ocrx_word' id='word_1_368' title='bbox 52 1581 217 1617; x_wconf 66' lang='grc' dir='ltr'>προϐάτων.</span> <span class='ocrx_word' id='word_1_369' title='bbox 230 1583 314 1618; x_wconf 82' lang='grc' dir='ltr'>Δῆλον</span> <span class='ocrx_word' id='word_1_370' title='bbox 328 1583 392 1619; x_wconf 80' lang='grc' dir='ltr'>γὰρ,</span> <span class='ocrx_word' id='word_1_371' title='bbox 406 1584 446 1610; x_wconf 80' lang='grc' dir='ltr'>ὃτι</span> <span class='ocrx_word' id='word_1_372' title='bbox 457 1584 471 1610; x_wconf 87' lang='grc'><strong>6</strong></span> <span class='ocrx_word' id='word_1_373' title='bbox 484 1584 567 1610; x_wconf 74' lang='grc' dir='ltr'>Δοιόὶδ</span> <span class='ocrx_word' id='word_1_374' title='bbox 580 1587 682 1620; x_wconf 82' lang='grc' dir='ltr'>ποιμὴν</span> <span class='ocrx_word' id='word_1_375' title='bbox 692 1583 726 1621; x_wconf 81' lang='grc' dir='ltr'>ἦν</span> <span class='ocrx_word' id='word_1_376' title='bbox 740 1585 894 1621; x_wconf 81' lang='grc' dir='ltr'>προϐάτων.</span> <span class='ocrx_word' id='word_1_377' title='bbox 907 1588 1025 1625; x_wconf 80' lang='grc' dir='ltr'>Ψαλμὸς</span> <span class='ocrx_word' id='word_1_378' title='bbox 1040 1587 1088 1616; x_wconf 85' lang='grc' dir='ltr'>οὖν</span> <span class='ocrx_word' id='word_1_379' title='bbox 1098 1589 1137 1625; x_wconf 80' lang='grc' dir='ltr'>τῷ</span> <span class='ocrx_word' id='word_1_380' title='bbox 1149 1589 1240 1622; x_wconf 76' lang='grc' dir='ltr'><strong>Δοιὸὶδ,</strong></span> <span class='ocrx_word' id='word_1_381' title='bbox 1252 1588 1324 1623; x_wconf 88' lang='grc' dir='ltr'>λέγω</span> <span class='ocrx_word' id='word_1_382' title='bbox 1334 1588 1363 1614; x_wconf 82' lang='grc' dir='ltr'><strong>δὲ</strong></span> <span class='ocrx_word' id='word_1_383' title='bbox 1374 1587 1414 1623; x_wconf 84' lang='grc' dir='ltr'><strong>τῷ</strong></span> <span class='ocrx_word' id='word_1_384' title='bbox 1425 1586 1482 1622; x_wconf 85' lang='grc' dir='ltr'><strong>Υἰῷ</strong></span> <span class='ocrx_word' id='word_1_385' title='bbox 1493 1585 1540 1613; x_wconf 86' lang='grc' dir='ltr'>τοῦ</span> <span class='ocrx_word' id='word_1_386' title='bbox 1554 1585 1633 1618; x_wconf 83' lang='grc' dir='ltr'>Θεοῦ,</span> <span class='ocrx_word' id='word_1_387' title='bbox 1643 1584 1681 1620; x_wconf 85' lang='grc' dir='ltr'>τῷ</span> 
     </span>
    </p>
   </div>
   <div class='ocr_carea' id='block_1_63' title="bbox 53 1628 731 1666">
    <p class='ocr_par' dir='ltr' id='par_1_63' title="bbox 53 1628 731 1666">
     <span class='ocr_line' id='line_1_63' title="bbox 53 1628 731 1666; baseline 0.003 -10"><span class='ocrx_word' id='word_1_388' title='bbox 53 1628 128 1664; x_wconf 78' lang='grc' dir='ltr'>καλῷ</span> <span class='ocrx_word' id='word_1_389' title='bbox 143 1629 254 1663; x_wconf 82' lang='grc' dir='ltr'>Ποιμένι</span> <span class='ocrx_word' id='word_1_390' title='bbox 265 1636 272 1643; x_wconf 84' lang='lat'>&#39;</span> <span class='ocrx_word' id='word_1_391' title='bbox 289 1629 328 1655; x_wconf 82' lang='grc' dir='ltr'><strong>διὸ</strong></span> <span class='ocrx_word' id='word_1_392' title='bbox 340 1629 437 1663; x_wconf 81' lang='grc' dir='ltr'>ἐπάγει</span> <span class='ocrx_word' id='word_1_393' title='bbox 452 1629 519 1665; x_wconf 84' lang='grc' dir='ltr'>πρὸς</span> <span class='ocrx_word' id='word_1_394' title='bbox 533 1630 614 1656; x_wconf 80' lang='grc' dir='ltr'>αὐτὸν</span> <span class='ocrx_word' id='word_1_395' title='bbox 629 1631 715 1666; x_wconf 83' lang='grc' dir='ltr'>λέγων</span> <span class='ocrx_word' id='word_1_396' title='bbox 725 1639 731 1645; x_wconf 91' lang='grc'>·</span> 
     </span>
    </p>
   </div>
   <div class='ocr_carea' id='block_1_64' title="bbox 88 1675 1679 1718">
    <p class='ocr_par' dir='ltr' id='par_1_64' title="bbox 88 1675 1679 1718">
     <span class='ocr_line' id='line_1_64' title="bbox 88 1675 1679 1718; baseline 0.003 -16"><span class='ocrx_word' id='word_1_397' title='bbox 88 1675 197 1704; x_wconf 86' lang='lat' dir='ltr'><strong>Titulus</strong></span> <span class='ocrx_word' id='word_1_398' title='bbox 214 1676 374 1711; x_wconf 59' lang='lat' dir='ltr'><strong>praepositus</strong></span> <span class='ocrx_word' id='word_1_399' title='bbox 390 1677 511 1704; x_wconf 87' lang='lat' dir='ltr'><strong>continet</strong></span> <span class='ocrx_word' id='word_1_400' title='bbox 524 1685 531 1703; x_wconf 92' lang='lat'><strong>:</strong></span> <span class='ocrx_word' id='word_1_401' title='bbox 545 1677 671 1705; x_wconf 79' lang='lat' dir='ltr'><strong>Psalmus</strong></span> <span class='ocrx_word' id='word_1_402' title='bbox 687 1678 782 1712; x_wconf 83' lang='lat' dir='ltr'><strong>David,</strong></span> <span class='ocrx_word' id='word_1_403' title='bbox 795 1680 848 1709; x_wconf 89' lang='lat' dir='ltr'><strong>hoc</strong></span> <span class='ocrx_word' id='word_1_404' title='bbox 862 1686 915 1715; x_wconf 81' lang='lat' dir='ltr'><strong>est,</strong></span> <span class='ocrx_word' id='word_1_405' title='bbox 929 1682 1050 1718; x_wconf 73' lang='lat' dir='ltr'><strong>psalmus</strong></span> <span class='ocrx_word' id='word_1_406' title='bbox 1066 1683 1101 1715; x_wconf 80' lang='lat' dir='ltr'><strong>ei,</strong></span> <span class='ocrx_word' id='word_1_407' title='bbox 1115 1683 1161 1718; x_wconf 85' lang='lat' dir='ltr'><strong>qui</strong></span> <span class='ocrx_word' id='word_1_408' title='bbox 1182 1682 1235 1717; x_wconf 78' lang='lat' dir='ltr'><strong>fuit</strong></span> <span class='ocrx_word' id='word_1_409' title='bbox 1253 1686 1345 1715; x_wconf 76' lang='lat' dir='ltr'><strong>pastor</strong></span> <span class='ocrx_word' id='word_1_410' title='bbox 1356 1682 1453 1710; x_wconf 70' lang='lat' dir='ltr'><strong>ovium.</strong></span> <span class='ocrx_word' id='word_1_411' title='bbox 1469 1680 1609 1716; x_wconf 85' lang='lat' dir='ltr'><strong>Siquidem</strong></span> <span class='ocrx_word' id='word_1_412' title='bbox 1622 1686 1679 1707; x_wconf 58' lang='lat' dir='ltr'><strong>ma-</strong></span> 
     </span>
    </p>
   </div>
   <div class='ocr_carea' id='block_1_65' title="bbox 54 1722 1681 1764">
    <p class='ocr_par' dir='ltr' id='par_1_65' title="bbox 54 1722 1681 1764">
     <span class='ocr_line' id='line_1_65' title="bbox 54 1722 1681 1764; baseline 0.002 -15"><span class='ocrx_word' id='word_1_413' title='bbox 54 1722 184 1750; x_wconf 77' lang='lat' dir='ltr'><strong>niiestum</strong></span> <span class='ocrx_word' id='word_1_414' title='bbox 199 1726 252 1756; x_wconf 86' lang='lat' dir='ltr'><strong>est,</strong></span> <span class='ocrx_word' id='word_1_415' title='bbox 265 1723 338 1758; x_wconf 89' lang='lat' dir='ltr'><strong>quod</strong></span> <span class='ocrx_word' id='word_1_416' title='bbox 352 1723 437 1750; x_wconf 81' lang='lat' dir='ltr'><strong>David</strong></span> <span class='ocrx_word' id='word_1_417' title='bbox 450 1727 509 1750; x_wconf 88' lang='lat' dir='ltr'><strong>erat</strong></span> <span class='ocrx_word' id='word_1_418' title='bbox 524 1729 618 1758; x_wconf 84' lang='lat' dir='ltr'><strong>pastor</strong></span> <span class='ocrx_word' id='word_1_419' title='bbox 634 1725 736 1753; x_wconf 88' lang='lat' dir='ltr'><strong>ovium.</strong></span> <span class='ocrx_word' id='word_1_420' title='bbox 755 1725 881 1756; x_wconf 86' lang='lat' dir='ltr'><strong>Psalmus</strong></span> <span class='ocrx_word' id='word_1_421' title='bbox 903 1729 985 1764; x_wconf 74' lang='lat' dir='ltr'><strong>igitur</strong></span> <span class='ocrx_word' id='word_1_422' title='bbox 1006 1729 1103 1763; x_wconf 88' lang='lat' dir='ltr'><strong>David,</strong></span> <span class='ocrx_word' id='word_1_423' title='bbox 1117 1728 1176 1762; x_wconf 86' lang='lat' dir='ltr'><strong>Dei,</strong></span> <span class='ocrx_word' id='word_1_424' title='bbox 1191 1729 1314 1764; x_wconf 82' lang='lat' dir='ltr'><strong>inquam,</strong></span> <span class='ocrx_word' id='word_1_425' title='bbox 1328 1728 1407 1760; x_wconf 84' lang='lat' dir='ltr'><strong>Filio,</strong></span> <span class='ocrx_word' id='word_1_426' title='bbox 1420 1727 1468 1759; x_wconf 82' lang='lat' dir='ltr'><strong>qui</strong></span> <span class='ocrx_word' id='word_1_427' title='bbox 1481 1726 1577 1755; x_wconf 79' lang='lat' dir='ltr'><strong>Pastor</strong></span> <span class='ocrx_word' id='word_1_428' title='bbox 1593 1725 1681 1754; x_wconf 79' lang='lat' dir='ltr'><strong>bonus</strong></span> 
     </span>
    </p>
   </div>
   <div class='ocr_carea' id='block_1_66' title="bbox 55 1768 562 1797">
    <p class='ocr_par' dir='ltr' id='par_1_66' title="bbox 55 1768 562 1797">
     <span class='ocr_line' id='line_1_66' title="bbox 55 1768 562 1797; baseline 0.004 -2"><span class='ocrx_word' id='word_1_429' title='bbox 55 1768 106 1795; x_wconf 78' lang='lat' dir='ltr'><strong>fuit</strong></span> <span class='ocrx_word' id='word_1_430' title='bbox 119 1779 126 1796; x_wconf 86' lang='lat'><strong>:</strong></span> <span class='ocrx_word' id='word_1_431' title='bbox 141 1769 203 1796; x_wconf 88' lang='lat' dir='ltr'><strong>ideo</strong></span> <span class='ocrx_word' id='word_1_432' title='bbox 216 1769 308 1796; x_wconf 82' lang='lat' dir='ltr'><strong>subdit</strong></span> <span class='ocrx_word' id='word_1_433' title='bbox 322 1769 355 1796; x_wconf 88' lang='lat' dir='ltr'><strong>ad</strong></span> <span class='ocrx_word' id='word_1_434' title='bbox 369 1777 431 1796; x_wconf 82' lang='lat' dir='ltr'><strong>eum</strong></span> <span class='ocrx_word' id='word_1_435' title='bbox 447 1769 540 1797; x_wconf 91' lang='lat' dir='ltr'><strong>dicens</strong></span> <span class='ocrx_word' id='word_1_436' title='bbox 555 1777 562 1796; x_wconf 94' lang='lat'>:</span> 
     </span>
    </p>
   </div>
   <div class='ocr_carea' id='block_1_67' title="bbox 90 1825 846 1862">
    <p class='ocr_par' dir='ltr' id='par_1_67' title="bbox 90 1825 846 1862">
     <span class='ocr_line' id='line_1_67' title="bbox 90 1825 846 1862; baseline 0.003 -10"><span class='ocrx_word' id='word_1_437' title='bbox 90 1825 115 1852; x_wconf 83' lang='lat' dir='ltr'><strong>l.</strong></span> <span class='ocrx_word' id='word_1_438' title='bbox 134 1825 164 1851; x_wconf 87' lang='lat'><strong>&#39;0</strong></span> <span class='ocrx_word' id='word_1_439' title='bbox 180 1825 282 1860; x_wconf 86' lang='grc' dir='ltr'>ποιμὴν</span> <span class='ocrx_word' id='word_1_440' title='bbox 295 1825 310 1851; x_wconf 86' lang='grc' dir='ltr'><strong>ὁ</strong></span> <span class='ocrx_word' id='word_1_441' title='bbox 327 1825 408 1857; x_wconf 83' lang='grc' dir='ltr'>καλὸς</span> <span class='ocrx_word' id='word_1_442' title='bbox 418 1846 425 1858; x_wconf 87' lang='grc'>,</span> <span class='ocrx_word' id='word_1_443' title='bbox 447 1825 496 1861; x_wconf 83' lang='grc' dir='ltr'><strong>τὴν</strong></span> <span class='ocrx_word' id='word_1_444' title='bbox 510 1825 600 1862; x_wconf 78' lang='grc' dir='ltr'>ψυχὴν</span> <span class='ocrx_word' id='word_1_445' title='bbox 620 1825 702 1853; x_wconf 79' lang='grc' dir='ltr'>αὐτοῦ</span> <span class='ocrx_word' id='word_1_446' title='bbox 716 1827 846 1862; x_wconf 84' lang='grc' dir='ltr'>τεθεικὼς</span> 
     </span>
    </p>
   </div>
   <div class='ocr_carea' id='block_1_68' title="bbox 55 1870 283 1907">
    <p class='ocr_par' dir='ltr' id='par_1_68' title="bbox 55 1870 283 1907">
     <span class='ocr_line' id='line_1_68' title="bbox 55 1870 283 1907; baseline 0 -10"><span class='ocrx_word' id='word_1_447' title='bbox 55 1871 125 1907; x_wconf 82' lang='grc' dir='ltr'>ὑπὲρ</span> <span class='ocrx_word' id='word_1_448' title='bbox 138 1870 217 1906; x_wconf 85' lang='grc' dir='ltr'>ἡμῶν</span> <span class='ocrx_word' id='word_1_449' title='bbox 233 1871 283 1905; x_wconf 80' lang='lat'><strong>(3).</strong></span> 
     </span>
    </p>
   </div>
   <div class='ocr_carea' id='block_1_69' title="bbox 88 1915 845 1953">
    <p class='ocr_par' dir='ltr' id='par_1_69' title="bbox 88 1915 845 1953">
     <span class='ocr_line' id='line_1_69' title="bbox 88 1915 845 1953; baseline 0.005 -11"><span class='ocrx_word' id='word_1_450' title='bbox 88 1916 116 1943; x_wconf 77' lang='grc'>2.</span> <span class='ocrx_word' id='word_1_451' title='bbox 139 1916 183 1942; x_wconf 86' lang='grc' dir='ltr'>Ἐν</span> <span class='ocrx_word' id='word_1_452' title='bbox 197 1916 231 1951; x_wconf 82' lang='grc' dir='ltr'>τῇ</span> <span class='ocrx_word' id='word_1_453' title='bbox 251 1915 398 1952; x_wconf 69' lang='grc' dir='ltr'>Ἐκκλησία</span> <span class='ocrx_word' id='word_1_454' title='bbox 411 1916 458 1943; x_wconf 80' lang='grc' dir='ltr'>τοῦ</span> <span class='ocrx_word' id='word_1_455' title='bbox 473 1916 552 1949; x_wconf 82' lang='grc' dir='ltr'><strong>Θεοῦ,</strong></span> <span class='ocrx_word' id='word_1_456' title='bbox 565 1916 629 1944; x_wconf 77' lang='grc' dir='ltr'>ἔνθα</span> <span class='ocrx_word' id='word_1_457' title='bbox 640 1918 664 1944; x_wconf 75' lang='grc' dir='ltr'>οἱ</span> <span class='ocrx_word' id='word_1_458' title='bbox 678 1917 749 1953; x_wconf 78' lang='grc' dir='ltr'>ἆγιοι</span> <span class='ocrx_word' id='word_1_459' title='bbox 762 1918 845 1946; x_wconf 80' lang='grc' dir='ltr'>αὐτοῦ</span> 
     </span>
    </p>
   </div>
   <div class='ocr_carea' id='block_1_70' title="bbox 54 1961 191 1990">
    <p class='ocr_par' dir='ltr' id='par_1_70' title="bbox 54 1961 191 1990">
     <span class='ocr_line' id='line_1_70' title="bbox 54 1961 191 1990; baseline -0.007 0"><span class='ocrx_word' id='word_1_460' title='bbox 54 1961 135 1990; x_wconf 79' lang='grc' dir='ltr'><strong>ἀνθοῦ</strong></span> <span class='ocrx_word' id='word_1_461' title='bbox 140 1970 191 1989; x_wconf 90' lang='grc' dir='ltr'>σιν.</span> 
     </span>
    </p>
   </div>
   <div class='ocr_carea' id='block_1_71' title="bbox 90 2007 667 2044">
    <p class='ocr_par' dir='ltr' id='par_1_71' title="bbox 90 2007 667 2044">
     <span class='ocr_line' id='line_1_71' title="bbox 90 2007 667 2044; baseline 0.002 -9"><span class='ocrx_word' id='word_1_462' title='bbox 90 2008 118 2035; x_wconf 77' lang='lat'><strong>3.</strong></span> <span class='ocrx_word' id='word_1_463' title='bbox 141 2008 185 2034; x_wconf 86' lang='lat' dir='ltr'><strong>‘Ev</strong></span> <span class='ocrx_word' id='word_1_464' title='bbox 200 2009 232 2043; x_wconf 84' lang='grc' dir='ltr'>τῇ</span> <span class='ocrx_word' id='word_1_465' title='bbox 247 2008 337 2043; x_wconf 82' lang='grc' dir='ltr'>χάριτι</span> <span class='ocrx_word' id='word_1_466' title='bbox 348 2007 395 2034; x_wconf 76' lang='grc' dir='ltr'>τοῦ</span> <span class='ocrx_word' id='word_1_467' title='bbox 409 2008 566 2044; x_wconf 77' lang='grc' dir='ltr'>Πνεύματος</span> <span class='ocrx_word' id='word_1_468' title='bbox 581 2009 667 2043; x_wconf 82' lang='grc' dir='ltr'>ἁγίου.</span> 
     </span>
    </p>
   </div>
   <div class='ocr_carea' id='block_1_72' title="bbox 91 2054 846 2090">
    <p class='ocr_par' dir='ltr' id='par_1_72' title="bbox 91 2054 846 2090">
     <span class='ocr_line' id='line_1_72' title="bbox 91 2054 846 2090; baseline 0.001 -9"><span class='ocrx_word' id='word_1_469' title='bbox 91 2054 127 2087; x_wconf 69' lang='grc'><strong>4,</strong></span> <span class='ocrx_word' id='word_1_470' title='bbox 155 2054 181 2082; x_wconf 81' lang='grc'>5.</span> <span class='ocrx_word' id='word_1_471' title='bbox 206 2054 254 2081; x_wconf 80' lang='grc' dir='ltr'><strong>Ἐκ</strong></span> <span class='ocrx_word' id='word_1_472' title='bbox 279 2054 328 2089; x_wconf 76' lang='grc' dir='ltr'>τῆς</span> <span class='ocrx_word' id='word_1_473' title='bbox 355 2055 541 2090; x_wconf 69' lang='grc' dir='ltr'>αἰχμαλωσίας</span> <span class='ocrx_word' id='word_1_474' title='bbox 564 2055 612 2082; x_wconf 80' lang='grc' dir='ltr'>τοῦ</span> <span class='ocrx_word' id='word_1_475' title='bbox 637 2055 760 2082; x_wconf 82' lang='grc' dir='ltr'>διαϐόλου</span> <span class='ocrx_word' id='word_1_476' title='bbox 786 2056 846 2083; x_wconf 79' lang='grc' dir='ltr'>ἐπι-</span> 
     </span>
    </p>
   </div>
   <div class='ocr_carea' id='block_1_73' title="bbox 933 1828 1681 1866">
    <p class='ocr_par' dir='ltr' id='par_1_73' title="bbox 933 1828 1681 1866">
     <span class='ocr_line' id='line_1_73' title="bbox 933 1828 1681 1866; baseline -0.001 -9"><span class='ocrx_word' id='word_1_477' title='bbox 933 1830 969 1858; x_wconf 77' lang='lat' dir='ltr'><strong>l.’</strong></span> <span class='ocrx_word' id='word_1_478' title='bbox 986 1830 1077 1859; x_wconf 90' lang='lat' dir='ltr'><strong>Bonus</strong></span> <span class='ocrx_word' id='word_1_479' title='bbox 1092 1835 1198 1866; x_wconf 85' lang='lat' dir='ltr'><strong>pastor,</strong></span> <span class='ocrx_word' id='word_1_480' title='bbox 1220 1828 1266 1865; x_wconf 89' lang='lat' dir='ltr'><strong>qui</strong></span> <span class='ocrx_word' id='word_1_481' title='bbox 1288 1829 1379 1865; x_wconf 81' lang='lat' dir='ltr'><strong>posuit</strong></span> <span class='ocrx_word' id='word_1_482' title='bbox 1393 1828 1511 1857; x_wconf 89' lang='lat' dir='ltr'><strong>animam</strong></span> <span class='ocrx_word' id='word_1_483' title='bbox 1533 1837 1611 1858; x_wconf 83' lang='lat' dir='ltr'><strong>suam</strong></span> <span class='ocrx_word' id='word_1_484' title='bbox 1631 1837 1681 1865; x_wconf 84' lang='lat' dir='ltr'><strong>pro</strong></span> 
     </span>
    </p>
   </div>
   <div class='ocr_carea' id='block_1_74' title="bbox 895 1877 985 1906">
    <p class='ocr_par' dir='ltr' id='par_1_74' title="bbox 895 1877 985 1906">
     <span class='ocr_line' id='line_1_74' title="bbox 895 1877 985 1906; baseline 0.011 -1"><span class='ocrx_word' id='word_1_485' title='bbox 895 1877 985 1906; x_wconf 85' lang='lat' dir='ltr'><strong>nobis.</strong></span> 
     </span>
    </p>
   </div>
   <div class='ocr_carea' id='block_1_75' title="bbox 931 1921 1572 1957">
    <p class='ocr_par' dir='ltr' id='par_1_75' title="bbox 931 1921 1572 1957">
     <span class='ocr_line' id='line_1_75' title="bbox 931 1921 1572 1957; baseline -0.002 -7"><span class='ocrx_word' id='word_1_486' title='bbox 931 1923 958 1950; x_wconf 78' lang='lat'><strong>2.</strong></span> <span class='ocrx_word' id='word_1_487' title='bbox 975 1923 1005 1950; x_wconf 94' lang='lat' dir='ltr'><strong>ln</strong></span> <span class='ocrx_word' id='word_1_488' title='bbox 1020 1922 1140 1951; x_wconf 83' lang='lat' dir='ltr'><strong>Ecclesia</strong></span> <span class='ocrx_word' id='word_1_489' title='bbox 1157 1922 1216 1956; x_wconf 85' lang='lat' dir='ltr'><strong>Dei,</strong></span> <span class='ocrx_word' id='word_1_490' title='bbox 1229 1921 1276 1950; x_wconf 89' lang='lat' dir='ltr'><strong>ubi</strong></span> <span class='ocrx_word' id='word_1_491' title='bbox 1290 1921 1377 1950; x_wconf 83' lang='lat' dir='ltr'><strong>sancti</strong></span> <span class='ocrx_word' id='word_1_492' title='bbox 1391 1921 1451 1957; x_wconf 85' lang='lat' dir='ltr'><strong>ejus</strong></span> <span class='ocrx_word' id='word_1_493' title='bbox 1466 1921 1572 1950; x_wconf 84' lang='lat' dir='ltr'><strong>ﬂorent.</strong></span> 
     </span>
    </p>
   </div>
   <div class='ocr_carea' id='block_1_76' title="bbox 933 2010 1355 2048">
    <p class='ocr_par' dir='ltr' id='par_1_76' title="bbox 933 2010 1355 2048">
     <span class='ocr_line' id='line_1_76' title="bbox 933 2010 1355 2048; baseline -0.007 -8"><span class='ocrx_word' id='word_1_494' title='bbox 933 2014 960 2040; x_wconf 79' lang='grc'>5.</span> <span class='ocrx_word' id='word_1_495' title='bbox 976 2012 1005 2039; x_wconf 92' lang='lat' dir='ltr'><strong>ln</strong></span> <span class='ocrx_word' id='word_1_496' title='bbox 1019 2012 1106 2048; x_wconf 77' lang='lat' dir='ltr'><strong>gratia</strong></span> <span class='ocrx_word' id='word_1_497' title='bbox 1124 2010 1243 2046; x_wconf 86' lang='lat' dir='ltr'><strong>Spiritus</strong></span> <span class='ocrx_word' id='word_1_498' title='bbox 1257 2010 1355 2038; x_wconf 86' lang='lat' dir='ltr'><strong>sancti.</strong></span> 
     </span>
    </p>
   </div>
   <div class='ocr_carea' id='block_1_77' title="bbox 933 2054 1680 2092">
    <p class='ocr_par' dir='ltr' id='par_1_77' title="bbox 933 2054 1680 2092">
     <span class='ocr_line' id='line_1_77' title="bbox 933 2054 1680 2092; baseline -0.005 -6"><span class='ocrx_word' id='word_1_499' title='bbox 933 2059 962 2092; x_wconf 78' lang='grc'><strong>4,</strong></span> <span class='ocrx_word' id='word_1_500' title='bbox 1031 2058 1052 2085; x_wconf 85' lang='grc' dir='ltr'>Ε</span> <span class='ocrx_word' id='word_1_501' title='bbox 1072 2058 1173 2085; x_wconf 84' lang='lat' dir='ltr'><strong>diaboli</strong></span> <span class='ocrx_word' id='word_1_502' title='bbox 1193 2057 1348 2092; x_wconf 86' lang='lat' dir='ltr'><strong>captivitate</strong></span> <span class='ocrx_word' id='word_1_503' title='bbox 1362 2056 1482 2083; x_wconf 81' lang='lat' dir='ltr'><strong>animam</strong></span> <span class='ocrx_word' id='word_1_504' title='bbox 1500 2063 1586 2083; x_wconf 83' lang='lat' dir='ltr'><strong>meam</strong></span> <span class='ocrx_word' id='word_1_505' title='bbox 1603 2054 1636 2082; x_wconf 92' lang='lat' dir='ltr'><strong>ad</strong></span> <span class='ocrx_word' id='word_1_506' title='bbox 1654 2062 1680 2083; x_wconf 76' lang='grc' dir='ltr'>ιι</span> 
     </span>
    </p>
   </div>
   <div class='ocr_carea' id='block_1_78' title="bbox 57 2100 868 2138">
    <p class='ocr_par' dir='ltr' id='par_1_78' title="bbox 57 2100 848 2138">
     <span class='ocr_line' id='line_1_78' title="bbox 57 2100 848 2138; baseline 0.004 -12"><span class='ocrx_word' id='word_1_507' title='bbox 57 2100 178 2136; x_wconf 70' lang='grc' dir='ltr'>στρέψας</span> <span class='ocrx_word' id='word_1_508' title='bbox 186 2100 235 2135; x_wconf 81' lang='grc' dir='ltr'>τὴν</span> <span class='ocrx_word' id='word_1_509' title='bbox 249 2100 338 2136; x_wconf 78' lang='grc' dir='ltr'>ψυχήν</span> <span class='ocrx_word' id='word_1_510' title='bbox 353 2110 403 2136; x_wconf 83' lang='grc' dir='ltr'><strong>μου</strong></span> <span class='ocrx_word' id='word_1_511' title='bbox 413 2100 450 2137; x_wconf 76' lang='grc'><strong>(4)</strong></span> <span class='ocrx_word' id='word_1_512' title='bbox 465 2101 534 2137; x_wconf 78' lang='grc' dir='ltr'>πρὸς</span> <span class='ocrx_word' id='word_1_513' title='bbox 547 2101 644 2128; x_wconf 80' lang='grc' dir='ltr'>ἑαυτὸν</span> <span class='ocrx_word' id='word_1_514' title='bbox 661 2101 800 2138; x_wconf 80' lang='grc' dir='ltr'><strong>ὡδήγησεν</strong></span> <span class='ocrx_word' id='word_1_515' title='bbox 809 2103 848 2138; x_wconf 83' lang='grc'>(5)</span> 
     </span>
    </p>
   </div>
   <div class='ocr_carea' id='block_1_79' title="bbox 924 2100 1452 2138">
    <p class='ocr_par' dir='ltr' id='par_1_79' title="bbox 924 2103 1452 2138">
     <span class='ocr_line' id='line_1_79' title="bbox 924 2103 1452 2138; baseline -0.008 -6"><span class='ocrx_word' id='word_1_516' title='bbox 924 2107 1063 2132; x_wconf 85' lang='lat' dir='ltr'><strong>mvertens</strong></span> <span class='ocrx_word' id='word_1_517' title='bbox 1079 2103 1191 2131; x_wconf 73' lang='lat' dir='ltr'><strong>deduxit</strong></span> <span class='ocrx_word' id='word_1_518' title='bbox 1204 2105 1232 2130; x_wconf 95' lang='lat' dir='ltr'><strong>in</strong></span> <span class='ocrx_word' id='word_1_519' title='bbox 1245 2107 1377 2138; x_wconf 62' lang='lat' dir='ltr'><strong>praecepta</strong></span> <span class='ocrx_word' id='word_1_520' title='bbox 1392 2109 1452 2135; x_wconf 88' lang='lat' dir='ltr'><strong>sua,</strong></span> 
     </span>
    </p>
   </div>
   <div class='ocr_carea' id='block_1_80' title="bbox 57 2146 399 2178">
    <p class='ocr_par' dir='ltr' id='par_1_80' title="bbox 57 2146 399 2178">
     <span class='ocr_line' id='line_1_80' title="bbox 57 2146 399 2178; baseline 0 -6"><span class='ocrx_word' id='word_1_521' title='bbox 57 2146 105 2172; x_wconf 65' lang='grc' dir='ltr'><strong>ἐπὶ</strong></span> <span class='ocrx_word' id='word_1_522' title='bbox 117 2146 169 2177; x_wconf 76' lang='grc' dir='ltr'><strong>τὰς</strong></span> <span class='ocrx_word' id='word_1_523' title='bbox 182 2146 290 2178; x_wconf 77' lang='grc' dir='ltr'>ἐντολὰς</span> <span class='ocrx_word' id='word_1_524' title='bbox 306 2147 399 2178; x_wconf 79' lang='grc' dir='ltr'>αὐτοῦ,</span> 
     </span>
    </p>
   </div>
   <div class='ocr_carea' id='block_1_81' title="bbox 91 2191 540 2228">
    <p class='ocr_par' dir='ltr' id='par_1_81' title="bbox 91 2191 540 2228">
     <span class='ocr_line' id='line_1_81' title="bbox 91 2191 540 2228; baseline 0.004 -10"><span class='ocrx_word' id='word_1_525' title='bbox 91 2194 118 2219; x_wconf 81' lang='grc'><strong>6.</strong></span> <span class='ocrx_word' id='word_1_526' title='bbox 137 2191 223 2227; x_wconf 80' lang='grc' dir='ltr'>’Υπὲρ</span> <span class='ocrx_word' id='word_1_527' title='bbox 238 2191 286 2218; x_wconf 83' lang='grc' dir='ltr'>τοῦ</span> <span class='ocrx_word' id='word_1_528' title='bbox 300 2192 431 2228; x_wconf 80' lang='grc' dir='ltr'>ὀνόματος</span> <span class='ocrx_word' id='word_1_529' title='bbox 445 2193 540 2220; x_wconf 83' lang='grc' dir='ltr'>αὐτοῦ.</span> 
     </span>
    </p>
   </div>
   <div class='ocr_carea' id='block_1_82' title="bbox 94 2236 633 2275">
    <p class='ocr_par' dir='ltr' id='par_1_82' title="bbox 94 2236 633 2275">
     <span class='ocr_line' id='line_1_82' title="bbox 94 2236 633 2275; baseline 0.006 -12"><span class='ocrx_word' id='word_1_530' title='bbox 94 2237 121 2263; x_wconf 90' lang='grc'>7.</span> <span class='ocrx_word' id='word_1_531' title='bbox 137 2237 185 2269; x_wconf 80' lang='grc' dir='ltr'><strong>Εἰς</strong></span> <span class='ocrx_word' id='word_1_532' title='bbox 198 2236 230 2263; x_wconf 74' lang='grc' dir='ltr'><strong>τὸ</strong></span> <span class='ocrx_word' id='word_1_533' title='bbox 241 2237 430 2273; x_wconf 79' lang='grc' dir='ltr'>τιμωρηθῆναι</span> <span class='ocrx_word' id='word_1_534' title='bbox 444 2247 477 2274; x_wconf 87' lang='grc' dir='ltr'><strong>με</strong></span> <span class='ocrx_word' id='word_1_535' title='bbox 490 2239 560 2275; x_wconf 82' lang='grc' dir='ltr'>ὑπὲρ</span> <span class='ocrx_word' id='word_1_536' title='bbox 575 2239 633 2267; x_wconf 81' lang='grc' dir='ltr'>σοῦ.</span> 
     </span>
    </p>
   </div>
   <div class='ocr_carea' id='block_1_83' title="bbox 90 2283 846 2322">
    <p class='ocr_par' dir='ltr' id='par_1_83' title="bbox 90 2283 846 2322">
     <span class='ocr_line' id='line_1_83' title="bbox 90 2283 846 2322; baseline 0.003 -12"><span class='ocrx_word' id='word_1_537' title='bbox 90 2283 118 2310; x_wconf 88' lang='lat'><strong>8.</strong></span> <span class='ocrx_word' id='word_1_538' title='bbox 137 2283 174 2309; x_wconf 78' lang='grc' dir='ltr'>Οὐ</span> <span class='ocrx_word' id='word_1_539' title='bbox 191 2283 301 2319; x_wconf 86' lang='grc' dir='ltr'>πτοήσει</span> <span class='ocrx_word' id='word_1_540' title='bbox 318 2293 351 2319; x_wconf 84' lang='grc' dir='ltr'><strong>με</strong></span> <span class='ocrx_word' id='word_1_541' title='bbox 365 2284 440 2312; x_wconf 77' lang='grc' dir='ltr'>πᾶσα</span> <span class='ocrx_word' id='word_1_542' title='bbox 451 2286 572 2322; x_wconf 77' lang='grc' dir='ltr'>τιμωρία</span> <span class='ocrx_word' id='word_1_543' title='bbox 584 2307 591 2319; x_wconf 82' lang='grc'>,</span> <span class='ocrx_word' id='word_1_544' title='bbox 607 2287 648 2313; x_wconf 85' lang='grc' dir='ltr'>ὃτι</span> <span class='ocrx_word' id='word_1_545' title='bbox 666 2286 698 2313; x_wconf 80' lang='grc' dir='ltr'>σὺ</span> <span class='ocrx_word' id='word_1_546' title='bbox 713 2285 846 2321; x_wconf 84' lang='grc' dir='ltr'>ὲνισχύεις</span> 
     </span>
    </p>
   </div>
   <div class='ocr_carea' id='block_1_84' title="bbox 58 2328 380 2364">
    <p class='ocr_par' dir='ltr' id='par_1_84' title="bbox 58 2328 380 2364">
     <span class='ocr_line' id='line_1_84' title="bbox 58 2328 380 2364; baseline 0.006 -10"><span class='ocrx_word' id='word_1_547' title='bbox 58 2337 94 2364; x_wconf 83' lang='grc' dir='ltr'><strong>με</strong></span> <span class='ocrx_word' id='word_1_548' title='bbox 109 2328 255 2363; x_wconf 79' lang='grc' dir='ltr'>ὑπομένειν</span> <span class='ocrx_word' id='word_1_549' title='bbox 270 2328 380 2361; x_wconf 80' lang='grc' dir='ltr'>ταύτας.</span> 
     </span>
    </p>
   </div>
   <div class='ocr_carea' id='block_1_85' title="bbox 93 2373 846 2412">
    <p class='ocr_par' dir='ltr' id='par_1_85' title="bbox 93 2373 846 2412">
     <span class='ocr_line' id='line_1_85' title="bbox 93 2373 846 2412; baseline 0.004 -12"><span class='ocrx_word' id='word_1_550' title='bbox 93 2373 121 2401; x_wconf 85' lang='grc'>9.</span> <span class='ocrx_word' id='word_1_551' title='bbox 141 2374 171 2400; x_wconf 87' lang='grc'><strong>’0</strong></span> <span class='ocrx_word' id='word_1_552' title='bbox 191 2374 255 2406; x_wconf 82' lang='grc' dir='ltr'>Υἱός</span> <span class='ocrx_word' id='word_1_553' title='bbox 272 2383 319 2401; x_wconf 87' lang='grc' dir='ltr'><strong>σου</strong></span> <span class='ocrx_word' id='word_1_554' title='bbox 341 2375 389 2402; x_wconf 79' lang='grc' dir='ltr'><strong>καὶ</strong></span> <span class='ocrx_word' id='word_1_555' title='bbox 407 2375 438 2402; x_wconf 83' lang='grc' dir='ltr'>τδ</span> <span class='ocrx_word' id='word_1_556' title='bbox 450 2375 564 2412; x_wconf 79' lang='grc' dir='ltr'>Πνεῢμά</span> <span class='ocrx_word' id='word_1_557' title='bbox 587 2385 633 2403; x_wconf 91' lang='grc' dir='ltr'><strong>σου</strong></span> <span class='ocrx_word' id='word_1_558' title='bbox 657 2376 689 2403; x_wconf 79' lang='grc' dir='ltr'>τὸ</span> <span class='ocrx_word' id='word_1_559' title='bbox 706 2376 782 2411; x_wconf 74' lang='grc' dir='ltr'>ἅγιον</span> <span class='ocrx_word' id='word_1_560' title='bbox 796 2377 846 2403; x_wconf 75' lang='grc' dir='ltr'><strong>ἑπ-</strong></span> 
     </span>
    </p>
   </div>
   <div class='ocr_carea' id='block_1_86' title="bbox 57 2419 253 2455">
    <p class='ocr_par' dir='ltr' id='par_1_86' title="bbox 57 2419 253 2455">
     <span class='ocr_line' id='line_1_86' title="bbox 57 2419 253 2455; baseline 0 -9"><span class='ocrx_word' id='word_1_561' title='bbox 57 2419 194 2455; x_wconf 74' lang='grc' dir='ltr'>ὶστρεψάν</span> <span class='ocrx_word' id='word_1_562' title='bbox 209 2429 253 2455; x_wconf 85' lang='grc' dir='ltr'>με.</span> 
     </span>
    </p>
   </div>
   <div class='ocr_carea' id='block_1_87' title="bbox 94 2465 849 2504">
    <p class='ocr_par' dir='ltr' id='par_1_87' title="bbox 94 2465 849 2504">
     <span class='ocr_line' id='line_1_87' title="bbox 94 2465 849 2504; baseline 0.001 -11"><span class='ocrx_word' id='word_1_563' title='bbox 94 2465 138 2493; x_wconf 75' lang='grc'><strong>10.</strong></span> <span class='ocrx_word' id='word_1_564' title='bbox 155 2466 210 2501; x_wconf 76' lang='grc' dir='ltr'><strong>Τὴν</strong></span> <span class='ocrx_word' id='word_1_565' title='bbox 227 2466 387 2502; x_wconf 74' lang='grc' dir='ltr'>ἐπουράνιον</span> <span class='ocrx_word' id='word_1_566' title='bbox 407 2467 481 2502; x_wconf 82' lang='grc' dir='ltr'>λέγει</span> <span class='ocrx_word' id='word_1_567' title='bbox 495 2467 636 2504; x_wconf 80' lang='grc' dir='ltr'>τράπεζαν</span> <span class='ocrx_word' id='word_1_568' title='bbox 653 2468 684 2495; x_wconf 79' lang='grc' dir='ltr'>τὸ</span> <span class='ocrx_word' id='word_1_569' title='bbox 700 2468 849 2504; x_wconf 84' lang='grc' dir='ltr'>μυστήριον</span> 
     </span>
    </p>
   </div>
   <div class='ocr_carea' id='block_1_88' title="bbox 57 2511 248 2539">
    <p class='ocr_par' dir='ltr' id='par_1_88' title="bbox 57 2511 248 2539">
     <span class='ocr_line' id='line_1_88' title="bbox 57 2511 248 2539; baseline -0.005 0"><span class='ocrx_word' id='word_1_570' title='bbox 57 2512 89 2539; x_wconf 77' lang='grc' dir='ltr'>τὸ</span> <span class='ocrx_word' id='word_1_571' title='bbox 104 2511 248 2539; x_wconf 77' lang='grc' dir='ltr'>ἀθάνατον.</span> 
     </span>
    </p>
   </div>
   <div class='ocr_carea' id='block_1_89' title="bbox 98 2556 851 2595">
    <p class='ocr_par' dir='ltr' id='par_1_89' title="bbox 98 2556 851 2595">
     <span class='ocr_line' id='line_1_89' title="bbox 98 2556 851 2595; baseline 0 -11"><span class='ocrx_word' id='word_1_572' title='bbox 98 2558 143 2584; x_wconf 79' lang='grc' dir='ltr'><strong>ΙΙ.</strong></span> <span class='ocrx_word' id='word_1_573' title='bbox 161 2557 198 2584; x_wconf 80' lang='grc' dir='ltr'>Τὸ</span> <span class='ocrx_word' id='word_1_574' title='bbox 215 2557 303 2584; x_wconf 78' lang='grc' dir='ltr'>ἔλαιον</span> <span class='ocrx_word' id='word_1_575' title='bbox 319 2557 395 2592; x_wconf 87' lang='grc' dir='ltr'>λέγει</span> <span class='ocrx_word' id='word_1_576' title='bbox 416 2558 465 2594; x_wconf 82' lang='grc' dir='ltr'><strong>τῆς</strong></span> <span class='ocrx_word' id='word_1_577' title='bbox 484 2558 595 2595; x_wconf 85' lang='grc' dir='ltr'>χάριτος</span> <span class='ocrx_word' id='word_1_578' title='bbox 608 2557 656 2586; x_wconf 78' lang='grc' dir='ltr'>τοῦ</span> <span class='ocrx_word' id='word_1_579' title='bbox 671 2557 749 2593; x_wconf 79' lang='grc' dir='ltr'>ἁγίου</span> <span class='ocrx_word' id='word_1_580' title='bbox 766 2556 851 2585; x_wconf 63' lang='lat' dir='ltr'><strong>Ilvati-</strong></span> 
     </span>
    </p>
   </div>
   <div class='ocr_carea' id='block_1_90' title="bbox 60 2610 158 2639">
    <p class='ocr_par' dir='ltr' id='par_1_90' title="bbox 60 2610 158 2639">
     <span class='ocr_line' id='line_1_90' title="bbox 60 2610 158 2639; baseline 0 -11"><span class='ocrx_word' id='word_1_581' title='bbox 60 2610 158 2639; x_wconf 74' lang='grc' dir='ltr'>ματος.</span> 
     </span>
    </p>
   </div>
   <div class='ocr_carea' id='block_1_91' title="bbox 861 2185 1236 2224">
    <p class='ocr_par' dir='ltr' id='par_1_91' title="bbox 861 2185 1236 2224">
     <span class='ocr_line' id='line_1_91' title="bbox 861 2185 1236 2224; baseline -0.005 -6"><span class='ocrx_word' id='word_1_582' title='bbox 861 2185 882 2212; x_wconf 82' lang='grc' dir='ltr'><strong>Ῑ)</strong></span> <span class='ocrx_word' id='word_1_583' title='bbox 932 2191 958 2218; x_wconf 86' lang='grc'><strong>6.</strong></span> <span class='ocrx_word' id='word_1_584' title='bbox 975 2190 1028 2218; x_wconf 83' lang='lat' dir='ltr'><strong>Pro</strong></span> <span class='ocrx_word' id='word_1_585' title='bbox 1041 2189 1152 2217; x_wconf 84' lang='lat' dir='ltr'><strong>nomine</strong></span> <span class='ocrx_word' id='word_1_586' title='bbox 1166 2188 1236 2224; x_wconf 88' lang='lat' dir='ltr'><strong>ejus.</strong></span> 
     </span>
    </p>
   </div>
   <div class='ocr_carea' id='block_1_92' title="bbox 935 2231 1544 2270">
    <p class='ocr_par' dir='ltr' id='par_1_92' title="bbox 935 2231 1544 2270">
     <span class='ocr_line' id='line_1_92' title="bbox 935 2231 1544 2270; baseline -0.008 -8"><span class='ocrx_word' id='word_1_587' title='bbox 935 2236 960 2264; x_wconf 87' lang='grc'>7.</span> <span class='ocrx_word' id='word_1_588' title='bbox 976 2235 1044 2263; x_wconf 92' lang='lat' dir='ltr'><strong>Cum</strong></span> <span class='ocrx_word' id='word_1_589' title='bbox 1060 2242 1109 2270; x_wconf 79' lang='lat' dir='ltr'><strong>ego</strong></span> <span class='ocrx_word' id='word_1_590' title='bbox 1121 2237 1256 2262; x_wconf 86' lang='lat' dir='ltr'><strong>tormenta</strong></span> <span class='ocrx_word' id='word_1_591' title='bbox 1272 2240 1321 2268; x_wconf 89' lang='lat' dir='ltr'><strong>pro</strong></span> <span class='ocrx_word' id='word_1_592' title='bbox 1336 2235 1363 2259; x_wconf 87' lang='lat' dir='ltr'><strong>te</strong></span> <span class='ocrx_word' id='word_1_593' title='bbox 1379 2231 1544 2259; x_wconf 88' lang='lat' dir='ltr'><strong>sustinuero.</strong></span> 
     </span>
    </p>
   </div>
   <div class='ocr_carea' id='block_1_93' title="bbox 935 2276 1684 2313">
    <p class='ocr_par' dir='ltr' id='par_1_93' title="bbox 935 2276 1684 2313">
     <span class='ocr_line' id='line_1_93' title="bbox 935 2276 1684 2313; baseline -0.004 -4"><span class='ocrx_word' id='word_1_594' title='bbox 935 2283 961 2309; x_wconf 89' lang='lat'><strong>8.</strong></span> <span class='ocrx_word' id='word_1_595' title='bbox 976 2281 1072 2309; x_wconf 81' lang='lat' dir='ltr'><strong>Nullus</strong></span> <span class='ocrx_word' id='word_1_596' title='bbox 1088 2287 1132 2308; x_wconf 92' lang='lat' dir='ltr'><strong>me</strong></span> <span class='ocrx_word' id='word_1_597' title='bbox 1145 2280 1284 2307; x_wconf 88' lang='lat' dir='ltr'><strong>cruciatus</strong></span> <span class='ocrx_word' id='word_1_598' title='bbox 1296 2278 1416 2311; x_wconf 85' lang='lat' dir='ltr'><strong>terrebit,</strong></span> <span class='ocrx_word' id='word_1_599' title='bbox 1429 2277 1558 2313; x_wconf 89' lang='lat' dir='ltr'><strong>quoniam</strong></span> <span class='ocrx_word' id='word_1_600' title='bbox 1570 2280 1599 2304; x_wconf 89' lang='lat' dir='ltr'><strong>tu</strong></span> <span class='ocrx_word' id='word_1_601' title='bbox 1612 2276 1684 2306; x_wconf 78' lang='lat' dir='ltr'><strong>vires</strong></span> 
     </span>
    </p>
   </div>
   <div class='ocr_carea' id='block_1_94' title="bbox 901 2323 1380 2362">
    <p class='ocr_par' dir='ltr' id='par_1_94' title="bbox 901 2323 1380 2362">
     <span class='ocr_line' id='line_1_94' title="bbox 901 2323 1380 2362; baseline -0.01 -7"><span class='ocrx_word' id='word_1_602' title='bbox 901 2327 968 2355; x_wconf 80' lang='lat' dir='ltr'><strong>mihi</strong></span> <span class='ocrx_word' id='word_1_603' title='bbox 983 2327 1098 2362; x_wconf 74' lang='lat' dir='ltr'><strong>praebes,</strong></span> <span class='ocrx_word' id='word_1_604' title='bbox 1113 2330 1143 2353; x_wconf 85' lang='lat' dir='ltr'><strong>ut</strong></span> <span class='ocrx_word' id='word_1_605' title='bbox 1158 2326 1220 2353; x_wconf 89' lang='lat' dir='ltr'><strong>illos</strong></span> <span class='ocrx_word' id='word_1_606' title='bbox 1236 2323 1380 2359; x_wconf 78' lang='lat' dir='ltr'><strong>perferam.</strong></span> 
     </span>
    </p>
   </div>
   <div class='ocr_carea' id='block_1_95' title="bbox 936 2370 1683 2406">
    <p class='ocr_par' dir='ltr' id='par_1_95' title="bbox 936 2370 1683 2406">
     <span class='ocr_line' id='line_1_95' title="bbox 936 2370 1683 2406; baseline -0.008 -6"><span class='ocrx_word' id='word_1_607' title='bbox 936 2373 963 2400; x_wconf 91' lang='lat'><strong>9.</strong></span> <span class='ocrx_word' id='word_1_608' title='bbox 985 2371 1072 2400; x_wconf 84' lang='lat' dir='ltr'><strong>Filius</strong></span> <span class='ocrx_word' id='word_1_609' title='bbox 1089 2376 1169 2405; x_wconf 88' lang='lat' dir='ltr'><strong>tuus,</strong></span> <span class='ocrx_word' id='word_1_610' title='bbox 1186 2375 1214 2398; x_wconf 88' lang='lat' dir='ltr'><strong>et</strong></span> <span class='ocrx_word' id='word_1_611' title='bbox 1229 2370 1347 2406; x_wconf 89' lang='lat' dir='ltr'><strong>Spiritus</strong></span> <span class='ocrx_word' id='word_1_612' title='bbox 1364 2373 1477 2397; x_wconf 87' lang='lat' dir='ltr'><strong>sanctus</strong></span> <span class='ocrx_word' id='word_1_613' title='bbox 1491 2371 1555 2396; x_wconf 86' lang='lat' dir='ltr'><strong>tuus</strong></span> <span class='ocrx_word' id='word_1_614' title='bbox 1570 2374 1683 2395; x_wconf 50' lang='lat' dir='ltr'><strong>conver‘</strong></span> 
     </span>
    </p>
   </div>
   <div class='ocr_carea' id='block_1_96' title="bbox 899 2423 1057 2446">
    <p class='ocr_par' dir='ltr' id='par_1_96' title="bbox 899 2423 1057 2446">
     <span class='ocr_line' id='line_1_96' title="bbox 899 2423 1057 2446; baseline -0.006 0"><span class='ocrx_word' id='word_1_615' title='bbox 899 2423 990 2446; x_wconf 84' lang='lat' dir='ltr'><strong>terunt</strong></span> <span class='ocrx_word' id='word_1_616' title='bbox 1003 2425 1057 2445; x_wconf 82' lang='lat' dir='ltr'><strong>me.</strong></span> 
     </span>
    </p>
   </div>
   <div class='ocr_carea' id='block_1_97' title="bbox 937 2460 1683 2498">
    <p class='ocr_par' dir='ltr' id='par_1_97' title="bbox 937 2460 1683 2498">
     <span class='ocr_line' id='line_1_97' title="bbox 937 2460 1683 2498; baseline -0.008 -6"><span class='ocrx_word' id='word_1_617' title='bbox 937 2465 981 2492; x_wconf 82' lang='grc'><strong>10.</strong></span> <span class='ocrx_word' id='word_1_618' title='bbox 997 2465 1141 2492; x_wconf 74' lang='lat' dir='ltr'><strong>Ctelestem</strong></span> <span class='ocrx_word' id='word_1_619' title='bbox 1160 2471 1283 2492; x_wconf 88' lang='lat' dir='ltr'><strong>mensam</strong></span> <span class='ocrx_word' id='word_1_620' title='bbox 1297 2466 1376 2491; x_wconf 85' lang='lat' dir='ltr'><strong>vocat</strong></span> <span class='ocrx_word' id='word_1_621' title='bbox 1395 2461 1553 2498; x_wconf 83' lang='lat' dir='ltr'><strong>mysterium</strong></span> <span class='ocrx_word' id='word_1_622' title='bbox 1570 2460 1683 2487; x_wconf 73' lang='lat' dir='ltr'><strong>immor-</strong></span> 
     </span>
    </p>
   </div>
   <div class='ocr_carea' id='block_1_98' title="bbox 898 2511 1524 2591">
    <p class='ocr_par' dir='ltr' id='par_1_98' title="bbox 898 2511 1524 2591">
     <span class='ocr_line' id='line_1_98' title="bbox 898 2511 1524 2591; baseline -0.006 -7"><span class='ocrx_word' id='word_1_623' title='bbox 898 2511 979 2583; x_wconf 45' lang='lat' dir='ltr'><strong>tali-1.</strong></span> <span class='ocrx_word' id='word_1_624' title='bbox 993 2555 1089 2584; x_wconf 78' lang='lat' dir='ltr'><strong>Oleum</strong></span> <span class='ocrx_word' id='word_1_625' title='bbox 1106 2555 1172 2583; x_wconf 88' lang='lat' dir='ltr'><strong>dicit</strong></span> <span class='ocrx_word' id='word_1_626' title='bbox 1186 2555 1280 2591; x_wconf 67' lang='lat' dir='ltr'><strong>gratia:</strong></span> <span class='ocrx_word' id='word_1_627' title='bbox 1293 2554 1412 2590; x_wconf 86' lang='lat' dir='ltr'><strong>Spiritus</strong></span> <span class='ocrx_word' id='word_1_628' title='bbox 1426 2548 1524 2581; x_wconf 77' lang='lat' dir='ltr'><strong>sancti.</strong></span> 
     </span>
    </p>
   </div>
   <div class='ocr_carea' id='block_1_99' title="bbox 540 2653 1213 2698">
    <p class='ocr_par' dir='ltr' id='par_1_99' title="bbox 540 2653 1213 2698">
     <span class='ocr_line' id='line_1_99' title="bbox 540 2653 1213 2698; baseline -0.012 -6"><span class='ocrx_word' id='word_1_629' title='bbox 540 2659 695 2692; x_wconf 75' lang='lat' dir='ltr'><strong>Addenda</strong></span> <span class='ocrx_word' id='word_1_630' title='bbox 716 2663 748 2692; x_wconf 86' lang='lat' dir='ltr'><strong>et</strong></span> <span class='ocrx_word' id='word_1_631' title='bbox 764 2657 951 2698; x_wconf 77' lang='lat' dir='ltr'><strong>corrigenda</strong></span> <span class='ocrx_word' id='word_1_632' title='bbox 974 2665 1013 2688; x_wconf 82' lang='lat' dir='ltr'><strong>ex</strong></span> <span class='ocrx_word' id='word_1_633' title='bbox 1027 2654 1096 2686; x_wconf 88' lang='lat' dir='ltr'><strong>cod.</strong></span> <span class='ocrx_word' id='word_1_634' title='bbox 1111 2653 1213 2685; x_wconf 81' lang='lat' dir='ltr'><strong>Vatic.</strong></span> 
     </span>
    </p>
   </div>
   <div class='ocr_carea' id='block_1_100' title="bbox 98 2730 410 2803">
    <p class='ocr_par' dir='ltr' id='par_1_100' title="bbox 98 2730 410 2803">
     <span class='ocr_line' id='line_1_100' title="bbox 98 2730 410 2803; baseline -0.006 -9"><span class='ocrx_word' id='word_1_635' title='bbox 98 2731 139 2803; x_wconf 67' lang='grc' dir='ltr'><strong>ἱὲἶ</strong></span> <span class='ocrx_word' id='word_1_636' title='bbox 161 2730 410 2803; x_wconf 53' lang='grc' dir='ltr'><strong>ῗὲὲέκέῆὲἓνξῖῖ</strong></span> 
     </span>
    </p>
   </div>
   <div class='ocr_carea' id='block_1_101' title="bbox 110 2765 657 2803">
    <p class='ocr_par' dir='ltr' id='par_1_101' title="bbox 110 2765 657 2803">
     <span class='ocr_line' id='line_1_101' title="bbox 110 2765 657 2803; baseline -0.002 -9"><span class='ocrx_word' id='word_1_637' title='bbox 110 2768 138 2802; x_wconf 74' lang='lat'><strong>2)</strong></span> <span class='ocrx_word' id='word_1_638' title='bbox 162 2765 312 2803; x_wconf 25' lang='grc' dir='ltr'><strong>ᾙΑδιᾰντῆξ</strong></span> <span class='ocrx_word' id='word_1_639' title='bbox 326 2765 510 2803; x_wconf 58' lang='grc' dir='ltr'>κιννασᾴρεως</span> <span class='ocrx_word' id='word_1_640' title='bbox 524 2766 657 2803; x_wconf 80' lang='grc' dir='ltr'>περιέχει.</span> 
     </span>
    </p>
   </div>
   <div class='ocr_carea' id='block_1_102' title="bbox 99 2801 521 2838">
    <p class='ocr_par' dir='ltr' id='par_1_102' title="bbox 99 2801 521 2838">
     <span class='ocr_line' id='line_1_102' title="bbox 99 2801 521 2838; baseline 0 -8"><span class='ocrx_word' id='word_1_641' title='bbox 99 2801 140 2838; x_wconf 74' lang='lat'><strong>(3)</strong></span> <span class='ocrx_word' id='word_1_642' title='bbox 159 2801 272 2836; x_wconf 82' lang='grc' dir='ltr'>Τίθησιν</span> <span class='ocrx_word' id='word_1_643' title='bbox 287 2801 357 2838; x_wconf 76' lang='grc' dir='ltr'>ὑπὲρ</span> <span class='ocrx_word' id='word_1_644' title='bbox 371 2801 521 2838; x_wconf 82' lang='grc' dir='ltr'>προϐάτων.</span> 
     </span>
    </p>
   </div>
   <div class='ocr_carea' id='block_1_103' title="bbox 939 2725 1464 2770">
    <p class='ocr_par' dir='ltr' id='par_1_103' title="bbox 939 2725 1464 2770">
     <span class='ocr_line' id='line_1_103' title="bbox 939 2725 1464 2770; baseline -0.002 0"><span class='ocrx_word' id='word_1_645' title='bbox 939 2729 978 2770; x_wconf 64' lang='grc' dir='ltr'><strong>(ξ)</strong></span> <span class='ocrx_word' id='word_1_646' title='bbox 1036 2727 1064 2770; x_wconf 71' lang='grc' dir='ltr'>ι·</span> <span class='ocrx_word' id='word_1_647' title='bbox 1084 2727 1225 2770; x_wconf 54' lang='lat' dir='ltr'><strong>eme»;</strong></span> <span class='ocrx_word' id='word_1_648' title='bbox 1240 2725 1289 2761; x_wconf 71' lang='grc' dir='ltr'><strong>τὴν</strong></span> <span class='ocrx_word' id='word_1_649' title='bbox 1300 2725 1464 2770; x_wconf 45' lang='lat' dir='ltr'><strong>Miam-</strong></span> 
     </span>
    </p>
   </div>
   <div class='ocr_carea' id='block_1_104' title="bbox 938 2763 1412 2801">
    <p class='ocr_par' dir='ltr' id='par_1_104' title="bbox 938 2763 1412 2801">
     <span class='ocr_line' id='line_1_104' title="bbox 938 2763 1412 2801; baseline -0.011 -9"><span class='ocrx_word' id='word_1_650' title='bbox 938 2764 976 2801; x_wconf 85' lang='lat'><strong>(5)</strong></span> <span class='ocrx_word' id='word_1_651' title='bbox 989 2764 1022 2792; x_wconf 82' lang='lat' dir='ltr'><strong>N.</strong></span> <span class='ocrx_word' id='word_1_652' title='bbox 1038 2764 1064 2791; x_wconf 81' lang='grc'>5.</span> <span class='ocrx_word' id='word_1_653' title='bbox 1084 2763 1215 2798; x_wconf 80' lang='grc' dir='ltr'>Ὤδήγησέ</span> <span class='ocrx_word' id='word_1_654' title='bbox 1233 2769 1300 2797; x_wconf 86' lang='grc' dir='ltr'>με...</span> <span class='ocrx_word' id='word_1_655' title='bbox 1319 2763 1412 2788; x_wconf 77' lang='grc' dir='ltr'>αὑτοῦ.</span> 
     </span>
    </p>
   </div>
  </div>
