1919 3051
202 129 255 158 755

236 189 281 217 1ο.
296 187 331 216 Et
345 192 371 216 te
387 189 504 217 sustinui
520 194 574 218 tota
588 190 642 218 die.

237 234 281 261 11.
297 234 482 262 lieminiscere
496 236 703 263 miserationum
721 241 841 270 tuarum.
860 237 983 272 Domine,

237 281 282 310 12.
292 281 324 308 Ει
333 283 579 310 misericordiarum
587 288 705 316 tuarum,
714 292 774 319 qua
783 293 796 311 a
806 286 903 312 saeculo
912 290 985 314 sunt.

244 329 288 355 15.
304 328 403 355 Delicta
418 329 570 363 juventutis
587 337 653 357 mea:
664 350 671 362 ,
687 334 713 357 ct
730 331 897 366 ignorantias
913 339 987 360 meas

202 382 236 401 ne
250 374 405 401 memineris
419 381 426 400 :

238 418 438 446 11.ὃιιουιιι1υιη
447 420 658 449 miscricordiam
665 427 739 450 tuam
748 428 882 453 memento
888 425 939 453 mei
947 429 986 459 tu,

239 465 283 492 15.
299 464 410 499 Propter
422 466 568 493 bonitatem
585 472 671 499 luant,
688 468 811 497 Domine.

238 510 282 537 16.
300 510 392 537 Dulcis
408 516 434 538 et
447 517 536 540 rectus
553 511 694 546 Dominus,

238 556 282 583 17.
293 556 405 591 Propter
418 557 468 584 hoc
483 558 567 593 legem
581 559 657 586 dabit
668 559 887 595 delinquentibus
897 562 924 589 in
933 563 987 590 via.

239 601 282 628 18.
298 602 399 638 Dirigct
412 608 570 632 mansuetos
585 605 610 631 in
625 605 739 639 judicio,

239 647 283 674 19.
300 647 410 674 Docebit
427 653 507 676 untes
519 649 576 677 vias
590 658 666 679 suns.

238 693 284 721 20.
301 692 439 721 Universae
454 695 502 722 via:
517 694 624 723 Domini
640 696 827 725 misericordia
839 702 865 725 et
877 699 988 733 veritas,

238 739 284 767 2i.
301 739 513 775 Requirentibus
526 745 717 770 testamentum
730 743 800 779 ejus,
820 749 847 772 et
865 745 989 773 testimo-

205 785 249 812 nia
266 787 335 819 ejus.

239 831 285 859 22.
300 831 413 867 Propter
428 839 528 860 nomen
543 837 630 866 tuum,
650 835 772 868 Domine,

238 877 282 905 25.
297 877 329 904 Et
347 879 494 912 propitiare
508 885 618 913 peccato
633 888 710 912 meo;
724 881 838 907 mullum
853 885 895 909 est
903 882 986 909 enim.

238 923 282 950 24.
302 923 370 956 Quis
383 928 424 951 est
438 924 529 956 homoI
542 925 589 959 qui
603 925 678 952 timet
694 925 861 953 Dominum?

237 969 284 996 25.
301 969 396 1005 Lugent
412 975 511 997 statuet
527 971 551 997 ei
570 971 596 997 in
613 971 666 1002 via,
682 980 763 1006 quam
781 972 870 1007 elegit.

240 1014 285 1041 26.
301 1014 397 1042 Anima
412 1015 472 1049 ejus
485 1016 510 1042 in
527 1016 605 1043 bouis
621 1016 807 1044 demorabitur
821 1026 828 1044 :

240 1059 285 1087 27.
305 1059 337 1087 Et
351 1068 441 1088 semen
456 1061 516 1096 ejus
530 1062 697 1090 Inereditahit
712 1067 822 1090 terram.

241 1105 287 1134 28.
303 1105 520 1148 Firmamentum
534 1112 578 1136 est
588 1107 721 1136 Dominus
736 1109 895 1136 timentibus
907 1115 968 1136 eum
982 1117 989 1136 :

623 132 652 160 S.
673 132 860 163 ATHANASII
879 133 955 164 OPP.
974 135 1063 163 PARS
1082 134 1124 162 111.
1144 150 1179 156 -
1195 133 1399 162 EXEGETICA.

1773 133 1832 161 738

996 196 1018 224 Α
1068 191 1111 218 10.
1128 191 1182 218 Καί
1195 199 1225 217 σε
1240 191 1373 227 ὑπέμεινα
1387 191 1452 225 ὅλην
1462 191 1512 226 τὴν
1527 189 1643 225 ἡμέραν.

1074 238 1116 263 11.
1131 237 1274 272 Μνήσῠητι
1290 237 1342 264 τῶν
1354 236 1503 272 οἰκτιρμῶν
1519 244 1577 267 σου,
1591 235 1687 271 Κύριε,

1077 283 1118 310 12.
1136 283 1190 309 Καὶ
1203 282 1237 308 τὰ
1252 282 1313 317 ἐλέη
1328 290 1385 314 σου,
1401 282 1441 307 ὅτι
1456 281 1510 307 ﬁt?)
1523 280 1570 306 τοῦ
1585 279 1682 311 αἰῶνός
1696 279 1782 306 slew.

1074 329 1116 355 15.
1140 327 1290 364 Ἀμαρτίας
1305 327 1433 363 νεότητάς
1453 335 1515 362 μου,
1531 327 1577 353 καὶ
1593 325 1702 360 ἀγνοίας
1716 333 1772 360 μου
1792 324 1833 361 μὴ

1038 373 1159 409 μνησθῇς
1168 381 1174 386 ·

1074 419 1116 446 14.
1135 418 1213 445 Κατὰ
1226 418 1256 444 τὸ
1268 418 1341 449 ἔλεός
1358 426 1404 444 σου
1421 416 1555 453 μνήσθητί
1572 424 1622 451 μου
1637 415 1680 447 σὺ,

1075 466 1119 493 15.
1136 466 1249 492 ’Ἕνεκεν
1264 465 1315 500 τῆς
1328 463 1513 500 χρηστότητος
1527 471 1584 495 σου,
1599 461 1697 497 Κύριε.

1075 512 1117 538 16.
1135 511 1258 547 Χρηστὸς
1274 510 1319 537 καὶ
1334 510 1413 542 εὐθὺς
1429 511 1443 536 ὁ
1460 509 1576 545 Κύριος·

1077 559 1120 585 17.
1136 558 1186 584 Διὰ
1202 557 1281 584 τοῦτο
1301 556 1476 592 νομοθετήσει
1498 556 1704 592 ἁμαρτάνοντας
1715 555 1748 580 δν
1763 551 1832 588 ὀδῷ.

1075 605 1118 633 18.
1139 604 1281 639 Ὀδηγήσει
1297 604 1394 638 πραεῖς
1409 604 1437 629 ἐν
1452 603 1552 638 κρίσει,

1074 651 1118 678 19.
1135 650 1240 682 Διδάξει
1257 650 1353 684 πραεῖς
1369 648 1444 679 ὀδοὺς
1459 648 1552 675 αὑτοῦ.

1072 697 1117 724 20.
1134 697 1222 723 Πᾶσαι
1238 695 1266 721 αἱ
1281 694 1336 721 ὁδοὶ
1350 694 1452 730 Κυρίου
1465 694 1538 726 ἕλεος
1550 694 1597 721 καὶ
1609 694 1737 729 ἀλήθεια,

1073 742 1118 769 21.
1136 742 1198 773 Τοῖς
1219 739 1362 776 ἐκζητοῦσι
1384 740 1434 775 τὴν
1449 739 1582 775 διαθήκην
1601 739 1702 773 αὐτοῦ,
1728 739 1781 766 καὶ
1797 739 1834 766 τὰ

1041 788 1178 826 μαρτύρια
1194 787 1286 815 αὑτοῦ.

1074 834 1120 861 22.
1134 834 1247 860 Ἕνεκεν
1261 834 1308 860 τοῦ
1321 834 1451 870 ὀνόματος
1463 841 1520 864 σου,
1535 832 1630 868 Κύριε,

1073 881 1118 908 25.
1133 880 1187 906 Καὶ
1201 879 1323 915 ὶλάσθητι
1337 882 1370 916 τῇ
1386 880 1507 915 ἁμαρτίᾳ
1518 887 1582 914 μου⁸
1597 877 1680 912 πολλὴ
1691 877 1747 912 γάρ
1759 877 1831 903 ἐστι.

1074 926 1119 953 24.
1133 926 1181 958 Τίς
1199 927 1272 952 ἐστιν
1287 927 1429 961 ἄνθρωπος
1441 927 1455 952 ὁ
1466 925 1632 960 φοὸοὑμενος
1644 925 1690 950 τὸν
1706 922 1831 959 Κύριον;

1076 972 1122 1000 25.
1137 972 1322 1008 Νομοθετὴσει
1337 972 1411 1007 αὐτῷ
1425 973 1454 999 ἐν
1467 971 1528 1007 ὀδῷ,
1574 971 1728 1007 ῄρετὶσατο.

1075 1018 1121 1045 26.
1140 1018 1172 1045 Ἠ
1187 1018 1260 1054 ψυχὴ
1275 1017 1357 1045 αὑτοῦ
1374 1019 1403 1045 ἐν
1420 1019 1531 1052 ἀγαθοῖς
1546 1017 1739 1052 αὑλισθήσεται
1749 1024 1758 1030 ·

1076 1064 1121 1091 27.
1139 1065 1195 1090 Καὶ
1207 1064 1237 1090 τὸ
1256 1064 1366 1099 σπέρμα
1382 1064 1464 1091 αὑτοῦ
1479 1063 1677 1099 κληρονομήσει
1691 1061 1757 1096 γῆν.

1078 1109 1123 1137 28.
1141 1109 1312 1145 Κραταίωμα
1328 1109 1431 1145 Κύριος
1445 1109 1499 1136 τῶν
1512 1107 1684 1144 φοϐουμένων
1697 1106 1781 1134 αὐτόν
1797 1114 1805 1122 ’

766 1185 956 1214 ATHANASII
974 1186 1265 1215 INTERPRETATIO.

243 1263 288 1291 10.
304 1263 419 1297 Quando
431 1271 491 1291 sum
511 1264 539 1292 in
553 1263 625 1298 luce,
640 1269 766 1300 exspecto
788 1268 824 1297 te,
838 1268 866 1292 et
876 1265 994 1300 promis-

208 1309 313 1338 sionem
329 1313 413 1336 tuam.

243 1355 287 1388 11,
306 1355 349 1383 12.
367 1354 529 1388 Recordare,
546 1354 670 1386 Domine,
684 1355 814 1389 quoniam
837 1355 994 1382 misericors

208 1409 249 1432 ea,
265 1405 292 1428 et
313 1401 385 1435 quod
406 1408 422 1427 a
438 1400 538 1427 saeculo
553 1401 720 1428 consuevisti
743 1401 866 1428 misereri
886 1408 992 1433 eorum,

209 1446 255 1481 qui
271 1446 318 1473 tibi
335 1453 363 1473 se
378 1449 562 1480 prosternunt.
875 1447 877 1449 ’

243 1491 289 1519 15.
312 1491 478 1519 Obliviscere
502 1491 625 1519 omnium
648 1496 822 1526 peccatorum
851 1499 990 1524 meorum,

209 1544 270 1572 quae
281 1537 400 1572 juvenis,
417 1541 444 1564 et
458 1537 612 1572 ignorantia
627 1537 725 1564 ductus
742 1537 878 1565 commisi.

244 1582 289 1615 ﬂ,
303 1583 348 1610 15.
365 1582 478 1618 Propter
491 1582 635 1612 bonitatem
649 1587 739 1615 tuam,
751 1582 873 1610 Domine.
892 1582 993 1616 Quem-

209 1629 354 1656 admodum
369 1636 469 1664 magna
486 1633 528 1657 est
544 1633 591 1656 tua
608 1629 805 1662 misericordia,
831 1628 868 1656 ita
881 1630 932 1656 mei
950 1636 993 1657 re-

209 1674 336 1702 cordatus
348 1674 460 1708 dignum
473 1674 517 1701 fac
529 1682 573 1701 me
585 1674 775 1702 misericordia
791 1678 847 1705 tua.
861 1674 993 1709 quoniam

210 1725 238 1748 tu
252 1720 340 1749 facilis
357 1728 387 1749 es
406 1720 440 1748 ad
460 1720 668 1755 excipiendum,
687 1725 715 1748 et
730 1720 859 1748 omnibus
879 1720 993 1755 teipsum

210 1766 324 1802 praebes.

245 1811 288 1840 16.
304 1811 436 1845 Quoniam
448 1812 538 1840 bonus
552 1815 604 1845 est,
618 1815 646 1839 et
661 1811 830 1844 misericors,

245 1857 288 1885 17.
303 1856 448 1892 Propterea
463 1861 619 1892 peccatores
634 1857 668 1885 ad
682 1864 712 1885 se
726 1858 872 1886 convertit.

247 1947 290 1980 18,
306 1947 350 1975 19.
371 1947 489 1974 Deducet
504 1947 530 1974 in
543 1947 681 1975 veritatem
697 1954 763 1980 eos,
780 1947 826 1982 qui
844 1947 869 1975 ei
887 1955 941 1975 non
957 1956 997 1976 re

1083 1265 1127 1293 10.
1147 1265 1243 1292 Ἠνίκα
1257 1265 1316 1301 είμὶ
1328 1266 1358 1292 ἐν
1374 1264 1413 1300 τῷ
1427 1264 1510 1299 φωτὶ,
1526 1262 1712 1298 ἁπεκδέχομαί
1725 1270 1767 1295 σε,
1784 1262 1831 1289 καὶ

1044 1310 1093 1346 τὴν
1107 1310 1272 1344 ἐπαγγελίαν
1287 1318 1343 1336 σου.

1081 1355 1125 1388 11,
1143 1355 1186 1381 12.
1204 1354 1362 1390 Μνήσθητι,
1384 1353 1471 1388 Κύριε
1482 1373 1489 1385 ,
1506 1353 1547 1380 ὄτι
1568 1352 1718 1388 οἰκτίρμων
1732 1350 1770 1386 εἴ,
1785 1353 1831 1379 καὶ

1044 1401 1085 1427 ὃτι
1105 1401 1152 1426 ἀπ’
1169 1400 1267 1432 αἰῶνος
1282 1399 1360 1426 εἴωθε
1383 1399 1421 1435 (1)
1438 1399 1522 1426 ἐλεεῖν
1535 1399 1596 1431 τοὺς
1610 1398 1831 1434 προσπίπτοντας

1045 1454 1095 1472 σοι.

1078 1490 1121 1517 15.
1138 1489 1232 1525 Λήθην
1246 1490 1354 1516 πάντων
1368 1489 1480 1525 ποίησον
1492 1488 1547 1515 τῶν
1558 1488 1699 1524 ἁμαρτιῶν
1717 1497 1781 1524 μου,
1794 1485 1830 1516 ὧν

1042 1535 1194 1571 πεποίημαι
1210 1535 1269 1567 νέος
1280 1535 1328 1568 ὢν,
1345 1535 1391 1562 καὶ
1404 1535 1499 1571 ἀγνοίᾳ
1512 1535 1660 1570 φερόμενος

1080 1582 1124 1616 14,
1141 1583 1183 1609 15.
1204 1583 1330 1610 Ἕνεκεν
1347 1582 1402 1616 τῆς
1412 1582 1618 1616 χρηστότητός
1633 1589 1692 1608 σου
1703 1600 1711 1612 ,
1731 1581 1828 1614 Κύριε.

1044 1628 1148 1664 Ὠσπερ
1163 1627 1234 1663 μέγα
1251 1637 1296 1655 σου
1309 1628 1339 1655 τὸ
1353 1628 1426 1659 ἔλεός
1439 1628 1523 1658 ἐστιν,
1536 1627 1622 1658 οὕτως
1638 1635 1688 1662 μου
1702 1626 1830 1662 μνησθεὶς

1043 1674 1157 1708 ἀξίωσον
1173 1683 1207 1710 με
1221 1674 1268 1701 τοῦ
1286 1674 1377 1706 ἐλέους
1395 1682 1440 1700 σου
1451 1694 1458 1706 ,
1476 1674 1568 1700 ἕνεκεν
1585 1673 1632 1699 τοῦ
1650 1671 1719 1699 εἷναί
1740 1681 1769 1698 σε
1785 1673 1830 1698 εὑ-

1044 1721 1167 1756 πάραχον
1182 1720 1392 1757 [εὐπαράδοχον]
1407 1720 1457 1756 (a),
1479 1720 1525 1754 καὶ
1543 1720 1626 1746 πᾶσιν
1642 1719 1738 1746 ἑαυτὸν
1761 1727 1828 1754 παρ-

1044 1767 1129 1802 έχειν.

1082 1813 1125 1840 16.
1144 1812 1252 1848 Ἐπειδὴ
1267 1812 1370 1846 ἀγαθός
1383 1812 1441 1839 ἐστι
1458 1811 1505 1839 καὶ
1520 1812 1654 1847 ἐλεήμων,

1081 1859 1124 1886 17.
1142 1859 1191 1885 Διὰ
1202 1858 1280 1886 τοῦτο
1294 1859 1354 1890 τοὺς
1367 1858 1574 1894 ἁμαρτάνοντας
1588 1856 1748 1893 ἐπιστρέφει
1763 1856 1826 1892 πρὸς

1046 1904 1136 1932 αὐτόν.

1083 1951 1127 1984 18,
1147 1951 1191 1978 19.
1210 1951 1353 1987 Ὀδηγήσει
1372 1951 1412 1983 είς
1425 1950 1554 1986 ἀλήθειαν
1569 1951 1633 1982 τοὺς
1649 1950 1686 1985 μὴ
1706 1948 1826 1976 ἀνθιστα-

210 1994 322 2026 sislunt,
337 1997 364 2021 et
376 1993 484 2021 docebit
498 2001 555 2025 eos,
567 1993 614 2032 qui
629 1993 654 2020 ei
668 1993 835 2027 auscultant,
857 1993 996 2028 quomodo

1071 1996 1144 2028 ένους
1151 1996 1234 2031 αὐτῷ,
1244 1998 1290 2024 καὶ
1300 1997 1399 2030 διδάξει
1407 1998 1469 2034 τοὺς
1480 1996 1665 2027 ὑπακούοντας
1676 1994 1760 2030 αὐτῷ,
1773 1994 1826 2026 πῶς

211 2038 368 2074 perveniant
381 2039 408 2065 in
426 2045 538 2073 regnum
552 2038 696 2066 caelorum.

246 2085 291 2118 20,
306 2084 350 2111 21.
365 2083 462 2112 Omnia
482 2084 609 2111 mandata
623 2083 729 2111 Domini
750 2084 937 2112 misericordia
948 2106 955 2118 ,
970 2089 998 2112 et

1047 2043 1159 2069 ἔλθωσιν
1172 2044 1211 2075 εἰς
1223 2044 1273 2079 τὴν
1288 2043 1425 2079 βασιλείαν
1438 2043 1491 2070 τῶν
1504 2043 1636 2079 οὐρανῶν.

1078 2089 1122 2122 20,
1141 2089 1186 2116 2|.
1202 2090 1291 2116 Πᾶσαι
1309 2091 1337 2116 αἱ
1356 2090 1461 2116 ἐντολαὶ
1475 2089 1577 2125 Κυρέου
1597 2087 1763 2123 ἐλεημοσύνη
1782 2085 1825 2113 καὶ

212 2130 279 2158 ﬁdes
298 2135 362 2158 sunt
382 2129 537 2158 volentibus
559 2130 671 2165 implere
688 2129 772 2158 Vetus
793 2129 996 2158 Testamentum

1071 2134 1138 2166 ἰστις
1155 2136 1207 2161 εἰσὶ
1222 2137 1277 2166 τοῖς
1290 2135 1394 2162 Οέλουσι
1416 2135 1557 2170 πληρῶσαι
1572 2134 1621 2169 τὴν
1637 2133 1757 2160 Παλαιὰν
1769 2133 1825 2159 Δια-

212 2176 360 2206 secundum
376 2184 425 2210 ea,
437 2184 499 2212 quae
515 2184 530 2203 a
546 2176 671 2208 Domino,
685 2179 712 2204 et
729 2177 763 2204 ab
779 2177 846 2212 ipsis
865 2177 995 2212 apostolis

1071 2181 1134 2217 ῇκην
1148 2181 1219 2208 κατὰ
1235 2182 1272 2216 (2)
1287 2181 1340 2208 ὑπὸ
1354 2181 1400 2208 τοῦ
1418 2181 1520 2217 Κυρίου
1540 2179 1703 2215 λαληθὲν-τα,
1718 2178 1824 2205 καὶτῶν

212 2223 282 2250 dicta
298 2227 372 2251 sunt.

246 2269 291 2301 2‘2,
306 2269 352 2296 25.
369 2269 462 2304 Agnus
476 2270 524 2297 Dei
541 2270 686 2303 exsistens,
702 2275 729 2298 et
742 2270 839 2298 tollens
853 2274 994 2305 peccatum

212 2322 321 2346 meum;
336 2316 450 2343 multum
467 2316 539 2343 enim
556 2319 607 2343 est.

238 2372 241 2375 η
254 2361 293 2389 25.
306 2361 374 2395 Quis
387 2366 430 2389 est
444 2362 488 2389 ille
498 2382 505 2394 ,
519 2362 567 2398 qui
590 2362 692 2398 cogitet
708 2361 792 2390 Deum
815 2361 995 2396 inspectorem

212 2407 313 2436 habere
324 2408 335 2434 ’ἔ

247 2453 293 2481 25.
310 2452 422 2480 Erudiet
435 2461 496 2480 eum
513 2454 540 2480 in
553 2453 695 2489 praeceptis
711 2454 778 2481 suis.

248 2499 294 2527 9.6.
312 2498 340 2527 In
357 2499 425 2527 locis
439 2500 640 2534 supercmlestis
657 2499 786 2528 civitatis.

248 2545 295 2573 27.
312 2545 462 2581 Supernam
481 2549 580 2572 terram
593 2545 738 2580 signiﬁcat.

249 2591 294 2619 28.
309 2591 462 2619 Auxiliator
473 2596 514 2619 est
527 2591 658 2620 Dominus
670 2593 822 2620 timentium
835 2600 909 2620 eum.

1048 2227 1203 2254 ἀποστόλων
1216 2228 1315 2254 αὐτῶν.

1081 2273 1127 2304 22,
1139 2273 1183 2301 25.
1200 2273 1237 2308 (ὅ)
1256 2274 1285 2300 '0
1297 2274 1426 2309 ὑπάρχων
1443 2272 1541 2308 Ἀμνδς
1564 2271 1612 2298 τοῦ
1629 2268 1708 2303 Θεοῦ,
1720 2272 1734 2297 ὁ
1747 2270 1823 2306 αἴρων

1046 2319 1095 2355 τὴν
1107 2319 1244 2355 ἁμαρτίαν
1260 2328 1310 2355 μου
1323 2327 1329 2334 ·
1345 2319 1429 2355 πολλὴ
1445 2319 1499 2354 γάρ
1513 2319 1596 2345 ἐστιν.

1080 2365 1126 2392 24.
1143 2365 1190 2396 Τίς
1213 2366 1287 2391 ἐστιν
1308 2365 1411 2396 ἐκεῖνος
1429 2366 1444 2392 ὁ
1465 2364 1561 2391 ἐννοῶν
1584 2362 1745 2401 (Δλέφορον
1760 2361 1822 2397 ἔχειν

1046 2410 1092 2437 τὸν
1102 2411 1183 2444 Θεόνς

1082 2455 1128 2482 25.
1136 2456 1308 2491 Στοιχειώσει
1321 2457 1401 2483 αὑτὸν
1414 2457 1442 2483 ἐν
1454 2457 1513 2488 ταῖς
1524 2455 1643 2487 ἐντολαῖς
1650 2454 1744 2482 αὑτοῦ.

1083 2501 1100 2526 2
1111 2503 1127 2528 ί.
1147 2502 1192 2528 Ἐν
1203 2502 1296 2533 τόποις
1311 2502 1362 2538 τῆς
1375 2501 1533 2538 ἐπουρανίου
1546 2501 1658 2532 πόλεως.

1087 2546 1131 2573 27.
1147 2547 1201 2582 Τὴν
1218 2548 1274 2574 ἀνω
1286 2547 1359 2582 λέγει
1375 2548 1437 2583 γῆν.

1084 2593 1128 2620 28.
1139 2594 1239 2629 Βοηθός
1245 2596 1302 2621 ἐστι
1310 2595 1410 2630 Κύριος
1418 2595 1432 2621 ὁ
1440 2594 1493 2621 τῶν
1502 2593 1538 2630 (5)
1551 2592 1724 2628 φοϐουμένων
1739 2592 1818 2620 αὐτόν.

687 2659 839 2691 Addenda
854 2662 885 2690 et
906 2659 1093 2699 corrigenda
1111 2670 1150 2691 ex
1168 2663 1239 2694 cod.
1257 2663 1358 2694 Vatic.

266 2720 292 2756 1)
308 2720 425 2753 Εἴωθας.

264 2757 292 2789 2)
309 2756 363 2782 Καὶ
377 2756 420 2784 τά.

250 2791 288 2827 (3)
305 2791 416 2818 Ἕνεκεν
432 2791 478 2818 τοῦ
504 2791 632 2828 ὀνόματός
649 2799 711 2823 σου,
724 2792 739 2818 ό
755 2790 851 2826 ’Δμνδς
868 2790 1001 2826 ὑπάρχων

255 2847 294 2884 (a)
311 2847 467 2885 Legendum
482 2850 572 2885 potius
597 2848 759 2885 εὐπάροχον.
775 2847 855 2876 Eon.

1051 2721 1098 2749 τοῦ
1105 2722 1186 2760 ῌΘεοῦ,
1203 2721 1268 2759 ἆρον
1281 2725 1340 2760 τήν.

1087 2758 1124 2792 (4)
1139 2759 1174 2794 [0
1187 2758 1370 2794 ἐννοούμενος.
1388 2759 1392 2772 ¹

1085 2795 1121 2833 (5)
1137 2793 1250 2831 Βοήθεια
1265 2793 1337 2829 λέγει
1349 2793 1450 2831 Κύριος
1464 2793 1529 2826 τῶν,
1544 2797 1598 2821 etc.
