1896 3052
224 128 276 160 739

254 189 284 218 2.
298 189 329 218 Et
344 189 372 217 in
386 189 503 218 Domino
518 197 641 225 sperans,
658 197 711 218 non
729 190 898 219 iniirmabor.

254 236 283 265 5.
297 235 383 264 Proba
399 244 453 269 me,
468 235 593 270 Domine,
607 241 635 264 et
650 240 724 264 tenta
739 244 800 264 me:

255 283 282 312 4.
297 281 352 311 Ure
363 290 442 310 renes
457 290 542 315 meos,
555 287 582 310 et
593 289 642 310 cor
656 290 758 310 meum.

644 130 674 157 S.
693 128 877 157 ATHANASII
894 128 970 158 OPP.
989 129 1081 158 PARS
1101 130 1146 159 Ill.
1167 144 1204 152 —
1220 128 1430 158 EXEGETICA.
1795 128 1860 158 τω

1019 195 1041 223 Α
1089 193 1116 220 2.
1133 193 1186 219 Kal
1198 192 1244 218 ἐπὶ
1257 191 1296 227 τῷ
1310 191 1406 227 Κυρίῳ
1416 190 1546 224 ιλπίζων,
1563 190 1593 217 οὒ
1609 190 1646 225 μὴ
1660 189 1830 226 ἀσθενήω.

1087 239 1113 266 5.
1131 239 1281 274 Δοκίμασόν
1296 246 1340 273 με,
1360 237 1456 272 Κύριε,
1471 237 1518 263 καὶ
1534 236 1664 272 πείρασόν
1678 244 1730 271 με·

1091 284 1117 311 ὅ.
1135 283 1265 319 Ιιύρωσον
1288 283 1351 315 τοὺς
1372 281 1487 318 νεφρούς
1514 290 1564 318 μου
1584 282 1631 308 καὶ
1651 281 1701 316 τὴν
1727 281 1859 317 καρδίαν

255 368 282 396 5.
296 368 431 402 Quoniam
452 368 641 397 misericordia
666 374 714 397 tua
737 375 799 398 ante
812 370 908 398 oculos
930 378 1006 399 meos

1090 339 1110 356 ιυ
1125 339 1132 346 ³

1091 376 1118 403 5.
1133 376 1194 402 Ὀτι
1210 375 1241 402 τὺ
1253 375 1326 407 ἔλεός
1342 383 1388 402 σου
1401 374 1545 402 κατέναντι
1559 374 1613 400 τῶν
1627 373 1780 409 ὀφθαλμῶν
1798 371 1861 407 μού

1090 431 1136 454 τι,

255 457 282 488 6.
296 457 329 486 Et
340 459 490 494 complacui
504 460 532 487 in
543 460 655 487 veritate
671 465 727 487 tua.

255 503 282 530 7.
300 502 357 531 Non
374 504 431 531 sedi
444 512 506 531 cum
523 505 638 532 concilio
651 505 799 532 vanitatis:

255 550 282 576 8.
299 548 330 576 Et
348 557 409 577 cum
427 550 520 584 iniqua
536 550 693 585 gerentibus
708 558 762 578 non
777 551 917 579 introibo:

255 594 282 622 9.
294 594 372 622 Odivi
385 596 529 623 ecclesiam
545 596 767 632 malignantium.

256 639 301 667 1ο.
320 639 429 667 Etcum
447 641 540 676 impiis
555 649 608 668 non
625 641 736 669 sedebo.

257 684 300 712 11.
315 684 424 713 Lavabo
439 686 508 713 inter
521 686 678 714 innocentes
691 694 789 714 manus
806 694 899 714 meas:

259 730 302 758 12.
321 731 354 759 Et
364 732 538 759 eircumdabo
556 733 639 760 altare
653 736 742 764 tuum,
757 732 882 766 Domine,

257 776 302 804 13.
316 776 352 804 Ut
363 775 405 812 [ut
421 776 481 813 ego]
498 778 607 805 audiam
620 785 712 805 vocem
724 777 825 810 laudis,

1091 468 1118 496 6.
1135 468 1190 495 Kal
1202 467 1372 503 εὐηρέστησα
1389 467 1417 492 ἐν
1428 467 1460 501 τῇ
1475 465 1589 501 ἀληθείᾳ
1605 474 1664 492 σου.

1093 514 1118 540 7.
1134 513 1191 540 Οὐκ
1203 512 1317 539 ἐκάθισα
1331 511 1399 547 μετὰ
1412 511 1551 546 συνεδρίου
1569 511 1752 546 ματαιότητος
1764 518 1774 526 ·

1091 559 1118 586 8.
1134 559 1188 585 Kal
1203 558 1272 594 μετὰ
1290 557 1519 593 παρανομούντων
1532 556 1563 582 οὐ
1578 556 1615 591 μὴ
1628 556 1756 584 εἰσέλθω.

1093 605 1120 632 9.
1142 605 1276 640 Ἐμίσησα
1293 604 1440 638 ἐκκλησίαν
1451 602 1674 638 πονηρευομένων
1684 610 1691 617 ·

1092 651 1136 678 10.
1154 651 1209 677 Kal
1232 650 1300 686 μετὰ
1314 650 1420 677 ἀσεϐῶν
1432 650 1463 676 οὺ
1483 649 1519 685 μὴ
1535 649 1649 675 καθίσω.

1092 696 1135 724 11.
1154 696 1274 731 Νίψομαι
1291 696 1319 721 ὲν
1331 694 1430 726 ἀθώοις
1442 695 1491 726 τὰς
1506 695 1598 730 χεῖράς
1611 703 1662 729 μου
1674 703 1681 709 ·

1094 742 1138 769 12.
1154 743 1207 769 Kal
1220 741 1351 768 χυκλώσω
1364 741 1394 767 τὸ
1406 741 1598 776 θυσιαστήριόν
1612 749 1669 771 σου,
1682 740 1773 776 Κύριε
1787 761 1798 774 ,

1094 788 1136 815 l5.
1153 787 1206 814 Τοῦ
1224 787 1340 814 ἀκοῦσαι
1355 787 1446 822 φωνῆς
1462 786 1535 822 [frob
1548 785 1662 813 ἀκοῦσαί
1681 795 1716 822 με
1741 785 1859 822 φωνὴνῖ

1058 830 1186 862 αίνέσεώς
1201 839 1259 862 σου,

1022 872 1044 900 Β
1094 876 1137 903 14.
1154 876 1208 902 Καὶ
1224 876 1405 912 διηγήσασθαι
1419 876 1507 903 πάντα
1519 876 1553 903 τὰ
1567 875 1707 911 Θαυμάσιά
1721 884 1784 903 σου.

1096 921 1140 949 15.
1155 921 1255 957 Κύριε,
1269 923 1400 957 ἠγάπησα
1413 922 1578 958 εὐπρέπειαν
1591 923 1664 949 οἴκου
1679 930 1739 955 σου,

1096 968 1140 995 16.
1156 968 1211 994 Kal
1222 968 1304 994 τόπον
1320 968 1496 1003 πηνὼματος
1512 968 1591 1004 δόξης
1603 977 1660 995 σου.

1098 1013 1142 1041 17.
1157 1013 1203 1049 Μὴ
1217 1013 1403 1049 συναπολέσῃς
1416 1013 1486 1049 μετὰ
1496 1013 1602 1041 ἀσεϐῶν
1613 1013 1660 1049 τὴν
1670 1013 1762 1049 ψυχήν
1777 1022 1834 1049 μου
1845 1033 1856 1045 ,

1098 1058 1142 1086 18.
1158 1059 1214 1085 Kal
1230 1058 1298 1094 μετὰ
1322 1059 1426 1095 ἀνδρῶν
1443 1059 1567 1094 αἱμάτων
1582 1059 1630 1094 τὴν
1644 1059 1718 1094 ζωήν
1742 1067 1798 1094 μου
1812 1067 1819 1073 ·

782 1125 969 1154 ATHANASll
990 1123 1283 1154 INTERPRETATIO.

222 1181 251 1208 ὲν
262 1183 296 1217 τῇ
308 1181 425 1218 ὀπτασίᾳ
439 1182 492 1209 τῶν
502 1183 634 1220 χερουϐίμ
644 1183 704 1217 ’Ὦς
717 1183 802 1219 φωνὴ
815 1184 853 1220 (1)
868 1182 1069 1218 παρεμϐολῆς.
1082 1181 1187 1209 Οὐκοῦν
1195 1181 1233 1216 τῷ
1245 1182 1330 1208 εἰπεῖν
1343 1181 1490 1214 αὑτὸν,Ὠς
1503 1179 1587 1215 φωνὴ
1600 1179 1704 1207 ἱκανοῦ
1717 1179 1768 1215 (a).
1780 1181 1855 1215 ἀκη-

223 1226 314 1254 κοέναι
328 1228 376 1263 τὴν
395 1228 485 1263 φωνὴν
500 1229 595 1264 εἴρηκε
608 1229 655 1256 τοῦ
667 1230 734 1257 Θεοῦ
749 1229 846 1264 Λόγου.
866 1230 979 1262 Ἱκανὸς
992 1230 1046 1264 γὰρ
1061 1228 1135 1264 χειρὶ
1149 1228 1162 1254 ό
1176 1228 1243 1259 Θεὸς
1255 1228 1342 1262 Λόγος
1351 1227 1384 1254 ἃν
1396 1228 1449 1263 εἴη.
1464 1227 1621 1263 Εἰρήκαμεν
1631 1226 1697 1261 γὰρ,
1709 1227 1752 1253 ὅτι
1769 1228 1855 1254 Ψαλ-

221 1271 278 1307 μὸς
292 1272 332 1305 τῷ
351 1273 406 1306 Υίῷ
419 1274 472 1301 τοῦ
488 1275 572 1307 Θεοῦ,
587 1275 681 1311 ἐπειδὴ
697 1275 779 1302 Δαὸὶδ
796 1275 976 1312 ἑρμηνεύεται
993 1274 1097 1307 ἱκανὸς
1112 1273 1188 1308 χειρὶ
1198 1293 1206 1306 ,
1224 1275 1293 1310 ὅπερ
1309 1274 1383 1300 ἐστὶν
1396 1275 1410 1300 ὸ
1425 1273 1492 1305 Θεὸς
1511 1273 1613 1306 Λόγος,
1638 1271 1710 1298 καθὰ
1731 1272 1788 1299 ὑπὸ
1801 1273 1852 1299 τοῦ

257 875 300 903 id.
316 875 350 903 Et
364 884 487 904 enarrem
503 877 630 906 universa
649 878 786 905 mirabilia
801 883 857 905 tua.

258 921 302 948 15.
322 921 444 953 Domine,
458 922 540 950 dilexi
553 923 678 950 decorem
693 923 790 950 domus
809 928 873 956 tua,

256 965 301 993 16.
319 965 352 993 Ει
366 966 455 994 locum
472 967 648 995 habitationis
667 968 759 1002 gloria:
776 973 840 996 tum.

258 1011 302 1038 17.
321 1010 360 1039 Ne
370 1011 469 1046 perdas
481 1020 543 1040 eum
555 1012 656 1048 impiis,
673 1012 755 1047 Deus,
769 1014 888 1041 animam
902 1021 988 1041 meam
1001 1022 1007 1040 :

258 1057 302 1085 18,
321 1057 354 1084 Et
367 1066 428 1086 cum
444 1058 510 1086 viris
521 1059 685 1095 sanguinum
696 1059 777 1087 vitam
792 1067 879 1087 meam
893 1068 900 1087 :

224 1318 364 1354 προφήτου
387 1317 516 1354 Ίεζεκιὴλ
529 1329 562 1356 με
566 1319 742 1356 μαθήκαμεν.

225 1373 261 1402 ω
273 1382 322 1402 νοτ
336 1377 458 1410 potentis.
473 1375 596 1404 Profecto
611 1377 726 1405 dicendo
740 1377 838 1412 ipsum.
855 1375 889 1404 Ut
901 1383 950 1403 vos:
959 1376 1084 1410 potentis,
1099 1383 1192 1404 vocem
1209 1375 1357 1408 audivisse,
1375 1374 1445 1402 dixit
1473 1374 1519 1402 Dei
1538 1374 1629 1402 Verbi.
1650 1375 1750 1403 Potem
1774 1385 1854 1405 enm

224 1429 305 1447 manu
318 1420 390 1448 Deus
402 1419 520 1448 Verbum
533 1422 683 1457 utiqueest.
693 1421 925 1457 Diximusitaque,
939 1421 1009 1456 quod
1017 1419 1140 1448 Psalmux
1154 1420 1226 1465 ilio
1238 1420 1301 1452 Dei;
1315 1420 1443 1455 quoniam
1455 1419 1539 1448 David
1553 1420 1745 1455 interpretatur
1757 1428 1852 1456 potens

224 1475 316 1500 manu,
329 1466 402 1502 quod
416 1471 458 1494 est
469 1466 542 1495 Deus
550 1466 679 1502 Verbum,
688 1468 917 1504 quemadmodum
933 1474 948 1494 a
963 1467 1093 1502 propheta
1109 1466 1249 1495 Ezechiele
1263 1465 1417 1494 didicimus.

255 1524 283 1551 2.
295 1523 387 1552 Habeo
407 1524 481 1552 enim
497 1524 697 1554 confortantem
716 1533 759 1554 me
774 1525 871 1558 Deum,
889 1525 917 1553 in
931 1531 1007 1560 quem

1097 1524 1125 1551 2.
1142 1525 1216 1559 Ἔχω
1227 1523 1281 1559 γὰρ
1295 1523 1340 1549 τὸν
1352 1522 1552 1559 ὲνδυναμοῦντά
1566 1531 1600 1558 με
1617 1523 1683 1549 Θεὸν
1698 1523 1749 1559 (2)1
1763 1525 1805 1556 εἰς
1822 1524 1854 1551 ὃν

225 1577 317 1605 spero.

260 1615 287 1649 5,
298 1615 325 1642 ι.
336 1614 371 1643 Ut
381 1615 504 1644 eordium
516 1617 640 1652 cognitor
653 1616 725 1644 nosti
738 1616 830 1645 omnia
844 1624 904 1652 qua:
916 1616 944 1643 in
956 1623 1010 1648 me,

225 1661 366 1697 quomodo
379 1667 444 1689 sunt
458 1663 530 1690 circa
545 1668 580 1690 te.

261 1707 287 1734 5.
305 1706 439 1740 Quoniam
455 1708 643 1736 misericordia
658 1713 716 1742 tua,
732 1716 815 1744 quam
832 1708 899 1736 mihi
913 1715 1014 1743 praece-

224 1752 299 1789 pisti,
317 1758 346 1780 ut
359 1754 539 1789 indigentibus
553 1753 680 1788 facerem,
696 1760 757 1782 ante
767 1754 860 1782 oculos
875 1761 950 1781 meos
959 1758 1011 1781 est.

259 1799 286 1826 6.
302 1798 336 1826 Et
347 1800 374 1828 in
389 1801 441 1828 hoc
458 1800 582 1828 faciendo
597 1800 686 1829 ﬁdelis
704 1805 829 1836 repertus
843 1808 904 1828 sum
917 1807 1011 1828 coram

227 1848 264 1872 te.

262 1890 288 1917 7.
302 1888 362 1916 Non
376 1889 500 1924 acquievi
513 1890 670 1925 iniquorum
686 1890 963 1918 murmurationihus.

263 1935 291 1962 8.
303 1935 397 1970 Neque
412 1943 475 1962 cum
492 1935 532 1963 eis
546 1936 721 1963 consociatus
738 1943 811 1963 sum.

264 1979 291 2007 9.
306 1979 516 2014 Multitudinem,
534 1981 639 2016 inquit,
655 1981 718 2009 odio
741 1981 823 2009 habui
847 1989 953 2014 eorum,
966 1980 1013 2016 qui

227 2027 372 2060 insurgunt
385 2026 413 2053 in
428 2034 501 2058 eum,
517 2027 563 2062 qui
579 2026 644 2055 fecit
659 2035 714 2055 eos.

268 2071 311 2099 10.
327 2071 385 2099 Non
398 2073 572 2100 consiliabor.

261 2118 305 2146 11.
319 2118 424 2146 Anima:
437 2127 533 2146 manus
549 2117 698 2153 signiﬁcat.

260 2163 305 2190 12.
322 2162 355 2190 Et
370 2163 417 2190 tibi
431 2163 601 2190 ministrabo.

261 2209 305 2241 l3.
331 2209 374 2236 14.
400 2209 553 2236 Lectionem
574 2209 730 2245 signiﬁcat:
747 2209 782 2237 Et
808 2209 859 2246 [ut]
887 2217 1006 2236 enarrem

226 2255 315 2282 omnia
330 2254 468 2281 mirabilia
484 2260 540 2282 tua.

262 2299 305 2326 15.
325 2299 456 2333 Populum
472 2299 577 2326 ﬁdelem
584 2319 590 2326 .

262 2344 306 2371 16.
325 2343 375 2371 Ubi
391 2345 539 2372 inliabilas.

261 2391 304 2419 17.
318 2390 357 2418 Ne
370 2399 413 2418 me
426 2392 577 2419 constituas
591 2399 607 2418 a
623 2390 744 2419 sintstris
755 2391 819 2419 tuis.

261 2437 305 2464 18.
321 2436 531 2464 Homicidarum.

1064 1570 1175 1602 ἐλπίζω.

1098 1616 1124 1649 3,
1140 1616 1166 1642 4.
1189 1615 1231 1647 Ὠς
1246 1614 1464 1650 καρδιογνώστης
1480 1611 1554 1646 οἶδας
1568 1614 1657 1640 πάντα
1672 1614 1706 1640 τὰ
1723 1615 1751 1641 ὲν
1773 1616 1851 1650 ἐμοὶ,

1062 1662 1122 1693 πῶς
1136 1663 1188 1688 alat
1201 1661 1265 1697 περὶ
1279 1661 1319 1688 σέ.

1099 1708 1125 1735 5.
1143 1708 1205 1734 Ὅτι
1219 1707 1250 1734 τὸ
1265 1707 1338 1739 ἔλεός
1357 1715 1414 1740 σου,
1432 1707 1446 1733 ὃ
1464 1706 1631 1742 προσέταξας
1648 1715 1692 1742 μοι
1706 1707 1794 1733 ποιεῖν
1811 1707 1853 1738 εἰς

1063 1753 1127 1785 τοὺς
1140 1752 1234 1788 χρείαν
1251 1752 1372 1788 ἔχοντας,
1386 1751 1439 1787 πρὸ
1454 1751 1600 1787 ὀφθαλμῶν
1614 1752 1664 1787 μού
1676 1753 1759 1778 ἐστιν.

1099 1797 1126 1825 6.
1140 1799 1195 1825 Kal
1208 1799 1236 1824 ὲν
1247 1797 1285 1833 τῷ
1300 1799 1386 1824 ποιεῖν
1405 1806 1438 1833 με
1448 1797 1529 1824 τοῦτο
1551 1797 1646 1829 πιστὸς
1672 1798 1790 1833 εὐρέθην
1807 1797 1852 1824 ὲν-

1063 1843 1150 1871 ὠπιὸν
1166 1852 1224 1870 σου.

1101 1890 1128 1917 7.
1147 1890 1184 1916 Ob
1201 1889 1448 1924 συνανεπαυσάμην
1460 1890 1624 1924 γογγυσμοῑς
1639 1889 1678 1924 ('5)
1696 1891 1834 1924 πονηροῖς.

1100 1936 1127 1964 8.
1141 1937 1207 1963 οὐδὲ
1219 1935 1369 1972 συνεθέμην
1381 1936 1482 1966 αὐτοῖς.

1098 1982 1124 2009 9.
1140 1982 1245 2017 Πλῆθος
1257 2002 1264 2014 ,
1283 1981 1374 2016 λέγει,
1397 1981 1515 2017 ἐμίσησα
1536 1980 1760 2016 ἐπανισταμένων
1782 1981 1851 2007 κατὰ

1063 2028 1110 2055 τοῦ
1129 2029 1291 2063 ποιήσαντος
1305 2027 1413 2058 αὐτούς.

1101 2074 1145 2100 10.
1161 2074 1199 2100 Οὐ
1216 2073 1254 2108 (4)
1269 2073 1306 2109 μὴ
1321 2071 1499 2108 συνεδρεύσω.

1102 2120 1145 2146 11.
1164 2119 1219 2151 Τὰς
1231 2120 1280 2154 τῆς
1291 2119 1381 2154 ψυχῆς
1399 2119 1436 2154 (5)
1453 2119 1547 2154 χεῖρας
1555 2117 1641 2151 λέγει.

1102 2165 1146 2192 12.
1163 2165 1218 2192 Kal
1229 2165 1317 2191 λειτου
1323 2165 1416 2200 ργήσω
1427 2172 1476 2192 σοι.

1101 2211 1146 2243 15,
1167 2211 1210 2238 14.
1224 2210 1280 2246 Τὴν
1300 2211 1453 2244 ἀνάγνωσιν
1470 2209 1563 2244 λέγει·
1581 2208 1635 2236 Kal
1651 2208 1690 2244 (6)
1705 2207 1851 2242 διηγήσο-

1061 2258 1131 2284 σθαι
1147 2256 1248 2283 πάντα
1264 2256 1300 2283 τὰ
1315 2255 1466 2291 θαυμάσιοί
1481 2263 1549 2283 σου.

1098 2304 1142 2331 15.
1160 2304 1212 2330 Τὸν
1224 2303 1287 2330 λαὸν
1302 2303 1349 2329 τὸν
1360 2302 1464 2328 πιστόν.

1099 2350 1144 2377 16.
1159 2350 1242 2377 Ἔνθα
1254 2350 1401 2380 κατοικεῖς.

1099 2395 1144 2422 17.
1158 2395 1206 2431 Μὴ
1219 2395 1321 2431 στήσῃς
1334 2402 1367 2429 με
1382 2393 1412 2427 ἐξ
1423 2392 1575 2429 ἀριστερῶν
1589 2400 1645 2419 σου.

1100 2440 1144 2468 18.
1163 2440 1420 2477 Ἀνθρωποκτόνων.

697 2505 848 2536 Addenda
865 2507 897 2536 et
912 2506 1099 2545 corrigenda
1128 2517 1166 2540 ex
1190 2509 1258 2540 cod.
1275 2508 1377 2540 Vatie.

258 2566 297 2608 gl)
313 2566 364 2608 ,Ὦς
378 2566 453 2608 φωνὴ
466 2566 558 2608 [κανοῦ
568 2567 598 2593 ὲν
610 2566 827 2608 τῷΑτιορεύεσβαι
843 2566 913 2608 aget
927 2567 1005 2607 φωνῇ

222 2602 269 2629 τοῦ
277 2601 389 2638 ᾉᾹὸγου.
401 2601 537 2638 ὡςξφῳνὴ
555 2601 742 2638 παρεμὸολῆς,
764 2607 828 2638 etc..
849 2601 944 2638 εἴρηκέ.
955 2601 1004 2628 τοῦ

222 2636 290 2663 (4εοῦ
306 2637 403 2671 Λόγον.
417 2636 521 2664 οὐκοῦν
532 2636 546 2664 ὃ
561 2636 651 2669 ἱκανὸς
668 2636 738 2698 χειρὶ
748 2639 762 2664 ὁ
772 2637 838 2668 Θεὸς
852 2636 939 2671 Λόγος
949 2637 1003 2672 εἴη.

222 2672 308 2698 Αὐτὸν
331 2672 519 2698 ίῙυνι.αὐτὺ;ὶ
539 2670 585 2698 οὖν
605 2673 651 2698 τὸν
672 2675 710 2698 Lb:
729 2673 777 2698 μὸν
798 2673 930 2698 προφέρει
950 2680 956 2686 ·
976 2672 1003 2698 τὸ

222 2672 311 2708 Δρτὸνν
331 2670 410 2707 (fort.
422 2672 527 2708 αὐτος)
539 2670 777 2708 οὖνντδνςψαλμὸν
798 2670 930 2708 προφέρει
950 2680 956 2686 ·
976 2670 1006 2708 τὸ

222 2705 620 2768 ῑῗρένταῦθαψαλμδς
632 2707 671 2743 τῷ
679 2705 773 2734 Ἀαϐίδ.
782 2705 885 2742 Εἰρήιια
891 2705 941 2742 μεν
951 2707 1006 2742 γὰρ

223 2747 340 2777 ψαλμος,
352 2747 406 2770 etc.

1095 2570 1134 2604 (2)
1149 2570 1277 2605 Χριστόν.

1096 2605 1135 2638 (5)
1151 2606 1311 2640 Λογισμοῖς.

1147 2641 1202 2680 Kal
1215 2638 1284 2680 μὲτὰ
1300 2639 1410 2667 ἀσεϐῶν
1421 2638 1462 2672 οὔ,
1477 2643 1532 2668 etc.

1106 2674 1134 2718 ἓν)
1150 2674 1250 2718 imis
1264 2684 1315 2718 FW.

1106 2710 1133 2745 6)
1150 2709 1215 2743 Kal,
1227 2709 1280 2738 etc.
1300 2711 1394 2737 desunt
1407 2710 1435 2736 in
1454 2709 1516 2736 cod.

258 2797 352 2843 (9‘21.
367 2798 410 2843 9:,
428 2798 524 2834 βροντὴ
541 2799 608 2843 Θξοῦ
629 2799 733 2827 ίκανοῦ.
751 2798 789 2832 0',
807 2798 968 2843 φωνὴ-Θεοῦ
985 2807 1007 2825 σι

1102 2799 1154 2832 ‘A.,
1173 2800 1275 2827 ῑκανοῦ.
1296 2799 1408 2827 Hexaol.
1422 2798 1498 2834 Orig.
1512 2806 1555 2834 ap.
1573 2797 1788 2826 Hontfaue.Vox
1806 2796 1846 2824 Del

225 2834 418 2866 aninivatentis,
435 2842 505 2863 vers.
525 2835 598 2865 vulg.
