1919 3051
260 139 311 167 715

293 196 322 223 9.
336 194 369 223 Ut
379 195 487 223 videam
499 195 667 232 voluptatem
681 196 803 230 Domini,

294 239 338 268 10.
357 240 391 267 Et
404 240 510 268 visitem
527 241 656 275 templum
672 246 796 270 sanctum
815 242 885 276 ejus.

293 286 337 314 11.
352 285 488 319 Quoniam
499 286 642 314 abscondit
656 295 699 315 me
713 287 739 315 in
756 288 935 316 tabernaculo
948 296 1010 320 suo.

294 332 337 358 12.
352 331 382 358 In
400 332 443 359 die
460 332 595 359 malorum
612 340 737 361 meorum
750 335 868 369 protexit
881 341 925 362 me
937 334 966 361 in
980 334 1046 362 abs-

256 376 366 406 condito
380 378 547 405 tabernaculi
562 378 616 406 sui.

292 424 335 451 13.
352 419 380 451 l'n
395 429 470 459 petra
485 424 612 452 exaltavil
627 432 689 456 me;

291 469 335 496 ﬂ.
350 469 381 496 Et
393 477 465 498 nunc
477 477 541 498 ecce
556 471 686 498 exaltavit
697 476 780 506 caput
793 478 883 498 meum
897 478 979 506 super
991 471 1046 498 ini-

256 515 344 543 micos
360 523 447 543 meos.

290 560 333 587 15.
350 560 482 594 Circuivi,
499 565 525 589 et
543 561 681 589 immolavi
699 561 726 589 in
737 561 912 590 tabernaculo
923 562 983 597 ejus
995 562 1045 589 ho-

215 613 219 615 ·
254 605 334 633 stiam
348 606 436 634 laudis
455 607 684 642 etjubilationis:

289 651 332 678 16.
352 651 486 685 Cantabo,
501 657 529 680 et
543 653 679 688 psalmum
692 653 781 680 dicam
797 652 925 681 Domino.

288 697 332 725 17.
349 698 463 732 Exaudi,
477 699 601 733 Domine,
616 707 713 728 vocem
735 707 832 734 meam,
847 707 902 735 qua
926 699 1042 729 clamavi

255 739 291 767 ad
307 744 355 768 te:

288 786 332 813 18.
349 786 477 814 Miserere
490 787 554 820 mei,
571 791 598 815 et
614 787 713 815 exaudi
730 796 785 816 me.

287 831 331 859 19.
347 830 407 858 Tibi
420 831 488 859 dixit
503 839 551 859 cor
566 840 656 859 meum
669 842 676 860 :
692 831 839 860 Dominum
854 841 986 870 quaeram.

285 876 330 904 20.
349 876 502 912 Exquisivit
514 882 539 905 te
549 877 634 906 facies
647 886 723 906 mea:

283 921 327 948 21.
344 921 452 949 Faciem
470 926 554 956 tuam,
569 922 693 956 Domine,
711 924 860 959 requiram.

283 967 328 995 22.
343 966 382 994 Ne
396 972 502 996 avertas
515 969 611 996 faciem
624 974 698 996 tuam
715 977 730 997 a
747 977 791 997 me
810 980 817 997 :

284 1012 329 1039 25.
345 1012 377 1040 Et
390 1021 424 1041 ne
438 1013 558 1042 declines
574 1014 601 1041 in
615 1015 655 1042 ira
669 1023 684 1042 a
701 1022 781 1042 servo
793 1020 850 1043 tuo.

283 1059 330 1086 24.
345 1059 461 1094 Adjntor
475 1068 551 1089 meus
563 1066 633 1094 esto,
646 1069 680 1089 ne
693 1062 867 1097 derelinquas
885 1070 947 1091 me:

283 1102 328 1130 23.
345 1102 438 1139 Neque
453 1104 587 1140 despicias
600 1114 654 1139 me,
672 1106 744 1135 Deus
758 1107 884 1135 salutaris
896 1115 984 1136 meus.

284 1147 329 1175 26.
342 1148 477 1182 Quoniam
501 1157 578 1187 pater
597 1160 674 1181 mens
698 1157 725 1181 et
747 1159 834 1181 mater
853 1162 914 1182 mea
935 1155 1035 1183 dereli-

249 1200 368 1230 querunt
384 1203 428 1223 me
441 1205 447 1224 :

282 1240 326 1267 27.
347 1240 478 1270 Dominus
494 1248 583 1271 autem
599 1245 747 1280 assumpsit
760 1253 815 1274 me.

281 1286 326 1314 28.
344 1286 442 1322 Legem
457 1296 526 1324 pone
541 1290 618 1324 mihi,
635 1290 760 1324 Domine,
776 1291 803 1320 in
819 1292 861 1319 via
880 1296 925 1319 tua
940 1301 946 1319 :

282 1342 320 1405 5a)
335 1342 385 1371 Hic
401 1345 501 1372 desinit
516 1353 543 1372 η.
560 1346 591 1373 11
609 1346 637 1374 in
649 1347 711 1388 cod.
727 1347 810 1374 Barb.

294 1377 319 1405 ό)
336 1377 368 1404 V.
388 1379 430 1405 16.
447 1379 559 1405 Θυσίαν.
575 1385 639 1405 ειη-.
653 1391 692 1405 τω
707 1383 810 1405 Κυτιίιιι.

294 1377 319 1418 ὁ)
381 1379 430 1418 16,
447 1379 559 1418 βνσίαν,
575 1385 639 1418 etc"
653 1382 692 1418 τῷ
707 1383 812 1418 Κυρίῳ.

283 1381 307 1405 lb
339 1381 368 1404 V.
388 1381 430 1411 16,
447 1381 559 1412 Θυσίαν,
575 1385 639 1412 elc.,
653 1382 686 1417 τᾷ

283 1381 319 1448 (δέ
336 1413 409 1448 Πρὸς
424 1415 453 1440 σέ
467 1415 567 1442 desunt
581 1416 610 1443 in
624 1417 686 1444 cod.

679 138 708 166 3.
729 138 918 167 ATHANASII
940 140 1014 169 OPP.
1032 141 1126 168 PARS
1145 141 1191 169 111.
1211 156 1247 162 -
1265 142 1471 173 EXEGETICA.

1060 201 1083 230 Α
1131 199 1157 227 9.
1172 199 1224 226 Τοῦ
1240 199 1354 238 θεωρεῖν
1367 210 1400 237 με
1417 201 1466 238 τὴν
1486 202 1655 239 τερπνότητα
1672 204 1772 240 Κυρίου
1785 225 1793 237 ,

1831 152 1880 178 7H

1132 244 1175 271 10.
1192 245 1246 272 Kal
1262 246 1475 274 ἐπισκέπτεσθαι
1485 249 1531 275 τὴν
1545 248 1608 276 ναδν
1620 249 1666 276 τὸν
1679 250 1756 285 ἅγιον
1767 251 1862 279 αὑτοῦ.

1131 288 1174 315 11.
1190 289 1250 316 ὀτι
1262 290 1364 327 ἔκρυψέ
1382 300 1415 327 με
1428 293 1457 319 ὲν
1473 295 1559 329 σκηνῇ
1581 293 1682 327 αὐτοῦ,

1130 334 1174 363 12.
1198 335 1242 362 Ἐν
1257 336 1348 373 ἡμέρᾳ
1356 338 1448 365 κακῶν
1460 347 1510 374 μου
1526 339 1564 376 (α)
1579 341 1755 377 ὲσκέπασέμε
1769 343 1798 370 ὲν
1811 343 1878 370 ἁπο-

1096 378 1192 417 κρύφῳ
1202 380 1253 415 τῆς
1270 382 1372 417 σκηνῆς
1385 383 1481 410 αὑτοῦ.

1130 425 1174 452 15.
1197 426 1240 452 Ἐν
1254 427 1343 463 πέτρᾳ
1358 428 1449 463 ὖψωσέ
1461 439 1506 465 με,

1130 471 1174 498 14.
1189 472 1300 500 Kal.va
1312 474 1366 501 ιδοὺ
1379 474 1469 510 inpune
1485 477 1606 514 κεφαλήν
1622 487 1674 514 μου
1697 480 1742 507 ἐπ’
1764 481 1878 517 ἐχθρούς

1096 525 1158 552 μου.

1131 563 1174 591 15.
1196 564 1363 600 Ἐκύκλωσα,
1385 567 1430 594 καὶ
1449 567 1532 595 ἔθυσα
1545 569 1616 606 ὲντῇ
1631 573 1716 607 σκηνῇ
1735 572 1817 600 αὑτοῦ
1830 573 1877 600 ϐυ.

1094 608 1153 636 σίαν
1168 610 1205 645 (b)
1222 611 1350 644 αἰνέσεως
1363 614 1411 640 καὶ
1425 613 1594 650 ἀλαλαγμοῦ·

1126 655 1170 682 16.
1188 656 1264 692 ’ᾼσω
1279 658 1325 684 καὶ
1335 657 1413 693 ψαλῶ
1429 659 1467 694 τῷ
1480 660 1586 696 Κυρίῳ.
1708 691 1711 692 ν

1128 701 1172 728 17.
1189 702 1364 735 Εῐσάκουσον,
1382 704 1478 740 Κύριε,
1488 706 1538 740 τῆς
1565 707 1656 742 φωνῆς
1669 716 1730 743 μου,
1755 706 1790 745 ἧς
1814 710 1875 737 ἐκέ-

1091 746 1180 782 κραξα
1193 748 1262 782 πρὸς
1277 749 1307 775 σέ
1320 750 1356 785 (ε)
1369 758 1375 765 ·

1127 793 1171 820 18.
1191 793 1317 829 Ἐλέησόν
1332 804 1376 830 με,
1393 797 1440 823 καὶ
1453 797 1611 825 εἰσάκουσόν
1627 808 1689 835 μου.

1127 838 1170 866 19.
1183 839 1228 865 Σοὶ
1239 837 1315 866 εἶπεν
1330 841 1346 876 ὴ
1362 842 1459 877 καρδία
1477 851 1526 878 μου
1539 850 1546 858 ’
1565 844 1667 880 Κύριον
1681 845 1802 882 ζητήσω.

1055 878 1076 907 Β
1120 882 1165 910 20.
1186 884 1347 921 Ἐξεζήτησὲ
1361 895 1390 913 σε
1402 887 1433 914 τὸ
1449 889 1593 923 πρόσωπόν
1610 878 1661 926 μου
1671 899 1678 907 ⁸

1125 928 1169 955 21.
1187 929 1223 956 Τὸ
1237 930 1381 966 πρόσωπόν
1397 941 1454 966 σου,
1470 935 1566 970 Κύριε,
1584 935 1703 972 ζητήσω.

1126 975 1171 1002 22.
1187 976 1232 1012 Μὴ
1246 977 1419 1015 ἀποστρέψῃς
1432 980 1462 1006 τὸ
1476 981 1620 1016 πρόσωπόν
1636 991 1683 1009 σου
1698 983 1745 1010 ἀπ’
1765 984 1833 1019 ἐμοῦ
1846 992 1855 1000 ⁸

1124 1021 1169 1048 25.
1183 1023 1238 1049 Καὶ
1256 1024 1293 1059 μὴ
1309 1024 1435 1062 ἐκκλίνῃς
1451 1027 1480 1053 ἐν
1492 1027 1561 1063 ὀργῇ
1576 1029 1629 1055 ἀπὸ
1642 1029 1689 1056 τοῦ
1707 1029 1800 1057 δούλου
1813 1039 1872 1058 σου.

1123 1067 1168 1095 21.
1182 1069 1283 1104 Βοηθός
1297 1079 1348 1105 μου
1361 1072 1452 1105 γενοῦ,
1471 1073 1508 1109 μὴ
1524 1075 1731 1112 ἀποσκορπίαῃς
1751 1084 1786 1111 με
1796 1084 1803 1092 ·

1123 1113 1168 1140 25.
1181 1114 1236 1141 Καὶ
1252 1115 1289 1151 μὴ
1302 1116 1488 1155 ὲγκαταλίπῃς
1499 1127 1544 1154 με,
1555 1120 1569 1146 ὁ
1585 1119 1650 1152 Θεὸς
1661 1121 1675 1147 6
1689 1121 1781 1156 σωτήρ
1794 1129 1855 1157 μου.

1122 1157 1166 1186 9-6.
1188 1159 1244 1186 Ὀτι
1260 1161 1274 1187 ὁ
1294 1163 1387 1198 πατήρ
1407 1172 1458 1199 μου
1472 1165 1551 1201 καὶὴ
1575 1167 1666 1203 μήτηρ
1688 1175 1739 1202 μου
1761 1167 1872 1202 ἐγκατι-

1087 1201 1166 1230 λιπόν
1179 1212 1227 1239 με’
1537 1217 1539 1219 ‘

1120 1248 1167 1276 27.
1190 1250 1218 1277 '0
1229 1250 1258 1278 δὲ
1271 1251 1373 1288 Κύριος
1389 1255 1571 1290 προσελάϐετό
1585 1265 1630 1292 με.

1122 1293 1168 1321 28.
1181 1295 1369 1334 Νομοθέτης-όν
1383 1308 1428 1336 με,
1442 1301 1539 1338 Κύριε,
1555 1304 1584 1330 ὲν
1598 1304 1633 1339 τῇ
1648 1301 1702 1339 ὁδῷ
1717 1311 1776 1330 σοιν

810 1476 996 1506 ATHANASII
1012 1478 1305 1509 INTERPRETATIO.

279 1547 308 1580 9,
321 1547 365 1576 1ο.
378 1549 499 1578 Gloriam
511 1551 582 1587 ejus.

280 1592 323 1621 11.
338 1592 372 1622 Ut
385 1603 426 1622 me
440 1598 590 1625 custodiret
601 1597 628 1625 in
639 1598 766 1634 puritate,
776 1600 895 1629 animam
909 1606 1034 1631 etmem-

251 1637 297 1665 bra
315 1647 386 1668 mea.

280 1684 323 1712 12.
338 1685 478 1715 lniirmum
491 1696 534 1716 me
545 1691 663 1724 peccatis
675 1692 782 1720 sanavit
792 1692 923 1722 Dominus
935 1694 961 1722 in
973 1694 1033 1729 ejus

244 1729 390 1764 baptismo,
403 1737 430 1758 et
451 1733 570 1768 seipsum
587 1744 630 1763 me
645 1737 743 1765 induit.
761 1737 830 1766 Nam
842 1739 1032 1775 baptisterium

244 1780 284 1803 est
300 1776 376 1805 locus
389 1778 566 1809 absconditus
578 1781 718 1811 Ecclesiae.

277 1822 321 1849 15.
338 1823 494 1853 Eiilicavit
509 1835 552 1855 me
566 1828 699 1858 Dominus
716 1830 743 1858 in
758 1831 829 1865 ipso.

279 1867 323 1894 ﬂ.
342 1867 376 1895 Et
391 1870 527 1899 dominari
543 1873 662 1902 inimicis
676 1875 744 1903 meis
759 1884 802 1903 me
818 1876 894 1904 fecit.

277 1911 321 1941 15.
334 1912 424 1943 Mente
441 1925 509 1952 pura
535 1920 686 1948 orationem
704 1928 791 1949 meam
811 1922 846 1950 ad
861 1931 923 1951 eum
939 1927 1031 1951 trans-

242 1964 318 1987 IIIISI.

279 2003 322 2031 16.
338 2003 467 2035 Landans
482 2015 557 2041 eum,
569 2015 596 2037 et
618 2010 740 2039 clamans
758 2011 784 2039 in
800 2013 981 2042 exsultatione
996 2015 1029 2042 ad

241 2048 345 2085 ipsum.

276 2094 321 2129 17,
340 2097 381 2123 18.
397 2095 555 2125 Orationem
573 2098 667 2127 refert.

277 2141 320 2170 19.
336 2142 544 2179 Conglutinatus
561 2153 622 2173 sum
638 2147 700 2174 tibi.

272 2188 317 2220 20,
332 2188 376 2217 21.
391 2190 488 2217 Anima
504 2199 563 2219 mea
578 2192 670 2219 videre
683 2197 708 2221 te
722 2193 871 2223 desiderat.

273 2233 319 2262 22.
333 2233 372 2262 Nc
383 2235 491 2263 auferas
504 2237 636 2271 Spiritum
654 2245 779 2268 sanctum
798 2245 874 2268 tuum
888 2249 904 2270 a
917 2250 969 2270 me.

272 2321 317 2349 23.
335 2321 374 2350 Ne
391 2324 478 2352 iratus
492 2326 633 2361 relinquas
646 2335 699 2355 me.

273 2367 317 2399 21,
331 2368 376 2396 25.
393 2369 486 2405 Neque
506 2372 613 2400 deﬁciat
636 2373 704 2400 mihi
730 2373 776 2402 lux
804 2379 851 2403 tua
863 2395 870 2408 ,
889 2384 922 2405 ne
935 2385 1024 2407 caecus

237 2412 337 2440 alliciar
353 2415 380 2441 in
398 2416 503 2444 visione
515 2419 615 2446 mentis
633 2427 709 2447 meae.

271 2456 316 2489 26,
334 2457 378 2484 27.
401 2458 510 2488 Nullum
530 2463 663 2491 auxilium
689 2472 733 2493 me
755 2465 881 2500 habente,
908 2469 956 2496 tibi
979 2476 1022 2497 me

236 2501 354 2530 vindica.

271 2547 315 2575 28.
335 2547 430 2577 Statue
447 2557 490 2578 me
501 2549 529 2577 in
547 2550 606 2586 lege
620 2556 677 2581 tua.

1049 1561 1070 1590 ο
1121 1557 1148 1590 9,
1168 1558 1210 1585 10.
1227 1559 1282 1595 Τὴν
1296 1559 1375 1593 δόξαν
1388 1561 1472 1589 αὑτοῦ
1488 1562 1537 1599 (1).

1121 1604 1164 1631 11.
1179 1603 1325 1633 Φυλάττειν
1341 1615 1374 1641 με
1400 1607 1430 1634 ὲν
1446 1609 1542 1646 ἁγνείᾳ
1552 1629 1561 1641 ,
1587 1609 1637 1646 τὴν
1653 1610 1743 1648 ψυχὴν
1763 1614 1811 1641 καὶ
1833 1615 1869 1642 τὰ

1085 1648 1152 1684 μέλη
1168 1658 1231 1684 μου.

1118 1694 1161 1721 12.
1184 1695 1362 1724 Ἀσθενοῦντά
1378 1707 1412 1733 με
1428 1699 1458 1726 ὲν
1482 1700 1631 1737 ἁμαρτίαις
1658 1703 1753 1731 idea-ro
1774 1705 1804 1732 ὲν
1827 1705 1867 1741 τῷ

1083 1741 1249 1778 βαπτίσματι
1263 1743 1357 1776 αὑτοῦ,
1380 1744 1428 1772 καὶ
1447 1746 1542 1773 ἑαυτόν
1565 1756 1599 1782 με
1622 1749 1740 1778 ἐνέδυσε.
1760 1751 1797 1778 Τὸ
1810 1752 1866 1789 γὰρ

1081 1789 1262 1824 φωτιστήριον
1277 1789 1434 1826 ἀπόκρυφον
1448 1792 1506 1818 ἐστι
1521 1793 1571 1828 τῆς
1593 1794 1765 1831 Ἑκκλησίας.

1117 1833 1160 1860 15.
1185 1834 1349 1870 ’ῼκοδόμησέ
1367 1844 1400 1871 με
1414 1837 1428 1863 ὁ
1441 1837 1541 1873 Κύριος
1556 1839 1584 1866 ἐν
1595 1840 1680 1876 αὐτῷ.

1118 1878 1161 1905 14.
1181 1880 1291 1915 Ἀρχειν
1306 1890 1339 1916 με
1352 1881 1406 1908 τῶν
1421 1882 1525 1918 ἐχθρῶν
1537 1893 1587 1919 μου
1605 1887 1765 1923 πεποίηκεν.

1114 1923 1158 1951 15.
1183 1924 1227 1951 Ἑν
1245 1925 1352 1962 καθαρᾷ
1366 1926 1469 1963 διανοίᾳ
1491 1937 1542 1964 μου
1560 1930 1610 1966 τὴν
1631 1932 1714 1968 εὐχήν
1740 1942 1793 1969 μου
1815 1934 1864 1962 ἀνι

1079 1969 1128 1997 ἐπε
1133 1970 1191 2006 μψα
1200 1971 1284 2006 αὐτῷ.

1115 2016 1158 2043 16.
1176 2018 1264 2045 Αινῶν
1277 2018 1370 2052 αὑτὸν,
1395 2021 1443 2048 καὶ
1468 2020 1538 2056 βοῶν
1553 2023 1583 2050 ὲν
1610 2023 1771 2053 ἀγαλλιάσει
1794 2027 1862 2063 πρὸς

1079 2061 1171 2090 αὐτόν.

1113 2108 1157 2141 17,
1171 2108 1214 2136 18.
1232 2110 1369 2146 Διηγεῖται
1385 2112 1437 2149 τὴν
1449 2114 1532 2150 εὐχήν

1051 2169 1056 2172 -
1114 2153 1157 2181 19.
1174 2155 1369 2192 Συνεταξάμην
1380 2166 1432 2186 σοι.

1112 2199 1158 2231 20,
1173 2200 1217 2227 21.
1242 2201 1273 2228 Ἡ
1287 2202 1359 2238 ψυχή
1378 2213 1429 2239 μου
1446 2204 1584 2242 θεωρῆσαί
1601 2216 1632 2235 σε
1645 2209 1788 2246 ἐπιθυμεῖ.

1037 2242 1063 2272 Ι.)
1109 2244 1153 2272 22.
1170 2247 1216 2282 Μὴ
1232 2247 1377 2285 ἁντανέλῃς
1406 2250 1436 2277 τὸ
1461 2251 1573 2288 Πνεῦμα
1588 2262 1634 2281 σου
1651 2255 1683 2282 τὸ
1706 2242 1785 2291 atin
1811 2258 1858 2285 ἀπ’

1079 2289 1156 2324 ἐμοῦ.

1112 2335 1157 2381 221.
1174 2337 1218 2372 Μὴ
1231 2337 1367 2373 ὀργισθεὶς
1384 2340 1421 2376 (5)
1436 2341 1635 2380 ἐγκαταλείψῃς
1651 2353 1696 2381 με.

1111 2379 1156 2412 24,
1171 2381 1215 2409 25.
1232 2382 1277 2418 Μὴ
1289 2384 1418 2422 exusto“
1433 2385 1470 2421 (4)
1484 2387 1514 2413 τὸ
1531 2387 1588 2422 φῶς
1603 2379 1710 2417 mw
1721 2391 1801 2427 ἐμοῦ,
1813 2392 1857 2420 ἵνα

1077 2424 1114 2460 μὴ
1127 2426 1258 2460 τυφλωθῶ
1273 2430 1312 2460 el;
1322 2430 1415 2465 ὅρασιν
1429 2432 1478 2467 τῆς
1490 2433 1609 2465 διανοίας
1626 2444 1689 2470 μου.

1106 2469 1150 2502 26,
1168 2471 1214 2518 27.
1229 2473 1371 2510 Μηδεμίαν
1385 2476 1525 2513 ἀντίληψιν
1547 2469 1656 2515 ἔχοντος
1671 2481 1720 2518 (5),
1745 2485 1787 2512 col
1806 2493 1857 2513 πι-

1076 2516 1214 2552 ριποίησαί
1230 2527 1274 2553 με.

1110 2561 1155 2589 28.
1175 2563 1338 2601 Ἐπιστηοόν
1354 2568 1445 2603 μετὸν
1462 2570 1544 2606 νόμον
1560 2580 1607 2599 σου
1622 2573 1662 2609 (6)

708 2641 862 2675 Addenda
876 2647 907 2676 et
931 2646 1120 2686 corrigenda
1135 2658 1174 2681 ex
1189 2652 1260 2684 cod.
1278 2653 1378 2687 Vatic.

272 2721 310 2762 (l)
325 2721 431 2762 ΙΙΙ-θοᾷ.
446 2732 474 2752 n.
487 2724 513 2752 9.
531 2729 646 2762 tantum.
661 2725 693 2754 N.
711 2727 754 2754 10.
772 2728 925 2762 φυλάττειν.
937 2739 964 2757 n.
979 2731 1022 2758 11.

241 2754 417 2802 ’Δσξσντοςινξὰ
432 2767 477 2802 με,
492 2764 544 2800 et_c.
562 2761 695 2789 ἐνέδυσεν.
714 2762 747 2789 Ν.
764 2754 806 2790 1'2.
828 2754 1022 2802 imam;

271 2791 309 2829 (2)
325 2793 416 2829 Et}th
429 2791 537 2823 ἑαυτοῦ.

271 2827 309 2862 (31
328 2827 480 2858 ὐονὶσθείς
507 2835 560 2857 etc.

1162 2735 1390 2784 ‘Eﬁlﬂpietc...
1404 2743 1447 2770 ἵνα
1461 2743 1498 2779 μὴ
1510 2744 1636 2784 τνφλωθῇ
1652 2747 1668 2783 ἡ
1680 2748 1785 2784 ὅρασις,
1799 2756 1850 2779 e:e.

1232 2769 1349 2817 ξχόἶὲος,
1366 2769 1398 2805 οὗ
1412 2769 1654 2817 πέρῖἇῖοιήᾶὧ-ιίδν.

1105 2803 1202 2841 (6)1?)
1213 2803 1287 2844 νόμῳ
1302 2803 1357 2837 coli.
