1919 3051
51 140 104 168 ἸΙιὸ

490 141 534 169 DE
553 141 689 171 TlTULIS
704 143 927 172 PSALMORUM.
950 159 984 164 —-
1003 143 1100 171 PSAL.
1120 143 1240 180 XXVI”

1614 143 1666 174 7J5

84 198 126 226 2‘3.
141 199 196 225 Kal.
215 198 348 234 ὸδήγησόν
363 207 396 234 με
415 199 445 225 ὲν
466 200 551 236 τρίϐῳ
570 201 662 237 εὐθείᾳ
686 202 766 229 ἕνεκα
793 203 829 238 (a)
845 207 858 235 _4

918 203 959 230 29.
978 203 1010 230 Et
1021 203 1106 238 dirige
1119 210 1162 230 me
1179 203 1205 230 in
1220 202 1343 230 semitam
1359 209 1471 236 rectam,
1487 207 1598 237 propter
1610 203 1662 229 ini-

54 245 103 272 τῶν
116 244 221 280 ἐχθρῶν
238 253 301 279 μου.

86 290 128 317 30.
140 289 186 324 Μὴ
204 289 333 325 παραδᾷκς
348 299 381 325 με
394 291 434 322 εἰς
444 290 532 326 ψυχὰς
546 291 691 319 θλιϐόντων
712 301 744 328 με
756 301 762 308 ”

87 335 128 362 51.
145 335 207 361 Ὀτι
219 335 405 370 ἐπανέστησαν
419 345 465 371 μοι
477 337 613 373 μάρτυρες
628 338 726 372 ᾶδικοι,

87 379 130 407 52.
144 380 199 407 Καὶ
212 379 346 414 ἐψεύσατο
356 381 372 415 ή
383 381 475 407 ἀδικία
491 382 587 417 ἑαυτῇ.

88 426 130 453 55.
145 426 268 453 Πιστεύω
276 426 323 452 τοῦ
340 427 403 453 ἰδεῖν
415 427 450 453 τὰ
461 427 551 461 ἀγαθὰ
561 428 663 464 Κυρίου
676 429 704 455 ὲν
717 430 752 465 γῇ
766 429 832 461 ζών-

54 479 116 498 των.

87 517 131 544 54.
152 517 312 552 Ὑπόμεινον
323 517 368 544 τὸν
382 517 484 552 Κύριον

88 563 132 589 ὢ.
153 563 301 598 Ἀνδρίξου,
319 563 365 590 καὶ
375 563 589 599 κραταιούσθωὴ
606 564 702 600 καρδία
716 573 773 597 σου,
786 566 832 592 καὶ

55 608 196 643 ὗῶμεινον
210 608 255 634 τὸν
271 609 384 642 Κύριον.

207 663 329 698 Ψαλμὸς
340 664 380 697 τῷ
395 664 493 691 Δαϐίδ.
510 666 597 692 ima.
615 667 678 692 KZ’.

88 710 112 736 Ι.
130 709 202 745 Πρὸς
214 709 255 741 σὲ,
270 710 366 745 Κύριε,
382 711 560 746 κεκράξομαι,
576 712 591 737 ὁ
607 711 672 742 Θεός
689 720 739 747 μου
752 718 760 726 ·

83 756 111 782 2.
125 755 172 791 Μὴ
185 757 403 791 παρασιωπήσῃς
417 757 465 782 ἀπ’
481 755 559 791 ἐμοῦ.

85 803 111 829 5.
124 803 236 837 Μήποτε
250 803 468 840 παρασιωπήσῃς
477 803 525 829 ἀπ’
539 802 617 838 ἐμοῦ,
635 802 682 829 καὶ¹
698 802 832 838 ὁμοιωθή-

55 856 134 882 σομαι
146 849 204 880 τοῖς
216 848 426 875 καταϐαίνουσιν
440 849 480 880 είς
492 848 604 876 λάκκον.

87 893 113 920 4.
134 894 311 926 Εἰσάκουσον,
339 894 444 930 Κύριε.
463 894 514 929 τῆς
537 893 629 929 φωνῆς
653 893 702 929 τῆς
718 893 836 929 δεήσεὼς

57 948 115 975 μου,
131 940 160 966 ὲν
171 939 210 975 τῷ
226 940 333 967 δέεσθαι
345 949 378 975 με
392 940 458 976 πρὸς
472 940 512 972 σὲ,

89 987 114 1013 5.
129 987 175 1012 Ἐν
190 985 230 1021 τῷ
244 986 333 1023 αἴρειν
347 994 382 1020 με
398 985 492 1021 χεῖράς
510 993 561 1020 μου
585 984 654 1020 πρὸς
671 983 734 1011 ναδν
759 984 835 1017 ἆγιόν

56 1041 111 1058 σου.

85 1078 111 1104 6.
127 1077 174 1113 Μὴ
185 1076 350 1113 συνελκύοῃς
364 1085 398 1113 με
414 1077 483 1113 μετὰ
502 1077 670 1113 ἁμαρτωλῶν
690 1075 754 1112 [Μὴ
771 1084 833 1102 συν-

55 1123 171 1159 ελκύσῃς
191 1123 259 1158 μετὰ
270 1123 325 1149 τῶν
338 1123 507 1158 ἁμαρτωλῶν
521 1123 570 1159 τὴν
580 1123 666 1158 ψυχήν
680 1122 742 1157 μου]
757 1130 764 1137 '

87 1169 111 1194 '1.
127 1168 185 1194 Καὶ
208 1169 277 1204 μετὰ
293 1168 483 1203 ἐργαζομένων
497 1168 603 1195 ἀδικίαν
627 1168 664 1203 μὴ
689 1167 835 1194 συναπολέ-

55 1221 100 1248 αις
111 1221 163 1249 με’

89 1281 126 1316 (a)
142 1280 177 1308 V.
191 1281 237 1309 50.
256 1281 368 1314 Ἕνεκα,
385 1287 450 1316 etc.,
464 1290 526 1317 usq.
543 1281 575 1308 ad
593 1281 736 1308 θλιεὸντων
753 1289 796 1315 με.

882 245 968 271 micos
981 252 1065 272 meos.

916 291 959 317 ΞΛ).
974 290 1011 317 Ne
1022 290 1166 318 tradideris
1179 298 1223 317 me
1237 291 1263 317 in
1275 291 1380 318 animas
1394 291 1583 318 tribulantium
1597 298 1640 318 me
1655 301 1661 317 ε

917 337 961 363 5t.
976 336 1110 370 Quoniam
1127 336 1336 364 insurrexerunt
1357 337 1383 363 in
1401 345 1445 364 me
1460 342 1542 365 testes
1555 337 1640 372 iniqui
1655 347 1661 363 :

918 382 961 409 52.
979 381 1010 408 Et
1024 382 1135 411 mentita
1147 387 1189 409 est
1206 382 1336 416 iniquitas
1354 382 1417 410 sibi.

914 429 957 456 55.
973 429 1059 456 Credo
1070 429 1161 455 videre
1175 428 1244 455 bona
1258 428 1364 455 Domini
1380 429 1406 455 in
1422 432 1492 456 terra
1503 429 1662 457 viventium.

918 517 960 544 56.
972 518 1102 552 Exspecta
1114 518 1258 546 Dominum
1271 528 1279 546 :

916 564 960 590 55.
976 563 1094 592 Viriliter
1106 572 1165 600 age,
1178 571 1205 592 ct
1218 565 1386 593 confortctur
1400 573 1448 593 eor
1458 571 1545 598 tuum,
1559 570 1586 594 et
1599 573 1661 595 sua-

882 608 936 636 tine
950 608 1105 636 Dominum.

991 698 996 702 .
1020 665 1144 692 Psalmus
1161 665 1254 693 David.
1283 665 1385 694 PSAL.
1402 666 1526 694 XXVII.

917 713 942 738 l.
955 712 995 738 Ad
1008 716 1044 745 te,
1057 712 1181 746 Domine,
1195 713 1329 747 clamabo,
1343 713 1412 741 Deus
1425 722 1501 741 meus
1513 723 1521 740 ι

916 758 944 784 2.
961 757 999 785 Ne
1009 758 1090 785 sileas
1102 766 1117 785 a
1133 766 1185 785 me.

917 803 943 830 ’5.
960 803 997 831 Ne
1010 804 1118 838 quando
1133 809 1223 831 taceas
1234 813 1248 831 a
1260 812 1314 836 me,
1330 809 1357 832 et
1369 805 1539 832 assimilahor
1553 805 1663 833 descen-

884 849 1010 877 dentibus
1024 850 1051 876 in
1063 850 1162 877 lacum.

918 895 944 921 4.
960 895 1080 927 Exaudi,
1095 894 1223 926 Domine,
1244 902 1336 922 vocem
1357 894 1555 930 deprecationis
1581 903 1662 929 mea,

883 942 947 969 dum
959 949 1007 969 oro
1019 942 1052 969 ad
1064 946 1101 973 te,

918 987 944 1014 5.
958 986 1026 1014 Dum
1041 987 1141 1015 extollo
1156 995 1252 1015 manus
1265 995 1340 1015 meas
1351 987 1383 1014 ad
1397 987 1527 1022 templum
1539 991 1662 1014 sanctum

885 1038 971 1060 tuum.

922 1075 947 1103 ti.
962 1074 1001 1102 Ne
1012 1075 1092 1102 simul
1108 1075 1201 1102 trahas
1215 1082 1258 1102 me
1276 1083 1337 1102 cum
1355 1075 1542 1110 peccatoribus
1559 1075 1610 1111 [Ne
1626 1077 1665 1103 si-

887 1122 941 1149 mul
957 1121 1048 1148 trahas
1064 1128 1126 1148 cum
1141 1120 1328 1155 peccatoribus
1343 1121 1462 1148 animam
1481 1121 1580 1157 meam]
1593 1131 1600 1148 :

923 1167 948 1193 7.
965 1166 997 1193 Et
1008 1174 1070 1194 cum
1081 1166 1254 1200 operantibus
1270 1165 1440 1201 iniquitatem
1453 1174 1486 1193 ne
1496 1167 1593 1201 perdas
1604 1174 1662 1194 mc:

609 1356 797 1385 ATHANASII
819 1355 1108 1384 INTERPRETATIO.

86 1441 133 1469 ‘29.
146 1440 204 1467 Καὶ
223 1439 270 1465 τὸν
292 1438 392 1474 Ἰωσὴφ
418 1435 592 1472 πλανώμενον
611 1436 742 1471 ὁδήγησον
757 1435 803 1471 (1).

87 1486 131 1513 50.
145 1485 194 1512 Διὰ
206 1484 269 1515 τοὺς
284 1482 395 1518 ἐχθρούς
407 1491 457 1517 μου
470 1482 508 1517 μὴ
525 1482 608 1518 ἐάσῃς
626 1490 670 1517 με.

88 1533 135 1560 51.
148 1531 308 1558 Διδάσκαλοι
319 1528 473 1564 αίρετικῶν.

89 1577 133 1605 52.
148 1577 204 1603 Καὶ
218 1575 314 1610 ψεῦδός
326 1576 398 1601 ἐστιν
409 1575 426 1610 ἠ
438 1573 598 1600 διδασκαλία
608 1573 708 1605 αὐτῶν,
726 1573 758 1608 ἣν
773 1573 834 1599 ἑαυ-

56 1624 108 1654 τοῖς
120 1621 245 1657 ἐφεῦρον,
258 1620 306 1647 καὶ
320 1620 380 1655 οὐχὶ
396 1619 472 1654 παρὰ
485 1619 544 1646 σοῦ.

87 1668 132 1695 35.
152 1668 186 1694 ’Δ
196 1666 380 1701 ἐπηγγείλατο
393 1667 449 1696 τοῖς
467 1664 612 1699 ἀγαπῶσιν
624 1665 715 1692 αὑτόν.

88 1714 132 1740 34.
153 1714 186 1740 '0
207 1713 261 1748 Ιιηὶιρ
278 1711 443 1747 ὑπομείνας
463 1712 507 1743 εἰς
523 1711 620 1744 τέλος,
635 1709 723 1743 οὗτος
740 1709 836 1744 σωθή-

59 1767 150 1786 σεται.

89 1804 132 1831 55.
150 1803 198 1838 Μὴ
219 1802 365 1835 ὲκλυέσθω,
380 1802 448 1829 ἀλλὰ
461 1801 637 1838 δυναμούσθω
651 1801 688 1836 (2)
701 1803 718 1836 ή
739 1801 835 1836 καρδία

57 1858 100 1876 σου
109 1858 116 1864 ·
132 1850 183 1876 καὶ
197 1849 360 1883 ὑπόμεινον
372 1848 425 1874 τὸν
438 1848 555 1882 Κύριον.

921 1434 965 1461 29.
982 1434 1015 1461 Et
1026 1437 1155 1468 tanquam
1172 1432 1272 1468 Ioseph
1286 1438 1420 1460 errantem
1432 1433 1458 1460 in
1472 1433 1516 1460 via
1528 1433 1624 1467 dirige.

921 1480 965 1506 50.
983 1479 1096 1514 Propter
1110 1479 1234 1506 inimicos
1252 1485 1326 1505 meos
1342 1485 1377 1505 ne
1390 1478 1511 1505 dimittas
1524 1485 1576 1505 me.

921 1526 965 1553 5t.
983 1525 1102 1560 Magistri
1117 1524 1314 1552 haereticorum.

920 1571 964 1598 52.
981 1571 1013 1598 Et
1032 1571 1149 1598 mendax
1169 1574 1211 1598 est
1235 1570 1356 1597 doctrina
1381 1577 1487 1601 eorum,
1507 1577 1588 1604 quam
1613 1570 1664 1597 sibi

885 1617 936 1652 ipsi
949 1617 1121 1647 invenerunt,
1135 1623 1188 1642 non
1201 1619 1291 1643 autem
1308 1620 1470 1650 acceperunt
1484 1622 1498 1641 ιι
1512 1620 1548 1642 te.

919 1662 963 1690 53.
980 1661 1046 1694 Quae
1059 1661 1185 1695 promisit
1196 1660 1370 1695 diligentibus
1387 1667 1426 1688 se.

919 1706 964 1733 54.
976 1705 1028 1737 Qui
1038 1705 1107 1732 enim
1119 1705 1290 1739 permanserit
1299 1713 1378 1740 usque
1389 1706 1415 1732 in
1427 1706 1516 1740 ﬁnem.
1526 1707 1567 1733 hic
1577 1706 1663 1733 salvus

883 1753 944 1779 crit.

921 1798 966 1825 '55.
979 1797 1018 1825 Ne
1032 1797 1206 1830 dissolvatur,
1221 1797 1268 1824 sed
1290 1796 1457 1824 confortetur
1472 1805 1520 1825 cur
1534 1803 1621 1830 tuum,
1640 1803 1664 1825 et

887 1844 988 1871 sustine
1000 1844 1150 1870 Dominum.

93 1915 123 1942 Ἡ
139 1917 306 1951 προκειμένη
322 1916 461 1950 ἐπιγραφὴ
486 1914 622 1949 περιέχει·
642 1913 796 1949 [Ψαλμὸς]
814 1913 852 1945 τῷ
876 1912 979 1939 Δαϐίδ·
998 1913 1096 1940 ὡσανεὶ
1119 1912 1256 1949 προσευχὴ
1276 1911 1323 1939 τοῦ
1337 1911 1411 1944 λαοῦ¹
1426 1911 1472 1938 τοῦ
1496 1912 1590 1939 ἑαυτὸν
1611 1922 1664 1948 χω-

57 1964 183 1998 ρήσαντος
193 1962 240 1989 τοῦ
256 1962 369 1997 κόσμου.
382 1962 462 1988 Δαϐὶδ
473 1963 526 1996 γὰρ
536 1961 714 1997 ἐρμηνευέται
723 1961 816 1995 μόνος
832 1961 878 1996 (5).

90 2009 197 2036 Titulus
209 2009 370 2044 praepositus
386 2008 524 2035 continet:
541 2007 666 2035 Psalmus
679 2007 764 2034 David
776 2015 786 2034 :
803 2008 886 2035 veluti
905 2005 993 2034 oratio
1015 2005 1107 2040 populi
1124 2005 1243 2040 seipsum
1263 2003 1414 2039 separantis
1426 2012 1442 2030 a
1454 2004 1564 2032 mundo.
1579 2003 1663 2032 David

57 2054 125 2081 enim
138 2051 332 2089 interpretatur
347 2053 428 2079 solus.

90 2124 116 2150 ι.
130 2116 253 2156 Στενάξω
268 2122 337 2158 πρδς
353 2121 394 2148 σέ.

91 2168 116 2196 Ξ.
133 2168 179 2203 Μὴ
191 2167 368 2204 παρακούσῃς
388 2174 449 2202 pou;

90 2214 117 2241 5.
130 2215 244 2248 Μήποτε
268 2213 444 2248 ἀφρόντιστον
469 2221 502 2248 με
527 2213 627 2249 ἐάσῃς,
642 2212 690 2238 καὶ
713 2210 833 2243 ἐξισωθῶ

59 2261 110 2291 τοῖς
121 2261 228 2290 ἑαυτοῖς
239 2258 444 2294 ἐπιρριπτουσιν
461 2259 491 2285 ὲν
503 2259 650 2295 ἁμαρτίαις
665 2257 714 2293 (4).

93 2305 118 2332 4.
130 2305 333 2335 Εὶσάκουσον.
345 2304 444 2337 Κύριε,
456 2305 509 2339 τῆς
522 2305 623 2339 φωνῆς
636 2304 691 2338 τῆς
702 2303 833 2337 δεήσεώς

58 2359 112 2384 μου
127 2353 155 2378 ἐν
170 2351 210 2386 τῷ
221 2351 387 2386 προσφέρειν
402 2350 487 2385 αὐτὴν
505 2350 618 2377 ἐνώπιόν
635 2359 691 2376 σου.

92 2395 118 2422 5.
139 2397 182 2423 Ἔν
193 2395 232 2430 τῷ
249 2396 335 2430 αίρειν
353 2404 387 2430 με
403 2395 452 2430 τὴν
465 2395 584 2422 διάνοιάν
601 2403 651 2430 μου
669 2395 710 2426 είς
723 2394 769 2422 τὸν
788 2394 834 2420 οὺ-

61 2442 146 2477 ρανόν.

91 2487 116 2514 6.
133 2488 170 2523 (5)
183 2488 230 2524 Μὴ
242 2487 362 2523 παράδος
376 2496 410 2523 με
429 2487 467 2522 τῷ
482 2487 596 2522 suam?
618 2487 664 2514 καὶ
681 2487 735 2518 τοῖς
751 2485 835 2520 ἀγγέ-

62 2530 112 2563 λοις
125 2532 206 2559 αὑτοῦ
220 2532 260 2568 τῷ
270 2533 371 2569 αἰωνίῳ
384 2533 461 2568 πυρί.

923 2121 947 2147 l.
964 2121 1139 2156 lngemiscam
1157 2122 1190 2148 ad
1203 2126 1237 2149 te.

920 2167 947 2194 2.
964 2166 1002 2193 Ne
1011 2174 1054 2194 me
1068 2167 1217 2195 inauditum
1230 2171 1383 2202 prmtcreas.
1644 2197 1650 2204 ,

921 2213 946 2240 5.
963 2212 1110 2248 Nequando
1122 2221 1165 2240 me
1180 2214 1332 2249 neglectum
1346 2213 1477 2245 dimittas,
1494 2217 1521 2240 et
1537 2213 1665 2248 adaaquer

886 2258 1087 2293 projicientibus
1102 2266 1132 2286 se
1144 2259 1171 2286 in
1187 2263 1308 2293 peccata.

919 2303 946 2330 4.
956 2303 1071 2337 Exaudi,
1083 2303 1202 2336 Domine,
1213 2312 1301 2331 υυεεηι
1312 2303 1502 2338 deprecationis
1513 2310 1587 2335 meae,
1600 2302 1664 2330 dum

885 2356 943 2376 eam
956 2349 1062 2383 profero
1076 2356 1167 2376 coram
1184 2353 1220 2377 te.

918 2393 945 2420 5.
965 2393 1034 2421 Dum
1049 2393 1148 2421 extollo
1162 2397 1278 2421 mentem
1293 2400 1381 2421 meam
1395 2393 1423 2420 in
1438 2393 1547 2421 coelum.

920 2482 946 2509 6.
963 2482 1003 2509 Ne
1016 2482 1108 2510 tradas
1123 2490 1166 2510 me
1180 2482 1288 2510 diabolo
1302 2486 1329 2509 et
1344 2483 1447 2518 angelis
1457 2483 1516 2518 ejus
1532 2482 1558 2509 in
1572 2482 1660 2517 ignem

883 2532 1034 2563 aeternum;

527 2620 679 2652 Addenda
691 2624 722 2652 et
740 2620 926 2660 corrigenda
948 2628 987 2651 ex
1001 2619 1070 2651 cod.
1090 2618 1188 2650 Vatic.

105 2715 129 2751 1)
145 2716 199 2748 Ὧς.
214 2721 279 2749 etc.,
290 2715 444 2751 ὡδήγησας.

104 2750 130 2786 ξ)
151 2750 381 2786 Ἐνδυναμούσθω.

141 2784 297 2826 ’ἐπιγραφῇ
310 2785 391 2826 ήψδιὰ
410 2786 459 2821 τῆς
479 2786 663 2826 ξιινναΰᾲρεως
689 2785 827 2826 ξεριέχειὶ

63 2819 104 2845 τοῦ
117 2820 204 2854 Δαὸὶδ,
221 2819 258 2852 ὥς
275 2819 309 2847 ἂν
362 2819 498 2856 προσευχὴ
511 2821 558 2847 τοῦ
579 2819 644 2848 λαοῦ
663 2821 709 2848 τοῦ
726 2819 826 2848 ἑαυτοῦ

918 2828 932 2846 ν
943 2819 1075 2854 ἀγγέλων,
1091 2824 1144 2847 etc.
1160 2819 1192 2846 N.
1207 2820 1233 2854 8,
1252 2820 1277 2846 9.
1294 2836 1301 2845 .
1319 2839 1324 2844 .
1343 2838 1349 2844 .

211 2868 346 2898 PATROL.
368 2867 425 2898 Gn.
450 2867 579 2898 XXVII.

881 2714 1063 2749 χωρήσαντος,
1079 2718 1132 2741 etc.

927 2748 954 2783 4)
968 2749 1101 2784 ξΕαυτοὺς
1112 2769 1119 2775 .
1133 2769 1140 2776 .
1154 2768 1160 2774 .
1174 2749 1214 2780 εἰς
1226 2748 1371 2784 ἁμαρτίαν.

915 2778 952 2818 (5)
967 2782 999 2810 Ν.
1014 2783 1040 2816 6,
1052 2784 1079 2811 7.
1091 2778 1142 2819 ’Μὴ
1157 2778 1275 2819 παράδος
1331 2781 1453 2819 μετὰλτοῦ
1465 2778 1599 2819 διαϐόλου,
1610 2779 1656 2806 καὶ

899 2817 932 2846 ὢν
943 2819 1075 2853 ἀγγέλων,
1091 2817 1144 2847 etc.
1160 2817 1233 2853 Νζε,
1252 2820 1277 2846 9.
1289 2817 1301 2845 ν.
1368 2817 1414 2844 καὶ
1430 2817 1593 2853 μηνιαστῶν.

1460 2861 1498 2893 2h
