1919 3051
258 132 310 166 7.57

292 192 321 220 8.
333 190 385 225 Qui
398 190 545 226 loquuntur
560 197 653 226 pacem
669 198 731 218 cum
746 190 872 225 proximo
882 198 950 218 suo:

295 281 321 310 9.
336 280 405 309 Mala
416 286 505 309 autem
524 281 550 308 in
566 280 694 309 cordibus
704 288 811 309 eorum.

294 328 336 355 10.
351 328 387 355 Da
405 328 467 360 illis,
481 327 604 360 Domine,
617 327 766 355 secundum
783 335 865 362 opera
881 335 989 360 eorum,

296 374 339 400 1|.
363 373 396 401 Et
421 373 569 401 secundum
594 373 744 408 nequitiam
761 373 983 401 adinventionum
1000 374 1041 410 ip-

260 427 365 449 eorum.

295 465 339 494 12.
355 465 510 493 Secundum
523 472 605 500 opera
614 472 748 493 manuum
760 473 856 494 eorum
869 466 958 494 tribue
971 466 1038 493 illis:

294 511 338 539 15.
354 510 445 539 Redde
463 511 667 539 retributionem
681 519 775 539 eorum
793 511 870 546 ipsis.

294 556 339 583 1.1.
356 555 491 589 Quoniam
505 563 560 584 non
579 556 772 585 intellexerunt
787 565 869 593 opera
885 557 1003 590 Domini,
1058 577 1063 582 .

295 603 338 630 15.
356 602 389 630 Ει
400 603 427 630 in
443 610 525 638 opera
540 610 669 630 manuum
682 603 739 638 ejus
756 613 762 630 :

296 649 339 676 16.
353 648 480 677 Destrues
493 649 565 683 illos,
577 654 605 676 et
621 656 678 676 non
694 649 840 677 aadiﬁcabis
857 656 915 677 eos.

297 740 340 768 17.
361 740 521 768 Benedictus
536 740 678 774 Dominus,
692 740 822 776 quoniam
841 741 979 769 exaudivit
994 747 1042 768 vo-

260 793 319 814 cem
336 786 533 821 deprecationis
545 793 620 815 meae.

297 831 339 858 18.
354 831 485 859 Dominus
499 831 607 867 adjmor
620 839 698 860 meus
709 836 736 860 et
753 836 889 868 protector
902 840 990 861 meus.

661 130 690 158 S.
709 129 893 158 ATIIANASH
912 130 986 159 OPP.
1005 131 1095 161 PARS
1113 131 1158 159 Ill.
1176 146 1211 151 --
1230 129 1441 158 EXEGETICA.

1830 128 1878 156 713

1052 193 1076 222 Α
1124 190 1149 217 8.
1168 189 1228 216 Τῶν
1242 189 1392 216 λαλούντων
1406 188 1519 224 εἰρήνην
1534 186 1604 222 μετὰ
1618 186 1672 215 τῶν
1696 186 1819 222 πλησίων
1833 187 1879 214 αὺ-

1094 245 1158 263 των·

1127 282 1155 310 9.
1168 281 1249 308 Κακὰ
1262 281 1290 308 δὲ
1307 282 1335 308 ἐν
1348 281 1407 312 ταῖς
1421 279 1544 316 καρδίαις
1553 279 1652 306 αὐτῶν.

1128 327 1172 355 10.
1186 327 1235 359 Δὸς
1250 327 1350 359 αὐτοῖς,
1361 326 1459 361 Κύριε,
1477 325 1549 352 κατὰ
1561 325 1595 352 τὰ
1606 325 1674 361 ἔργα
1685 324 1788 356 αὐτῶν,

1129 373 1172 400 11.
1190 373 1244 400 Καὶ
1264 372 1333 399 κατά
1358 371 1406 407 τὴν
1432 371 1564 407 πονηρίαν
1582 370 1636 398 τῶν
1656 369 1880 405 ἐπιτηδευμάτων

1093 419 1194 447 αὐτῶν.

1128 465 1171 492 12.
1188 463 1266 492 Κατὰ
1280 463 1314 490 τὰ
1329 463 1396 499 ἔργα
1408 462 1461 489 τῶν
1472 461 1572 498 χειρῶν
1585 461 1675 489 αὐτῶν
1688 461 1734 493 δὸς
1746 460 1840 492 αὐτοῖς
1850 467 1859 475 ⁶

1128 511 1172 540 15.
1193 510 1303 542 Ἀπόδος
1312 510 1341 536 τὸ
1353 509 1527 543 ἀνταπόδομα
1541 508 1630 535 αὐτῶν
1641 508 1745 539 αὐτοῖς.

1128 557 1171 583 11.
1185 557 1247 582 Ὅτι
1261 556 1291 583 οὺ
1305 555 1424 590 συνῆκαν
1438 555 1478 586 είς
1491 555 1526 581 τὰ
1538 555 1606 590 ἔργα
1622 554 1725 590 Κυρίου
1736 574 1745 585 ,

1128 602 1171 629 15.
1189 602 1243 629 Καὶ
1258 602 1297 634 είς
1311 602 1346 628 τὰ
1359 601 1426 636 ἔργα
1440 602 1494 628 τῶν
1508 601 1608 636 χειρῶν
1627 600 1721 628 αὑτοῦ.

1129 647 1172 675 16.
1190 648 1321 679 Καθελεϊς
1338 648 1445 680 αὐτοὺς,
1463 648 1511 674 καὶ
1521 647 1552 674 οὐ
1571 647 1608 683 μὴ
1628 646 1816 682 οἱκοδομήσεις
1830 645 1880 671 αὺ-

1093 703 1166 726 τους.

1129 741 1172 768 17.
1185 740 1335 776 Εὐλογητὸς
1341 740 1453 776 Κύριος,
1464 741 1504 768 ὅτι
1519 741 1661 776 είσήκουσε
1670 740 1719 776 τῆς
1727 740 1819 776 φωνῆς
1830 740 1878 775 τῆς

1091 787 1212 824 δεήσεὼς
1227 796 1288 824 μου.

1129 833 1173 861 18.
1193 833 1294 867 Κύριος
1311 832 1406 869 βοηθός
1420 841 1470 868 μου
1484 833 1531 860 καὶ
1546 832 1752 868 ὑπερασπιστὴς
1769 841 1828 875 ρίου.

297 877 341 906 19.
358 876 386 904 ln
401 877 459 912 ipso
473 878 590 913 speravit
603 885 651 906 cor
669 885 770 912 meum,
787 884 815 906 et
831 879 942 915 adjutus
957 888 1018 908 sum
1035 890 1042 908 :
1058 868 1070 895 Ῐ

1131 878 1174 906 19.
1195 879 1253 905 Ἐπ’
1266 878 1341 913 αὐτῷ
1356 877 1468 913 ἧλπισεν
1479 879 1496 914 ὴ
1512 877 1608 912 καρδία
1625 885 1686 913 μου,
1704 877 1754 903 καὶ
1767 868 1881 912 {6030i}-

295 969 340 997 20.
356 969 389 997 Et
404 970 526 998 reﬂoruit
540 978 605 999 caro
620 978 681 999 mea
698 981 704 998 :

294 1015 340 1043 2i.
356 1014 390 1043 Et
405 1023 439 1043 ex
453 1016 594 1044 voluntate
610 1024 670 1044 mea
683 1017 834 1046 conﬁtebor
850 1017 886 1045 ei.

295 1061 341 1089 22.
356 1061 488 1090 Dominus
505 1061 637 1091 fortitudo
649 1063 737 1098 plebis
754 1071 811 1091 suae
825 1073 833 1098 ;

294 1107 341 1136 23.
355 1107 388 1136 Et
401 1113 537 1144 protector
547 1109 728 1140 salvationum
742 1110 845 1138 Christi
859 1110 902 1138 sui
917 1114 968 1138 est.

296 1199 341 1227 21.
356 1198 466 1227 Salvum
482 1199 525 1227 fac
541 1200 669 1235 populum
679 1204 768 1233 tuum,
782 1199 905 1232 Domine.
919 1205 946 1228 et
960 1201 1043 1229 bene-

262 1243 305 1272 dic
324 1244 474 1272 haereditati
491 1250 555 1272 tum.

296 1289 342 1317 25.
357 1289 390 1317 Et
404 1297 467 1325 rege
486 1297 543 1324 eos,
556 1294 583 1318 et
601 1289 700 1318 extolle
723 1289 784 1318 illos
806 1298 894 1327 usque
917 1291 945 1318 in
961 1296 1041 1320 aeter-

263 1343 339 1364 num.
428 1344 452 1392 ᾗ

1096 924 1146 960 θην
1155 931 1162 940 ’

1128 969 1173 996 20.
1189 970 1243 996 Καὶ
1253 969 1382 997 ἁνέθαλεν
1398 970 1414 1004 ἡ
1433 968 1501 1004 σάρξ
1518 978 1568 1004 μου
1579 977 1586 985 ·

1127 1017 1174 1044 21.
1189 1017 1245 1044 Καὶ
1257 1017 1289 1042 ὲκ
1302 1016 1454 1050 Θελήματός
1474 1024 1524 1051 μου
1549 1014 1782 1051 ὲξομολογήσομαι
1798 1015 1870 1051 αὐτῷ

1127 1063 1173 1091 22.
1187 1063 1289 1098 Κύριος
1301 1063 1463 1099 κραταίωμα
1477 1061 1523 1088 τοῦ
1541 1061 1606 1088 λαοῦ
1620 1061 1702 1088 αὐτοῦ
1714 1070 1721 1076 ·

1128 1109 1173 1137 23.
1191 1110 1246 1136 Καὶ
1260 1108 1466 1144 ὑπερασπιστὴς
1483 1107 1536 1134 τῶν
1546 1107 1686 1143 σωτηρίων
1703 1107 1752 1134 τοῦ
1764 1107 1881 1143 Χριστοῦ

1095 1155 1177 1182 αὑτοῦ
1189 1156 1271 1182 ἐστιν.

1129 1201 1175 1228 24.
1190 1200 1280 1228 Σῶσον
1291 1200 1336 1227 τὸν
1348 1199 1412 1227 λαόν
1429 1208 1487 1232 σου,
1498 1199 1545 1226 καὶ
1560 1198 1708 1234 εὐλύγησον
1720 1199 1771 1235 τὴν
1786 1199 1883 1235 κληροι

1097 1247 1191 1283 νομίαν
1207 1255 1265 1274 σου.

1130 1293 1175 1320 25.
1191 1293 1246 1320 Καὶ
1256 1292 1386 1328 ποίμανον
1403 1292 1512 1326 αὐτοὺς,
1525 1291 1574 1319 καὶ
1588 1290 1689 1328 επαρον
1702 1291 1806 1323 αὐτοὺς
1832 1291 1883 1323 ἕως

1095 1338 1143 1365 τοῦ
1159 1338 1266 1371 αἰῶνος.

817 1423 1003 1452 ATHANASII
1023 1423 1316 1453 INTERPRETATIO.

298 1512 326 1546 ’1,
349 1512 377 1540 9.
404 1512 472 1540 Cum
502 1512 688 1547 daemonibus,
712 1517 742 1541 et
763 1513 931 1549 hypocritis,
951 1518 979 1542 et
1000 1513 1070 1546 in-(

1131 1514 1185 1548 7,9.
1200 1515 1261 1542 Τῶν
1267 1515 1410 1550 δαιμόνων,
1420 1516 1467 1542 καὶ
1477 1515 1642 1551 ὑποκριτῶν,
1652 1514 1700 1541 καὶ
1712 1514 1881 1550 μανιαστῶν.

262 1559 350 1587 sanis.

299 1604 342 1632 10.
356 1602 589 1637 Quemadmodum
611 1601 731 1638 duplices
745 1606 820 1636 sunt,
833 1603 867 1631 da
886 1603 940 1632 illis
953 1604 1043 1641 dupli-

263 1659 322 1679 cem
335 1650 519 1679 amictioncm.

299 1697 344 1725 11.
357 1696 512 1724 Secundum
531 1695 679 1731 injustitias
690 1702 794 1723 eorum.

300 1743 346 1776 12,
358 1743 403 1770 15.
420 1741 657 1775 Quemadmodum
676 1745 876 1769 consueverunt
900 1742 971 1770 mala
989 1743 1046 1771 sin—

264 1790 336 1827 gulis
347 1789 424 1823 dare,
438 1789 475 1816 ita
487 1789 521 1816 da
536 1788 613 1823 ipsis.

299 1835 344 1868 11,
362 1835 408 1863 15.
423 1834 558 1868 Quoniam
574 1841 625 1862 nec
639 1841 721 1871 opera
731 1835 840 1864 Domini
857 1836 928 1864 scire
941 1835 1044 1868 volunt,

265 1890 317 1910 nec
326 1881 430 1917 judicia
439 1881 510 1916 ejus.

306 1928 346 1955 l6.
368 1927 507 1956 Percuties
525 1934 584 1961 eos,
608 1931 636 1955 et
661 1935 715 1956 non
737 1928 869 1962 sanabis;
896 1935 951 1956 non
974 1935 1046 1955 enim

265 1974 338 2010 paeni
343 1973 404 2002 tebu
408 1978 449 2001 nt.

302 2021 345 2048 17.
361 2020 517 2048 Benedictus
536 2020 678 2054 Dominus,
690 2021 816 2056 quoniam
828 2020 949 2056 implevit
963 2028 1048 2047 vacem

266 2066 455 2100 deprecationis
470 2073 545 2094 mm.

301 2111 346 2139 18.
365 2111 496 2139 Dominus
513 2116 659 2148 protegens
678 2118 732 2144 me,
746 2116 773 2139 et
787 2111 930 2146 insurgens
949 2110 977 2137 in
997 2110 1049 2137 ini-

266 2157 353 2185 micos
365 2163 453 2184 meos.
912 2148 916 2153 ’

302 2201 346 2228 19.
361 2200 393 2227 Ei
407 2201 528 2236 seipsum
553 2201 665 2229 tradidit
679 2207 727 2229 cor
741 2208 843 2233 meum,
864 2204 892 2227 et
905 2198 1046 2228 conforta~
1063 2186 1085 2213 ι)

264 2253 326 2274 tum
341 2251 383 2274 est
395 2246 430 2273 ab
441 2254 484 2274 eo.

299 2280 393 2319 2071:.
407 2293 616 2320 resurrectione.

302 2338 348 2365 21.
365 2337 492 2373 Prompte
515 2339 563 2366 tibi
586 2339 712 2372 serviam,
732 2343 762 2366 et
785 2337 892 2365 tradam
915 2337 1048 2372 meipsum

267 2384 329 2413 tibi.

302 2429 348 2456 22.
368 2429 498 2456 Dominus
511 2429 597 2457 virtus
610 2426 701 2462 populi
714 2426 769 2454 sui.

302 2476 347 2502 23.
365 2475 527 2502 Sanctorum
538 2474 597 2501 Filii
607 2473 648 2501 sui
659 2477 794 2508 protector
806 2477 859 2500 est.

302 2521 347 2548 21.
363 2519 395 2547 Et
411 2527 484 2547 nunc
496 2524 523 2547 et
535 2519 562 2546 in
581 2518 672 2546 futuro
686 2518 797 2546 saeculo.

301 2566 484 2595 25.Gloriiica
499 2573 547 2593 eos
566 2565 593 2592 in
606 2572 688 2601 regno
703 2568 761 2592 tuo.

1131 1603 1174 1631 10.
1190 1602 1227 1639 (1)
1241 1602 1341 1635 Καθὼς
1359 1604 1411 1630 εισι
1433 1603 1528 1637 δισσοὶ,
1541 1603 1586 1636 δὸς
1600 1604 1693 1636 αὐτοῖς
1712 1604 1805 1632 δισσὸν
1821 1603 1883 1631 σύν-

1096 1655 1216 1683 τριμμα.

1097 1708 1102 1715 ι
1132 1694 1177 1722 11.
1191 1690 1289 1726 Κατως
1298 1695 1347 1726 τὰς
1358 1693 1463 1726 ἀδικίας
1475 1694 1574 1722 αὐτῶν.

1133 1739 1177 1773 12,
1193 1741 1237 1768 15.
1251 1740 1349 1772 Καθὼς
1369 1740 1475 1777 πονηρὰ
1495 1741 1622 1768 εἰώθασιν
1646 1742 1753 1777 ἑκάστῳ
1772 1741 1882 1772 διδόναι,

1095 1784 1183 1817 οὕτως
1193 1785 1237 1818 δὺς
1251 1786 1352 1817 αὐτοῖς.

1133 1832 1177 1864 14,
1195 1831 1239 1859 15.
1256 1833 1316 1859 Ὅτι
1327 1832 1395 1868 ἔργα
1407 1833 1510 1868 Κυρίου
1523 1832 1621 1860 εἰδέναι
1632 1833 1662 1860 οὑ
1678 1833 1810 1866 θέλουσιν,
1823 1833 1883 1860 οὺδὶ

1097 1876 1132 1903 τὰ
1148 1876 1320 1912 δικαιώματα
1334 1877 1427 1904 αὑτοῦ.

1133 1922 1179 1950 16.
1208 1922 1341 1955 Πατάξεις
1363 1923 1471 1956 αὐτοὺς,
1492 1923 1540 1950 καὶ
1570 1924 1600 1950 οὐ
1625 1924 1663 1959 μὴ
1676 1924 1758 1959 ἰὰσῃσ
1779 1924 1809 1950 οὗ
1829 1923 1881 1959 γὰρ

1100 1969 1312 2004 μετανοήσουσιν
1329 1969 1379 2005 (2).

1134 2014 1178 2041 17.
1191 2014 1361 2049 Εὐλογητὸς
1369 2014 1486 2049 Κύριος,
1499 2014 1544 2042 ὅτι
1552 2015 1694 2050 ἐπλήρωσε
1708 2014 1767 2049 τὴν
1780 2014 1882 2050 φωνὴν

1098 2059 1154 2094 τῆς
1168 2059 1300 2093 δεήσεώς
1312 2069 1382 2095 μου.

1134 2105 1178 2132 18.
1194 2104 1295 2140 Κύριος
1319 2104 1427 2132 σκέπων
1455 2113 1500 2140 με,
1516 2105 1565 2132 καὶ
1591 2105 1806 2140 ἔπανιστάμενος
1827 2106 1882 2134 τοῖς

1101 2150 1147 2185 ὲχθ
1152 2151 1208 2186 ροῖς
1219 2159 1280 2185 μου.

1135 2196 1178 2223 19.
1189 2195 1267 2230 Αὐτῷ
1282 2195 1380 2228 ἑαυτὴν
1397 2195 1526 2228 ἐξέδωκεν
1542 2197 1559 2230 ἡ
1574 2195 1672 2231 καρδία
1686 2204 1749 2231 μου,
1768 2196 1817 2223 καὶ
1843 2196 1882 2222 tv-

1100 2241 1258 2276 εδυναμώθη
1273 2242 1318 2268 ὑπ’
1329 2241 1421 2269 αὐτοῦ.

1133 2287 1179 2314 20.
1202 2287 1246 2313 Ἐν
1260 2289 1292 2322 τῇ
1305 2287 1462 2314 ἀναστάσει.

1133 2333 1178 2359 21.
1209 2333 1360 2369 Προθύμως
1378 2333 1511 2360 δουλεύσω
1538 2342 1597 2366 σοι,
1628 2334 1675 2361 καὶ
1706 2333 1815 2360 ἐκδώσω
1841 2341 1882 2359 σοι

1100 2378 1215 2413 ἐμαυτόν
1229 2378 1278 2413 (Ξ).

1137 2423 1183 2451 22.
1200 2424 1301 2460 Κύριος
1319 2425 1432 2460 δύναμις
1447 2425 1494 2452 τοῦ
1511 2425 1575 2452 λαοῦ
1590 2424 1684 2453 αὑτοῦ.

1136 2469 1181 2495 22.
1199 2469 1259 2495 Τῶν
1271 2469 1354 2504 ἁγίων
1362 2469 1408 2496 τοῦ
1420 2470 1484 2497 Υὶοῦ
1490 2469 1572 2497 αὑτοῦ
1582 2471 1787 2507 ὑπερασπιστὴς
1798 2472 1882 2498 ἐστιν.

1135 2514 1180 2540 24.
1199 2515 1253 2541 Καὶ
1272 2516 1300 2541 ἐν
1318 2515 1356 2551 τῷ
1370 2515 1417 2542 νῦν
1433 2516 1480 2542 καὶ
1499 2517 1527 2542 ὲν
1542 2516 1580 2551 τῷ
1595 2516 1719 2552 μέλλοντι
1731 2517 1818 2543 αἰῶνι.

1137 2559 1181 2587 25.
1196 2560 1312 2592 Δύξασον
1327 2562 1424 2593 αὐτοὺς
1438 2562 1467 2589 ὲν
1482 2563 1515 2598 τῇ
1532 2561 1656 2599 βασιλείᾳ
1672 2571 1730 2590 σου.

740 2661 894 2692 Addenda
912 2665 943 2693 et
958 2661 1144 2702 corrigenda
1163 2671 1203 2693 ex
1218 2661 1287 2693 cod.
1306 2662 1406 2693 Vatic.

307 2761 343 2797 (1,)
353 2760 386 2789 Ν.
403 2761 446 2788 10.
460 2760 593 2797 Κακέιδδς
606 2761 634 2797 sv
645 2761 703 2797 ταῖς
711 2758 943 2797 καρδ-ίαιςηαὺτῶν.
998 2758 1040 2797 1.

269 2793 367 2828 Meis;
385 2797 446 2827 εἰσι,
464 2800 514 2823 etc.
535 2795 568 2823 N.
586 2795 630 2823 12.
649 2796 728 2823 Κατὰ
750 2793 803 2826 ’τάς
831 2794 899 2830 (non
920 2793 1039 2828 καθώς).

267 2831 299 2859 Ν.
317 2832 360 2860 13.
376 2830 473 2864 Καθὼς
484 2831 600 2866 πονηρά,
608 2834 661 2860 etc.

1193 2761 1281 2798 Ἰάσῃς
1295 2761 1395 2793 αὐτούς
1409 2769 1416 2776 ·
1428 2761 1459 2786 οὐ
1472 2759 1526 2798 γᾲρ
1542 2768 1602 2795 μετ.

1131 2797 1169 2832 (5)
1184 2796 1324 2824 Δουλεύσω
1342 2806 1382 2823 σοι
1399 2796 1526 2832 ἐμαυτόν.
