1919 3051
74 119 126 146 Ή9
500 114 544 143 DE
567 115 703 144 TITULIS
723 113 951 143 PSALMORUM.
969 129 1005 135 —-
1024 112 1119 141 PSAL.
1142 106 1262 139 XXVIII.
1636 109 1689 138 750

186 169 310 203 fututor
331 174 371 208 τῷ
384 175 483 208 Δαϐὶδ,
497 176 603 208 ἐξόδου
617 176 744 211 σκηνῆς.

400 223 486 249 ΨΑΛ.
504 224 572 249 KII’.

114 270 139 296 1.
161 269 305 302 Ἐνέγκατε
318 267 358 303 τῷ
371 268 476 303 Κυρίῳ,
488 269 541 295 υίοὶ
557 268 624 295 Θεοῦ
634 277 640 284 ·

113 316 140 343 2.
163 314 358 350 Ἐνέγκατετῷ
377 314 472 350 Κυρίῳ
492 315 565 347 υἱοὺς
577 315 672 350 κριὼν.

113 363 140 389 5.
159 362 302 396 Ἐνέγκατε
315 361 354 396 τῷ
370 361 464 396 Κυρίῳ
479 360 556 392 δόξαν
574 363 620 388 καὶ
631 362 714 398 τιμήν
725 371 732 377 ·

113 408 140 435 4.
165 409 308 443 Ἐνέγκατε
322 408 360 443 τῷ
372 408 466 443 Κυρίῳ
480 407 559 441 δόξαν
570 409 681 444 ὀνόματι
696 409 789 435 αὐτοῦ’

114 455 142 482 5.
155 455 364 490 Προσκυνήσατε
383 454 421 489 τῷ
431 454 524 489 Κυρίῳ
540 455 569 480 ἐν
585 454 653 490 αὐλῇ
675 454 741 490 ἁγίᾳ
768 454 861 482 αὑτοῦ.

113 500 141 527 6.
157 499 233 535 Φωνὴ
251 500 353 535 Κυρίου
367 500 413 526 ἐπὶ
424 499 478 525 τῶν
495 499 598 526 ὑδάτων
608 508 616 516 ο

115 547 140 574 7.
164 547 193 574 '0
210 546 276 578 Θεὸς
292 546 342 580 τῆς
352 546 430 580 δόξης
447 545 609 581 ἐϐρόντησε·

113 592 139 620 8.
156 591 257 627 Κύριος
270 592 316 617 ἐπὶ
333 590 435 618 ὑδάτων
450 590 564 618 πολλῶν.

113 637 141 665 9.
156 637 233 672 Φωνὴ
250 637 353 672 Κυρίου
364 637 393 663 ὲν
406 636 477 671 ἰσχύϊ
487 643 497 651 υ

113 684 158 711 10.
173 682 250 718 Φωνὴ
263 684 364 718 Κυρίου
382 683 410 708 έν
425 682 653 718 μεγαλοπρεπειᾳ.

112 729 158 757 1|.
175 728 252 764 Φωνὴ
264 728 366 763 Κυρίου
385 727 570 763 συντρίϐοντος
581 728 628 754 κέδ
633 736 694 763 ρους
703 736 711 744 ·

114 774 159 801 19..
176 774 230 801 Καὶ
238 773 376 809 συντρίψει
384 772 485 808 Κύριος
493 774 542 805 τὰς
558 773 605 799 κέδ
610 781 672 808 ρους
683 772 729 799 τοῦ
737 773 861 800 Λιϐάνου·

115 821 160 847 13.
177 820 232 847 Καὶ
245 820 372 847 λεπτυνεῖ
391 819 475 851 αὑτὰς
490 819 528 850 ὡς
549 819 594 846 τὸν
610 819 710 854 μόσχον
726 818 772 845 τοῦ
786 818 862 854 [τὸν]

77 865 198 893 Λιϐάνου
207 873 215 881 “

114 911 159 939 Η.
177 911 231 938 Καὶ
241 913 256 938 ό
272 912 448 947 ἡγαπημὲνος
460 911 498 943 ὡς
513 911 570 943 υίὸς
587 910 790 946 μονοκερώτων.

113 956 159 983 15.
177 957 253 991 Φωνὴ
267 956 369 992 Κυρίου
383 956 575 988 διακόπτοντος
587 956 673 990 φλόγα
683 956 779 991 πυρός.

114 1001 158 1029 16.
174 1002 250 1037 Φωνὴ
264 1003 366 1038 Κυρίου
380 1002 547 1034 συσσείοντος
565 1001 668 1038 ἔρημον
678 1010 685 1018 ”

1021 172 1142 199 Psalmus
1159 171 1254 202 David,
1271 171 1356 197 exitus
1369 178 1382 196 θ
1397 169 1577 197 tabernaculo.

1170 216 1272 244 PSAL.
1289 215 1339 242 XX
1349 214 1431 242 VIII.

948 263 972 290 1.
993 263 1092 291 Aﬁerte
1104 262 1229 295 Domino,
1243 262 1290 289 ﬁlii
1304 261 1371 295 Dei;

946 309 973 336 2.
987 309 1086 336 Aﬁ'erte
1101 309 1216 336 Domino
1230 309 1301 336 ﬁlios
1314 308 1440 335 arietum.

947 355 974 382 ὅ.
992 355 1092 382 Aﬁerte
1106 354 1219 382 Domino
1233 354 1346 389 gloriam
1359 358 1386 381 et
1399 354 1528 381 honorem
1543 363 1551 381 :

947 400 974 427 ιι.
989 400 1087 428 Aﬁerte
1098 400 1213 428 Domino
1227 401 1340 435 gloriam
1357 400 1461 427 nomini
1476 400 1551 435 ejus:

948 448 976 475 5.
989 447 1107 474 Adorate
1119 447 1263 474 Dominum
1279 447 1307 473 in
1322 446 1391 474 atrio
1406 450 1502 474 sancto
1515 447 1585 482 ejus.

949 493 975 520 6.
989 491 1047 519 Vox
1061 492 1168 519 Domini
1183 499 1266 526 super
1276 499 1382 526 aquas:

949 539 973 564 7.
991 538 1063 565 Deus
1077 537 1226 572 majestatis
1238 537 1356 564 intonuit
1369 545 1376 569 ;

948 585 974 611 8.
991 583 1122 611 Dominus
1137 591 1217 618 super
1230 591 1315 618 aquas
1330 583 1441 610 multas.

950 628 977 656 9.
995 628 1054 656 Vox
1069 628 1177 655 Domini
1191 628 1219 654 in
1234 628 1334 655 virtute
1351 637 1358 657 :

949 674 992 701 10.
1010 673 1066 701 Vox
1082 673 1190 701 Domini
1200 674 1235 712 ‘in
1255 673 1464 709 magniﬁcentia.

949 721 992 748 1|.
1011 720 1066 748 Vox
1082 721 1189 748 Domini
1205 720 1400 755 confringentis
1414 719 1509 747 cedros
1524 728 1533 746 :

950 767 993 794 12.
1010 766 1043 793 Et
1056 766 1209 802 confringet
1223 766 1354 794 Dominus
1371 765 1465 793 cedros
1479 765 1574 793 Libani
1586 775 1594 793 :

949 812 994 840 13.
1007 812 1040 840 Et
1055 813 1221 840 comminuet
1233 819 1280 840 eas
1302 816 1430 847 tanquam
1444 811 1559 839 vitulum
1575 811 1671 839 Libani
1684 821 1690 839 :

949 911 993 937 14.
1008 909 1043 938 Et
1053 910 1166 939 dilectus
1178 911 1406 946 quemadmodum
1421 910 1492 938 ﬁlius
1507 911 1692 939 unicornium.

949 956 994 983 15.
1008 956 1066 984 Vox
1082 956 1189 984 Domini
1201 957 1387 984 intercidentis
1399 956 1537 984 ﬂammam
1553 957 1634 993 ignis.

950 1001 992 1028 16.
1009 1000 1068 1029 Vox
1082 1001 1190 1029 Domini
1202 1002 1383 1030 concutientis
1396 1002 1533 1030 desertum
1547 1012 1555 1030 :

638 1059 825 1088 ATIIANASH
844 1059 1136 1088 INTERPHETATIO.
1683 1070 1704 1098 λ·

119 1127 152 1154 Ἡ
168 1127 334 1163 προκειμένη
351 1127 490 1163 ἐπιγραφὴ
510 1128 630 1162 περιέχει
647 1127 699 1162 (1)·
718 1127 840 1162 Ψαλμὸς
853 1126 892 1160 τῷ
906 1127 1005 1160 Δαϐὶδ,
1019 1127 1126 1159 ἐξόδου
1140 1128 1259 1162 σκηνῆς
1270 1137 1276 1143 ·
1288 1129 1438 1160 τουτέστιν,
1454 1129 1469 1155 ό
1484 1128 1590 1163 ψαλμὸς
1600 1128 1639 1165 τῷ
1656 1130 1694 1166 (2)

78 1174 160 1202 Δαδὶδ
171 1174 288 1210 εἴρηται,
299 1174 363 1210 περὶ
375 1171 412 1201 ὧν
431 1175 531 1209 ὀφείλει
543 1175 657 1207 ἕκαστος
664 1175 829 1211 προσφέρειν
839 1174 909 1210 Θεῷ,
923 1175 953 1221 τί)
965 1175 1066 1210 ἀγαθὸν
1076 1175 1141 1211 [τῶν
1154 1175 1274 1212 ἀγαθῶν]
1284 1177 1317 1203 ὲκ
1332 1177 1382 1211 τῆς
1396 1176 1506 1212 καρδίας
1515 1176 1608 1210 αὑτοῦ,
1623 1177 1696 1214 ἔργῳ

78 1222 127 1248 καὶ
137 1221 208 1256 λόγῳ
218 1229 225 1237 ·
242 1222 275 1247 ὲκ
293 1221 348 1257 γὰρ
362 1221 412 1256 τῆς
429 1221 541 1257 καρδίας
557 1221 751 1257 ἐκπορεύονται
765 1223 864 1250 πάντα.
881 1222 931 1249 Διὰ
947 1222 1024 1250 τοῦτο
1037 1221 1113 1250 εἶπεν
1126 1232 1132 1238 ε
1158 1223 1280 1256 Ἐξόδου
1289 1223 1418 1259 σκηνῆς,
1435 1223 1506 1258 λέγω
1523 1224 1555 1260 δὴ
1563 1224 1599 1252 τὰ
1615 1226 1692 1252 ἐκπο-

79 1269 217 1305 ρευόμενα
228 1269 260 1295 ὲκ
271 1268 320 1304 τῆς
333 1269 453 1304 καρδίας.

118 1327 228 1355 Titulus
236 1328 398 1363 praepositus
405 1328 524 1356 continet
538 1338 544 1356 :
561 1328 685 1356 Psalmus
698 1329 794 1362 David,
806 1330 892 1357 exitus
903 1338 917 1357 ε
925 1329 1092 1358 tabernaculo
1106 1338 1116 1358 :
1127 1337 1224 1365 nempe
1236 1329 1361 1358 Psalmus
1372 1337 1387 1356 a
1395 1329 1497 1357 Davide
1510 1329 1599 1358 dictus
1610 1333 1653 1358 est
1664 1329 1698 1357 de

79 1377 113 1405 iis
134 1384 196 1412 qua:
216 1376 332 1412 quisque
350 1378 430 1406 debet
452 1378 550 1406 oﬁ'errc
573 1379 639 1412 Deo,
657 1379 727 1407 bona
749 1387 781 1406 ex
812 1379 895 1407 corde
917 1386 979 1413 suo,
997 1386 1078 1415 opere
1094 1382 1121 1406 et
1133 1386 1259 1407 sermone
1272 1387 1279 1411 ;
1292 1387 1326 1407 ex
1338 1378 1420 1407 corde
1433 1377 1508 1406 enim
1524 1378 1616 1405 omnia
1634 1385 1699 1406 nro-

78 1426 192 1454 cedunt.
208 1427 270 1456 Ideo
283 1428 371 1463 inquit
385 1436 391 1454 :
411 1427 505 1455 Exitus
517 1436 531 1454 ε
545 1427 725 1460 tabernaculo,
737 1434 833 1462 nempe
846 1427 973 1455 exeuntia
987 1435 1022 1455 ex
1038 1427 1133 1455 corde.

116 1485 144 1511 1.
158 1484 195 1519 (5)
208 1485 278 1516 Τοὺς
292 1484 456 1516 ἀποστόλους
469 1484 554 1519 λέγει.

115 1529 145 1557 2.
157 1530 226 1562 Τοὺς
242 1529 365 1565 μαθητὰς
375 1529 429 1556 τῶν
441 1529 608 1556 ἀποστόλων.

114 1575 144 1602 3.
158 1574 210 1601 Τὸν
219 1575 249 1607 ἐξ
271 1575 403 1602 Ἰουδαίων
418 1575 464 1602 καὶ
484 1575 513 1608 ἐξ
532 1575 616 1603 ὲθνῶν
632 1575 707 1602 λαόν.

116 1620 145 1647 4.
160 1620 229 1652 Τοὺς
246 1619 442 1652 πιστεύσαντας
457 1620 496 1655 τῷ
510 1620 616 1656 Κυρίῳ,
637 1621 684 1648 καὶ
703 1620 867 1653 ἐλπίσαντας

81 1667 121 1702 τῷ
136 1667 247 1702 ὀνόματι
259 1667 353 1694 αὑτοῦ.

117 1714 146 1740 5.
165 1713 209 1739 ‘Ev
223 1714 255 1749 τῇ
269 1713 325 1740 ἄνω
341 1712 526 1748 Ἰερουσαλήμ.

116 1758 146 1784 6.
161 1757 197 1783 Τὸ
210 1758 338 1793 κήρυγμα
348 1759 387 1789 είς
400 1758 435 1783 τὰ
448 1756 522 1792 ἔθνη.

117 1803 146 1830 7.
165 1803 202 1829 Τὸ
213 1803 325 1838 Πνεῦμα
334 1803 364 1830 τὸ
375 1803 452 1837 ἆγιον
466 1803 514 1838 ἢν
527 1802 624 1830 ἑαυτοῦ
639 1803 792 1838 παρουσίαν
819 1803 866 1830 ἐπ’ῑ.

81 1849 148 1880 τοὺς
157 1848 304 1875 ἀποστόλου
309 1857 332 1880 ς.

118 1895 146 1922 8.
172 1895 286 1929 Ὁμοίως
299 1896 328 1921 ἐν
343 1896 398 1926 τοῖς
416 1894 504 1922 ἔθνεσι
514 1895 544 1922 τὸ
556 1896 688 1931 κήρυγμα
699 1895 795 1923 αὑτοῦ.

116 1940 146 1967 9.
162 1940 199 1966 Τὸ
210 1941 338 1975 κήρυγμα
350 1939 431 1966 αὐτοῦ
442 1939 525 1967 ποιῶν
538 1940 576 1975 (4)
590 1940 729 1975 δυνάμεις.

120 1985 165 2012 10.
182 1986 218 2012 Τὸ
227 1985 312 2021 ὄνομα
325 1986 427 2021 Κυρίου
439 1985 656 2022 ὲνδοξαζόμενον.

119 2031 164 2058 11.
181 2032 251 2063 Τοὺς
266 2030 394 2066 δαίμονας
407 2031 492 2066 λέγει.

121 2078 165 2106 12.
178 2077 247 2110 Τοὺς
259 2077 433 2109 διδασκάλους
451 2077 505 2104 τῶν
530 2077 664 2104 Ἰουδαίων
675 2077 760 2112 λέγει.

121 2124 165 2151 15.
184 2123 277 2155 Οὕτως
296 2123 432 2159 συντρίψει
445 2124 508 2155 τοὺς
518 2123 651 2159 ἄρχοντας
665 2123 714 2150 καὶ
737 2123 783 2150 τὸν
803 2123 867 2150 λαὸν

879 1491 900 1520 α
952 1483 978 1511 1.
999 1483 1145 1518 Apostolos
1156 1483 1302 1519 signiﬁcat.

954 1530 982 1557 2.
997 1529 1149 1565 Discipulos
1161 1530 1358 1565 apostolorum.

954 1575 981 1603 5.
994 1574 1128 1610 Populum
1139 1583 1172 1603 ex
1182 1575 1283 1604 ludatis
1296 1580 1324 1604 et
1336 1576 1473 1611 gentibus.

955 1621 982 1648 4.
1004 1620 1153 1649 Credeutes
1175 1621 1310 1653 Domino,
1327 1626 1354 1649 et
1377 1622 1406 1649 in
1430 1621 1490 1656 ejus
1506 1621 1615 1649 nomine
1637 1628 1698 1656 spo-

920 1670 1021 1693 rantes.

957 1712 984 1739 5.
997 1711 1025 1738 ln
1040 1719 1157 1746 superna
1173 1712 1334 1740 Jerusalem.

956 1757 983 1784 6.
997 1757 1157 1784 Praedicatio
1173 1757 1200 1784 in
1215 1758 1351 1792 gentibus.

957 1802 983 1829 'l.
1007 1802 1125 1837 Spiritus
1144 1806 1255 1830 sanctus
1278 1803 1321 1830 sui
1343 1802 1428 1838 ipsius
1447 1802 1595 1830 adventum
1620 1809 1702 1838 super

921 1849 1072 1884 apostolos.

956 1895 984 1922 8.
999 1895 1062 1922 Item
1078 1895 1137 1930 ejus
1150 1893 1307 1929 praedicatio
1322 1893 1350 1919 in
1367 1893 1504 1927 gentibus.

956 1940 982 1967 9.
998 1940 1063 1974 Ejus
1074 1939 1230 1975 praedicatio
1245 1937 1349 1965 faciens
1365 1938 1489 1966 virtutes.

957 1985 1002 2012 10.
1014 1984 1116 2012 Nomen
1134 1984 1240 2012 Domini
1255 1983 1446 2019 gloriﬁcatum.

961 2032 1003 2059 ΙΙ.
1024 2031 1165 2058 Daemones
1175 2030 1320 2065 signiﬁcat.

960 2077 1005 2104 12.
1027 2075 1167 2111 Signiﬁcat
1178 2076 1322 2110 magistros
1334 2075 1502 2104 Judaeorum.

958 2121 1001 2148 15.
1026 2120 1065 2148 lta
1081 2119 1233 2155 confringet
1253 2121 1389 2156 principes
1414 2126 1441 2149 et
1463 2122 1576 2157 populos
1598 2122 1706 2152 Iudaeo-

84 2170 140 2196 τῶν
161 2169 305 2200 Ἰουδαίων,
324 2169 361 2200 ὡς
375 2169 473 2204 μόσχον
484 2169 513 2196 ὃν
527 2169 656 2205 ἐποίησαν
668 2170 697 2196 ὲν
708 2170 741 2204 τῇ
762 2169 865 2205 ἐρήμῳ,

957 2174 994 2198 m,
1009 2171 1039 2193 ut
1053 2165 1178 2199 vitulum,
1203 2174 1285 2201 quem
1305 2167 1332 2194 in
1348 2175 1439 2195 eremo
1456 2167 1584 2202 fecerant,
1600 2169 1706 2205 Moyses

84 2216 117 2241 ὃν
131 2216 258 2242 ὲλέπτυνε
269 2215 401 2250 Μωῦσῆς.

122 2260 166 2286 Η.
181 2260 236 2286 Καὶ
249 2260 264 2285 ό
285 2258 348 2290 λαὸς
363 2259 378 2285 ό
390 2258 484 2289 πιστὸς
507 2257 564 2293 ἔχει
586 2258 656 2284 κατὰ
678 2258 725 2284 τοῦ
740 2257 868 2293 μετώπου

88 2305 169 2332 αὑτοῦ
181 2305 264 2340 κέρας
278 2304 389 2340 ὑψηλὸν,
402 2304 439 2335 ὡς
450 2304 506 2336 υἱὸς
520 2304 723 2339 μονοκερώτων.

125 2350 167 2379 15.
184 2351 248 2377 Ὀτε
264 2347 325 2376 εἷπε
343 2348 382 2384 τῷ
405 2349 506 2384 λῃστῇ·
521 2349 588 2376 Μετ’
603 2349 675 2383 ἐμοῦ
695 2348 752 2383 ἔσῃ
772 2349 806 2375 ὲν
830 2347 870 2380 τῷ

89 2397 268 2430 παραδείσῳ.

124 2441 166 2469 16.
185 2442 323 2477 ’Λκίνητον
335 2441 398 2468 ὄντα
412 2441 457 2468 τὸν
469 2441 569 2476 κόσμον
583 2442 632 2476 τῆς
647 2440 868 2476 είδωλολατρειας

93 2488 242 2522 μετήγαγεν
254 2489 294 2519 είς
314 2488 404 2514 πίστιν
414 2488 428 2514 ὁ
442 2486 520 2521 λόγος
530 2487 620 2513 αὐτῶν
637 2486 689 2521 (5).

125 2575 146 2591 ¹¹
157 2575 221 2603 Luc.
239 2583 319 2609 uni,
338 2575 383 2603 45.

923 2211 1096 2239 comminuit.

959 2257 1003 2284 11.
1019 2256 1052 2283 Et
1065 2257 1182 2292 populus
1196 2257 1283 2286 ﬁdelis
1302 2259 1382 2287 habet
1403 2260 1431 2287 in
1446 2259 1535 2288 fronte
1556 2268 1607 2288 sua
1620 2268 1707 2289 cornu

923 2294 1068 2335 elevatum,
1084 2307 1112 2329 ut
1128 2303 1201 2330 lilius
1217 2304 1400 2332 unicornium.

959 2348 1002 2374 15.
1024 2347 1140 2381 Quando
1159 2349 1228 2377 dixit
1244 2350 1360 2379 latroni:
1382 2351 1468 2378 Hodie
1493 2360 1595 2379 mecum
1612 2353 1664 2380 eris
1682 2353 1709 2378 in

924 2393 1050 2427 paradiso
1062 2394 1096 2422 “.

961 2439 1004 2466 16.
1020 2438 1161 2472 Mundum,
1179 2441 1227 2475 qui
1241 2440 1275 2467 ab
1290 2440 1444 2469 idololatria
1457 2444 1580 2471 amoveri
1593 2451 1646 2472 non
1660 2450 1710 2479 po-

926 2487 1005 2516 terat,
1025 2491 1115 2512 sermo
1127 2485 1315 2519 apostolorum
1330 2487 1450 2515 traduxit
1465 2487 1493 2515 in
1505 2488 1596 2517 ﬁdem.

562 2653 713 2686 Addenda
734 2657 764 2685 et
785 2652 970 2693 corrigenda
987 2661 1025 2684 ex
1043 2653 1111 2684 cod.
1135 2653 1237 2684 Vatic.

176 2739 271 2780 _'_ﬂ_6td
281 2739 330 2774 τῆς
349 2738 531 2774 κινναῦάρεως
547 2747 610 2774 περ.

126 2774 162 2809 (2)
176 2775 239 2802 Τοῦ.

125 2809 161 2845 (5)
173 2809 206 2837 Ν.
224 2811 248 2838 1.
264 2810 296 2836 0!
307 2808 429 2843 ἄγγελοι.

959 2735 996 2770 (4)
1012 2734 1129 2769 Ποιοῦν.)

959 2771 996 2805 (5)
1014 2770 1111 2797 Αὑτοῦ.
