  <div class='ocr_page' id='page_1' title='image "/cluster/home/n/w/nwhite01/storage/ocr_20150623/27/njp.32101010944609/401.png"; bbox 0 0 1919 3051; ppageno 0'>
   <div class='ocr_carea' id='block_1_1' title="bbox 244 131 1861 165">
    <p class='ocr_par' dir='ltr' id='par_1_1' title="bbox 244 131 1861 165">
     <span class='ocr_line' id='line_1_1' title="bbox 244 131 1861 165; baseline -0.004 0"><span class='ocrx_word' id='word_1_1' title='bbox 244 136 299 165; x_wconf 72' lang='grc' dir='ltr'><strong>Ἰδι</strong></span> <span class='ocrx_word' id='word_1_2' title='bbox 679 134 708 163; x_wconf 93' lang='lat' dir='ltr'>S.</span> <span class='ocrx_word' id='word_1_3' title='bbox 730 133 915 162; x_wconf 79' lang='lat' dir='ltr'><strong>ATllANASll</strong></span> <span class='ocrx_word' id='word_1_4' title='bbox 932 133 1006 161; x_wconf 83' lang='lat' dir='ltr'><strong>OPP.</strong></span> <span class='ocrx_word' id='word_1_5' title='bbox 1029 132 1119 160; x_wconf 76' lang='lat' dir='ltr'><strong>PARS</strong></span> <span class='ocrx_word' id='word_1_6' title='bbox 1139 131 1183 160; x_wconf 78' lang='lat' dir='ltr'><strong>Ill.</strong></span> <span class='ocrx_word' id='word_1_7' title='bbox 1202 145 1237 152; x_wconf 95' lang='lat'>—</span> <span class='ocrx_word' id='word_1_8' title='bbox 1251 131 1456 161; x_wconf 75' lang='lat' dir='ltr'><strong>EXEGETICA.</strong></span> <span class='ocrx_word' id='word_1_9' title='bbox 1813 131 1861 159; x_wconf 61' lang='lat'><strong>75%</strong></span> 
     </span>
    </p>
   </div>
   <div class='ocr_carea' id='block_1_2' title="bbox 1043 186 1794 223">
    <p class='ocr_par' dir='ltr' id='par_1_2' title="bbox 1043 186 1794 223">
     <span class='ocr_line' id='line_1_2' title="bbox 1043 186 1794 223; baseline -0.005 -7"><span class='ocrx_word' id='word_1_10' title='bbox 1043 192 1066 220; x_wconf 79' lang='grc' dir='ltr'>Α</span> <span class='ocrx_word' id='word_1_11' title='bbox 1117 189 1160 215; x_wconf 83' lang='lat'>17.</span> <span class='ocrx_word' id='word_1_12' title='bbox 1176 190 1231 216; x_wconf 86' lang='grc' dir='ltr'><strong>Και</strong></span> <span class='ocrx_word' id='word_1_13' title='bbox 1250 189 1384 215; x_wconf 63' lang='lat' dir='ltr'><strong>cunelae:</strong></span> <span class='ocrx_word' id='word_1_14' title='bbox 1398 187 1500 223; x_wconf 82' lang='grc' dir='ltr'>Κύριος</span> <span class='ocrx_word' id='word_1_15' title='bbox 1513 187 1562 222; x_wconf 82' lang='grc' dir='ltr'><strong>τὴν</strong></span> <span class='ocrx_word' id='word_1_16' title='bbox 1579 186 1681 222; x_wconf 78' lang='grc' dir='ltr'>ἔρημον</span> <span class='ocrx_word' id='word_1_17' title='bbox 1691 186 1794 222; x_wconf 75' lang='grc' dir='ltr'><strong>Κάᾶης.</strong></span> 
     </span>
    </p>
   </div>
   <div class='ocr_carea' id='block_1_3' title="bbox 1118 232 1753 270">
    <p class='ocr_par' dir='ltr' id='par_1_3' title="bbox 1118 232 1753 270">
     <span class='ocr_line' id='line_1_3' title="bbox 1118 232 1753 270; baseline -0.005 -9"><span class='ocrx_word' id='word_1_18' title='bbox 1118 235 1161 262; x_wconf 85' lang='lat'><strong>18.</strong></span> <span class='ocrx_word' id='word_1_19' title='bbox 1174 234 1251 270; x_wconf 81' lang='grc' dir='ltr'><strong>Φωνὴ</strong></span> <span class='ocrx_word' id='word_1_20' title='bbox 1266 234 1368 270; x_wconf 85' lang='grc' dir='ltr'><strong>Κυρίου</strong></span> <span class='ocrx_word' id='word_1_21' title='bbox 1385 233 1602 268; x_wconf 77' lang='grc' dir='ltr'><strong>καταρτιζομένη</strong></span> <span class='ocrx_word' id='word_1_22' title='bbox 1620 232 1753 266; x_wconf 79' lang='grc' dir='ltr'><strong>ἐλάφους·</strong></span> 
     </span>
    </p>
   </div>
   <div class='ocr_carea' id='block_1_4' title="bbox 1118 279 1562 315">
    <p class='ocr_par' dir='ltr' id='par_1_4' title="bbox 1118 279 1562 315">
     <span class='ocr_line' id='line_1_4' title="bbox 1118 279 1562 315; baseline -0.007 -7"><span class='ocrx_word' id='word_1_23' title='bbox 1118 281 1161 308; x_wconf 88' lang='lat'>19.</span> <span class='ocrx_word' id='word_1_24' title='bbox 1178 281 1233 307; x_wconf 77' lang='grc' dir='ltr'>Καὶ</span> <span class='ocrx_word' id='word_1_25' title='bbox 1249 279 1419 314; x_wconf 79' lang='grc' dir='ltr'>ἀποκαλύψει</span> <span class='ocrx_word' id='word_1_26' title='bbox 1434 279 1562 315; x_wconf 76' lang='grc' dir='ltr'><strong>δρυμούς.</strong></span> 
     </span>
    </p>
   </div>
   <div class='ocr_carea' id='block_1_5' title="bbox 1118 323 1794 362">
    <p class='ocr_par' dir='ltr' id='par_1_5' title="bbox 1118 323 1794 362">
     <span class='ocr_line' id='line_1_5' title="bbox 1118 323 1794 362; baseline -0.006 -8"><span class='ocrx_word' id='word_1_27' title='bbox 1118 327 1164 355; x_wconf 76' lang='grc'><strong>20.</strong></span> <span class='ocrx_word' id='word_1_28' title='bbox 1175 327 1230 353; x_wconf 79' lang='grc' dir='ltr'><strong>Καὶ</strong></span> <span class='ocrx_word' id='word_1_29' title='bbox 1245 327 1273 353; x_wconf 82' lang='grc' dir='ltr'><strong>ὲν</strong></span> <span class='ocrx_word' id='word_1_30' title='bbox 1284 326 1322 362; x_wconf 81' lang='grc' dir='ltr'><strong>τῷ</strong></span> <span class='ocrx_word' id='word_1_31' title='bbox 1335 326 1391 361; x_wconf 85' lang='grc' dir='ltr'><strong>ναῷ</strong></span> <span class='ocrx_word' id='word_1_32' title='bbox 1407 325 1489 352; x_wconf 83' lang='grc' dir='ltr'>αὐτοῦ</span> <span class='ocrx_word' id='word_1_33' title='bbox 1502 326 1555 357; x_wconf 77' lang='grc' dir='ltr'>πᾶς</span> <span class='ocrx_word' id='word_1_34' title='bbox 1570 333 1611 356; x_wconf 86' lang='grc' dir='ltr'>τις</span> <span class='ocrx_word' id='word_1_35' title='bbox 1620 324 1692 358; x_wconf 82' lang='grc' dir='ltr'>λέγει</span> <span class='ocrx_word' id='word_1_36' title='bbox 1705 323 1794 356; x_wconf 79' lang='grc' dir='ltr'>δόξαν.</span> 
     </span>
    </p>
   </div>
   <div class='ocr_carea' id='block_1_6' title="bbox 1118 370 1690 407">
    <p class='ocr_par' dir='ltr' id='par_1_6' title="bbox 1118 370 1690 407">
     <span class='ocr_line' id='line_1_6' title="bbox 1118 370 1690 407; baseline -0.005 -8"><span class='ocrx_word' id='word_1_37' title='bbox 1118 372 1162 400; x_wconf 75' lang='grc'><strong>21.</strong></span> <span class='ocrx_word' id='word_1_38' title='bbox 1173 372 1273 407; x_wconf 82' lang='grc' dir='ltr'>Κύριος</span> <span class='ocrx_word' id='word_1_39' title='bbox 1283 372 1328 398; x_wconf 78' lang='grc' dir='ltr'>τὸν</span> <span class='ocrx_word' id='word_1_40' title='bbox 1342 370 1532 406; x_wconf 78' lang='grc' dir='ltr'>κατακλυσμὸν</span> <span class='ocrx_word' id='word_1_41' title='bbox 1543 372 1675 397; x_wconf 83' lang='grc' dir='ltr'>κατοικιεῖ</span> <span class='ocrx_word' id='word_1_42' title='bbox 1683 378 1690 385; x_wconf 83' lang='grc'><em>”</em></span> 
     </span>
    </p>
   </div>
   <div class='ocr_carea' id='block_1_7' title="bbox 1119 415 1860 453">
    <p class='ocr_par' dir='ltr' id='par_1_7' title="bbox 1119 415 1860 453">
     <span class='ocr_line' id='line_1_7' title="bbox 1119 415 1860 453; baseline -0.007 -7"><span class='ocrx_word' id='word_1_43' title='bbox 1119 419 1164 446; x_wconf 77' lang='grc'><strong>22.</strong></span> <span class='ocrx_word' id='word_1_44' title='bbox 1180 419 1234 445; x_wconf 75' lang='grc' dir='ltr'><strong>Καὶ</strong></span> <span class='ocrx_word' id='word_1_45' title='bbox 1251 418 1384 445; x_wconf 84' lang='grc' dir='ltr'>καθιεῖται</span> <span class='ocrx_word' id='word_1_46' title='bbox 1397 416 1497 453; x_wconf 78' lang='grc' dir='ltr'>Κύριος</span> <span class='ocrx_word' id='word_1_47' title='bbox 1508 416 1633 452; x_wconf 73' lang='grc' dir='ltr'>βασιλεὺς</span> <span class='ocrx_word' id='word_1_48' title='bbox 1647 416 1688 448; x_wconf 76' lang='grc' dir='ltr'><strong>εἰς</strong></span> <span class='ocrx_word' id='word_1_49' title='bbox 1709 415 1755 442; x_wconf 75' lang='grc' dir='ltr'><strong>τὸν</strong></span> <span class='ocrx_word' id='word_1_50' title='bbox 1770 415 1860 442; x_wconf 56' lang='grc' dir='ltr'><strong>αἰῶνι.»</strong></span> 
     </span>
    </p>
   </div>
   <div class='ocr_carea' id='block_1_8' title="bbox 1117 461 1708 500">
    <p class='ocr_par' dir='ltr' id='par_1_8' title="bbox 1117 461 1708 500">
     <span class='ocr_line' id='line_1_8' title="bbox 1117 461 1708 500; baseline -0.008 -8"><span class='ocrx_word' id='word_1_51' title='bbox 1117 465 1164 492; x_wconf 72' lang='lat'><strong>23.</strong></span> <span class='ocrx_word' id='word_1_52' title='bbox 1180 464 1280 500; x_wconf 87' lang='grc' dir='ltr'>Κύριος</span> <span class='ocrx_word' id='word_1_53' title='bbox 1292 464 1369 499; x_wconf 69' lang='grc' dir='ltr'>ἰσχὺν</span> <span class='ocrx_word' id='word_1_54' title='bbox 1385 463 1423 498; x_wconf 83' lang='grc' dir='ltr'>τῷ</span> <span class='ocrx_word' id='word_1_55' title='bbox 1438 462 1496 498; x_wconf 90' lang='grc' dir='ltr'>λαῷ</span> <span class='ocrx_word' id='word_1_56' title='bbox 1514 462 1596 489; x_wconf 74' lang='grc' dir='ltr'>αὑτοῦ</span> <span class='ocrx_word' id='word_1_57' title='bbox 1610 461 1690 488; x_wconf 85' lang='grc' dir='ltr'>δώσει</span> <span class='ocrx_word' id='word_1_58' title='bbox 1700 481 1708 493; x_wconf 84' lang='grc'>,</span> 
     </span>
    </p>
   </div>
   <div class='ocr_carea' id='block_1_9' title="bbox 1117 507 1830 546">
    <p class='ocr_par' dir='ltr' id='par_1_9' title="bbox 1117 507 1830 546">
     <span class='ocr_line' id='line_1_9' title="bbox 1117 507 1830 546; baseline -0.006 -9"><span class='ocrx_word' id='word_1_59' title='bbox 1117 510 1162 537; x_wconf 65' lang='grc'><strong>24.</strong></span> <span class='ocrx_word' id='word_1_60' title='bbox 1178 510 1279 546; x_wconf 83' lang='grc' dir='ltr'>Κύριος</span> <span class='ocrx_word' id='word_1_61' title='bbox 1294 509 1434 544; x_wconf 82' lang='grc' dir='ltr'>εὐλογήσει</span> <span class='ocrx_word' id='word_1_62' title='bbox 1450 509 1496 535; x_wconf 85' lang='grc' dir='ltr'><strong>τὸν</strong></span> <span class='ocrx_word' id='word_1_63' title='bbox 1512 508 1574 535; x_wconf 83' lang='grc' dir='ltr'>λαὸν</span> <span class='ocrx_word' id='word_1_64' title='bbox 1585 508 1666 534; x_wconf 79' lang='grc' dir='ltr'>αὐτοῦ</span> <span class='ocrx_word' id='word_1_65' title='bbox 1680 508 1709 534; x_wconf 81' lang='grc' dir='ltr'>ὲν</span> <span class='ocrx_word' id='word_1_66' title='bbox 1725 507 1830 543; x_wconf 79' lang='grc' dir='ltr'><strong>εἰρήνῃ.</strong></span> 
     </span>
    </p>
   </div>
   <div class='ocr_carea' id='block_1_10' title="bbox 1114 561 1831 600">
    <p class='ocr_par' dir='ltr' id='par_1_10' title="bbox 1114 561 1831 600">
     <span class='ocr_line' id='line_1_10' title="bbox 1114 561 1831 600; baseline -0.006 -7"><span class='ocrx_word' id='word_1_67' title='bbox 1114 568 1168 600; x_wconf 82' lang='grc' dir='ltr'><strong>Εις</strong></span> <span class='ocrx_word' id='word_1_68' title='bbox 1182 567 1215 594; x_wconf 80' lang='grc' dir='ltr'><strong>τὸ</strong></span> <span class='ocrx_word' id='word_1_69' title='bbox 1231 567 1330 599; x_wconf 76' lang='grc' dir='ltr'>τέλος.</span> <span class='ocrx_word' id='word_1_70' title='bbox 1349 564 1470 600; x_wconf 75' lang='grc' dir='ltr'><strong>’ψαλμὸς</strong></span> <span class='ocrx_word' id='word_1_71' title='bbox 1481 563 1562 598; x_wconf 83' lang='grc' dir='ltr'><strong>ᾠδῆς</strong></span> <span class='ocrx_word' id='word_1_72' title='bbox 1572 563 1624 591; x_wconf 85' lang='grc' dir='ltr'><strong>τοῦ</strong></span> <span class='ocrx_word' id='word_1_73' title='bbox 1638 561 1831 597; x_wconf 73' lang='grc' dir='ltr'>ὲγκαινισμοῦ</span> 
     </span>
    </p>
   </div>
   <div class='ocr_carea' id='block_1_11' title="bbox 1249 609 1692 638">
    <p class='ocr_par' dir='ltr' id='par_1_11' title="bbox 1249 609 1692 638">
     <span class='ocr_line' id='line_1_11' title="bbox 1249 609 1692 638; baseline -0.005 0"><span class='ocrx_word' id='word_1_74' title='bbox 1249 611 1302 638; x_wconf 84' lang='grc' dir='ltr'><strong>τοῦ</strong></span> <span class='ocrx_word' id='word_1_75' title='bbox 1313 611 1398 637; x_wconf 76' lang='grc' dir='ltr'>οἷκου</span> <span class='ocrx_word' id='word_1_76' title='bbox 1409 609 1506 636; x_wconf 79' lang='grc' dir='ltr'><strong>Δαϐιδ.</strong></span> <span class='ocrx_word' id='word_1_77' title='bbox 1529 610 1615 636; x_wconf 79' lang='grc' dir='ltr'><strong>ΨΑΛ.</strong></span> <span class='ocrx_word' id='word_1_78' title='bbox 1627 610 1692 636; x_wconf 70' lang='grc' dir='ltr'><strong>Κθν.</strong></span> 
     </span>
    </p>
   </div>
   <div class='ocr_carea' id='block_1_12' title="bbox 1120 665 1726 703">
    <p class='ocr_par' dir='ltr' id='par_1_12' title="bbox 1120 665 1726 703">
     <span class='ocr_line' id='line_1_12' title="bbox 1120 665 1726 703; baseline -0.005 -9"><span class='ocrx_word' id='word_1_79' title='bbox 1120 668 1145 695; x_wconf 85' lang='lat'><strong>1.</strong></span> <span class='ocrx_word' id='word_1_80' title='bbox 1168 667 1282 702; x_wconf 77' lang='grc' dir='ltr'><strong>Ὑψώσω</strong></span> <span class='ocrx_word' id='word_1_81' title='bbox 1302 676 1342 699; x_wconf 88' lang='grc' dir='ltr'><strong>σε,</strong></span> <span class='ocrx_word' id='word_1_82' title='bbox 1358 666 1454 703; x_wconf 81' lang='grc' dir='ltr'>Κύριε,</span> <span class='ocrx_word' id='word_1_83' title='bbox 1471 666 1512 692; x_wconf 80' lang='grc' dir='ltr'>ὅτι</span> <span class='ocrx_word' id='word_1_84' title='bbox 1526 665 1658 696; x_wconf 77' lang='grc' dir='ltr'>ὑπέλαϐές</span> <span class='ocrx_word' id='word_1_85' title='bbox 1673 673 1707 700; x_wconf 82' lang='grc' dir='ltr'><strong>με</strong></span> <span class='ocrx_word' id='word_1_86' title='bbox 1720 673 1726 680; x_wconf 93' lang='grc'>·</span> 
     </span>
    </p>
   </div>
   <div class='ocr_carea' id='block_1_13' title="bbox 1118 710 1830 748">
    <p class='ocr_par' dir='ltr' id='par_1_13' title="bbox 1118 710 1830 748">
     <span class='ocr_line' id='line_1_13' title="bbox 1118 710 1830 748; baseline -0.004 -8"><span class='ocrx_word' id='word_1_87' title='bbox 1118 714 1144 740; x_wconf 78' lang='lat'><strong>2.</strong></span> <span class='ocrx_word' id='word_1_88' title='bbox 1161 714 1217 740; x_wconf 75' lang='grc' dir='ltr'>Καὶ</span> <span class='ocrx_word' id='word_1_89' title='bbox 1230 713 1280 740; x_wconf 77' lang='grc' dir='ltr'>οὐκ</span> <span class='ocrx_word' id='word_1_90' title='bbox 1294 713 1432 748; x_wconf 72' lang='grc' dir='ltr'>εὔφρανας</span> <span class='ocrx_word' id='word_1_91' title='bbox 1444 713 1506 744; x_wconf 78' lang='grc' dir='ltr'>τοὺς</span> <span class='ocrx_word' id='word_1_92' title='bbox 1516 711 1629 747; x_wconf 78' lang='grc' dir='ltr'>ἐχθρούς</span> <span class='ocrx_word' id='word_1_93' title='bbox 1643 720 1694 747; x_wconf 80' lang='grc' dir='ltr'><strong>μου</strong></span> <span class='ocrx_word' id='word_1_94' title='bbox 1708 711 1752 737; x_wconf 82' lang='grc' dir='ltr'><strong>ἐπ’</strong></span> <span class='ocrx_word' id='word_1_95' title='bbox 1770 710 1830 746; x_wconf 74' lang='grc' dir='ltr'>ἐμέ.</span> 
     </span>
    </p>
   </div>
   <div class='ocr_carea' id='block_1_14' title="bbox 1119 755 1862 794">
    <p class='ocr_par' dir='ltr' id='par_1_14' title="bbox 1119 755 1862 794">
     <span class='ocr_line' id='line_1_14' title="bbox 1119 755 1862 794; baseline -0.005 -8"><span class='ocrx_word' id='word_1_96' title='bbox 1119 759 1146 786; x_wconf 81' lang='grc'><strong>5.</strong></span> <span class='ocrx_word' id='word_1_97' title='bbox 1161 759 1247 794; x_wconf 81' lang='grc' dir='ltr'>Κύριε</span> <span class='ocrx_word' id='word_1_98' title='bbox 1257 760 1271 785; x_wconf 85' lang='grc' dir='ltr'><strong>ὸ</strong></span> <span class='ocrx_word' id='word_1_99' title='bbox 1285 758 1350 790; x_wconf 77' lang='grc' dir='ltr'><strong>Θεὸς</strong></span> <span class='ocrx_word' id='word_1_100' title='bbox 1363 766 1424 793; x_wconf 84' lang='grc' dir='ltr'>μου,</span> <span class='ocrx_word' id='word_1_101' title='bbox 1443 756 1578 793; x_wconf 74' lang='grc' dir='ltr'><strong>ἐκέκραξα</strong></span> <span class='ocrx_word' id='word_1_102' title='bbox 1589 757 1657 792; x_wconf 78' lang='grc' dir='ltr'>πρὸς</span> <span class='ocrx_word' id='word_1_103' title='bbox 1673 756 1714 790; x_wconf 77' lang='grc' dir='ltr'><strong>σὲ,</strong></span> <span class='ocrx_word' id='word_1_104' title='bbox 1734 755 1783 782; x_wconf 77' lang='grc' dir='ltr'>καὶ</span> <span class='ocrx_word' id='word_1_105' title='bbox 1800 756 1862 782; x_wconf 75' lang='grc' dir='ltr'><strong>ἰάσω</strong></span> 
     </span>
    </p>
   </div>
   <div class='ocr_carea' id='block_1_15' title="bbox 283 190 986 219">
    <p class='ocr_par' dir='ltr' id='par_1_15' title="bbox 283 190 986 219">
     <span class='ocr_line' id='line_1_15' title="bbox 283 190 986 219; baseline -0.001 -1"><span class='ocrx_word' id='word_1_106' title='bbox 283 192 328 219; x_wconf 83' lang='lat'>17.</span> <span class='ocrx_word' id='word_1_107' title='bbox 347 191 379 218; x_wconf 85' lang='lat' dir='ltr'><strong>Et</strong></span> <span class='ocrx_word' id='word_1_108' title='bbox 391 191 571 219; x_wconf 82' lang='lat' dir='ltr'><strong>commovebit</strong></span> <span class='ocrx_word' id='word_1_109' title='bbox 585 191 716 219; x_wconf 83' lang='lat' dir='ltr'><strong>Dominus</strong></span> <span class='ocrx_word' id='word_1_110' title='bbox 732 191 868 219; x_wconf 81' lang='lat' dir='ltr'><strong>desertum</strong></span> <span class='ocrx_word' id='word_1_111' title='bbox 888 190 986 218; x_wconf 78' lang='lat' dir='ltr'><strong>Gades.</strong></span> 
     </span>
    </p>
   </div>
   <div class='ocr_carea' id='block_1_16' title="bbox 288 237 847 273">
    <p class='ocr_par' dir='ltr' id='par_1_16' title="bbox 288 237 847 273">
     <span class='ocr_line' id='line_1_16' title="bbox 288 237 847 273; baseline 0.002 -9"><span class='ocrx_word' id='word_1_112' title='bbox 288 238 331 265; x_wconf 88' lang='lat'>18.</span> <span class='ocrx_word' id='word_1_113' title='bbox 347 237 404 264; x_wconf 80' lang='lat' dir='ltr'><strong>Vox</strong></span> <span class='ocrx_word' id='word_1_114' title='bbox 422 237 527 264; x_wconf 85' lang='lat' dir='ltr'><strong>Domini</strong></span> <span class='ocrx_word' id='word_1_115' title='bbox 542 238 717 273; x_wconf 68' lang='lat' dir='ltr'><strong>praeparantis</strong></span> <span class='ocrx_word' id='word_1_116' title='bbox 733 245 828 265; x_wconf 91' lang='lat' dir='ltr'><strong>cervos</strong></span> <span class='ocrx_word' id='word_1_117' title='bbox 841 247 847 265; x_wconf 89' lang='lat'>:</span> 
     </span>
    </p>
   </div>
   <div class='ocr_carea' id='block_1_17' title="bbox 286 283 676 311">
    <p class='ocr_par' dir='ltr' id='par_1_17' title="bbox 286 283 676 311">
     <span class='ocr_line' id='line_1_17' title="bbox 286 283 676 311; baseline 0 -1"><span class='ocrx_word' id='word_1_118' title='bbox 286 283 328 310; x_wconf 86' lang='lat'>19.</span> <span class='ocrx_word' id='word_1_119' title='bbox 344 283 377 310; x_wconf 86' lang='lat' dir='ltr'><strong>Et</strong></span> <span class='ocrx_word' id='word_1_120' title='bbox 389 283 520 310; x_wconf 84' lang='lat' dir='ltr'><strong>revelabit</strong></span> <span class='ocrx_word' id='word_1_121' title='bbox 529 284 676 311; x_wconf 83' lang='lat' dir='ltr'><strong>condensa.</strong></span> 
     </span>
    </p>
   </div>
   <div class='ocr_carea' id='block_1_18' title="bbox 284 327 962 364">
    <p class='ocr_par' dir='ltr' id='par_1_18' title="bbox 284 327 962 364">
     <span class='ocr_line' id='line_1_18' title="bbox 284 327 962 364; baseline 0.003 -9"><span class='ocrx_word' id='word_1_122' title='bbox 284 328 329 355; x_wconf 73' lang='lat'><strong>20.</strong></span> <span class='ocrx_word' id='word_1_123' title='bbox 346 327 378 355; x_wconf 76' lang='lat' dir='ltr'><strong>Et</strong></span> <span class='ocrx_word' id='word_1_124' title='bbox 393 328 420 355; x_wconf 94' lang='lat' dir='ltr'><strong>in</strong></span> <span class='ocrx_word' id='word_1_125' title='bbox 435 328 534 364; x_wconf 91' lang='lat' dir='ltr'><strong>templo</strong></span> <span class='ocrx_word' id='word_1_126' title='bbox 545 328 605 363; x_wconf 87' lang='lat' dir='ltr'><strong>ejus</strong></span> <span class='ocrx_word' id='word_1_127' title='bbox 622 336 717 356; x_wconf 88' lang='lat' dir='ltr'><strong>omnes</strong></span> <span class='ocrx_word' id='word_1_128' title='bbox 732 329 824 356; x_wconf 83' lang='lat' dir='ltr'><strong>dicent</strong></span> <span class='ocrx_word' id='word_1_129' title='bbox 837 329 962 364; x_wconf 77' lang='lat' dir='ltr'><strong>gloriam.</strong></span> 
     </span>
    </p>
   </div>
   <div class='ocr_carea' id='block_1_19' title="bbox 284 374 908 403">
    <p class='ocr_par' dir='ltr' id='par_1_19' title="bbox 284 374 908 403">
     <span class='ocr_line' id='line_1_19' title="bbox 284 374 908 403; baseline 0.003 -3"><span class='ocrx_word' id='word_1_130' title='bbox 284 374 329 401; x_wconf 78' lang='lat'>21.</span> <span class='ocrx_word' id='word_1_131' title='bbox 346 374 479 401; x_wconf 88' lang='lat' dir='ltr'><strong>Dominus</strong></span> <span class='ocrx_word' id='word_1_132' title='bbox 495 375 627 402; x_wconf 85' lang='lat' dir='ltr'><strong>diluvium</strong></span> <span class='ocrx_word' id='word_1_133' title='bbox 645 375 798 403; x_wconf 88' lang='lat' dir='ltr'><strong>inhabitare</strong></span> <span class='ocrx_word' id='word_1_134' title='bbox 808 375 908 403; x_wconf 79' lang='lat' dir='ltr'><strong>faciet:</strong></span> 
     </span>
    </p>
   </div>
   <div class='ocr_carea' id='block_1_20' title="bbox 283 419 906 448">
    <p class='ocr_par' dir='ltr' id='par_1_20' title="bbox 283 419 906 448">
     <span class='ocr_line' id='line_1_20' title="bbox 283 419 906 448; baseline 0.003 -2"><span class='ocrx_word' id='word_1_135' title='bbox 283 419 330 446; x_wconf 70' lang='grc'><strong>22.</strong></span> <span class='ocrx_word' id='word_1_136' title='bbox 345 419 378 446; x_wconf 85' lang='grc' dir='ltr'>Ει</span> <span class='ocrx_word' id='word_1_137' title='bbox 393 420 496 447; x_wconf 89' lang='lat' dir='ltr'><strong>sedebit</strong></span> <span class='ocrx_word' id='word_1_138' title='bbox 514 419 645 448; x_wconf 86' lang='lat' dir='ltr'><strong>Dominus</strong></span> <span class='ocrx_word' id='word_1_139' title='bbox 660 428 707 447; x_wconf 79' lang='lat' dir='ltr'><strong>rex</strong></span> <span class='ocrx_word' id='word_1_140' title='bbox 722 421 749 448; x_wconf 93' lang='lat' dir='ltr'><strong>in</strong></span> <span class='ocrx_word' id='word_1_141' title='bbox 765 425 906 448; x_wconf 72' lang='lat' dir='ltr'><strong>aeternum.</strong></span> 
     </span>
    </p>
   </div>
   <div class='ocr_carea' id='block_1_21' title="bbox 283 464 897 499">
    <p class='ocr_par' dir='ltr' id='par_1_21' title="bbox 283 464 897 499">
     <span class='ocr_line' id='line_1_21' title="bbox 283 464 897 499; baseline 0.002 -8"><span class='ocrx_word' id='word_1_142' title='bbox 283 464 330 491; x_wconf 67' lang='grc'><strong>95.</strong></span> <span class='ocrx_word' id='word_1_143' title='bbox 351 464 481 491; x_wconf 83' lang='lat' dir='ltr'><strong>Dominus</strong></span> <span class='ocrx_word' id='word_1_144' title='bbox 494 465 620 492; x_wconf 74' lang='lat' dir='ltr'><strong>virtutem</strong></span> <span class='ocrx_word' id='word_1_145' title='bbox 631 465 731 499; x_wconf 88' lang='lat' dir='ltr'><strong>populo</strong></span> <span class='ocrx_word' id='word_1_146' title='bbox 748 472 798 491; x_wconf 91' lang='lat' dir='ltr'><strong>suo</strong></span> <span class='ocrx_word' id='word_1_147' title='bbox 809 465 897 497; x_wconf 88' lang='lat' dir='ltr'><strong>dabit,</strong></span> 
     </span>
    </p>
   </div>
   <div class='ocr_carea' id='block_1_22' title="bbox 284 510 949 546">
    <p class='ocr_par' dir='ltr' id='par_1_22' title="bbox 284 510 949 546">
     <span class='ocr_line' id='line_1_22' title="bbox 284 510 949 546; baseline 0.002 -9"><span class='ocrx_word' id='word_1_148' title='bbox 284 510 330 537; x_wconf 75' lang='grc'><strong>94.</strong></span> <span class='ocrx_word' id='word_1_149' title='bbox 347 510 478 538; x_wconf 88' lang='lat' dir='ltr'><strong>Dominus</strong></span> <span class='ocrx_word' id='word_1_150' title='bbox 495 511 634 538; x_wconf 88' lang='lat' dir='ltr'><strong>benedicet</strong></span> <span class='ocrx_word' id='word_1_151' title='bbox 648 510 748 546; x_wconf 89' lang='lat' dir='ltr'><strong>populo</strong></span> <span class='ocrx_word' id='word_1_152' title='bbox 763 518 814 538; x_wconf 90' lang='lat' dir='ltr'><strong>suo</strong></span> <span class='ocrx_word' id='word_1_153' title='bbox 829 511 856 537; x_wconf 89' lang='lat' dir='ltr'><strong>in</strong></span> <span class='ocrx_word' id='word_1_154' title='bbox 872 518 949 546; x_wconf 84' lang='lat' dir='ltr'><strong>pace.</strong></span> 
     </span>
    </p>
   </div>
   <div class='ocr_carea' id='block_1_23' title="bbox 283 566 996 601">
    <p class='ocr_par' dir='ltr' id='par_1_23' title="bbox 283 566 996 601">
     <span class='ocr_line' id='line_1_23' title="bbox 283 566 996 601; baseline -0.003 -7"><span class='ocrx_word' id='word_1_155' title='bbox 283 566 316 594; x_wconf 85' lang='lat' dir='ltr'><strong>In</strong></span> <span class='ocrx_word' id='word_1_156' title='bbox 329 566 417 601; x_wconf 80' lang='lat' dir='ltr'><strong>ﬁnem.</strong></span> <span class='ocrx_word' id='word_1_157' title='bbox 437 566 561 593; x_wconf 78' lang='lat' dir='ltr'><strong>Psalmus</strong></span> <span class='ocrx_word' id='word_1_158' title='bbox 574 567 670 593; x_wconf 75' lang='lat' dir='ltr'><strong>cantici</strong></span> <span class='ocrx_word' id='word_1_159' title='bbox 685 567 713 593; x_wconf 76' lang='lat' dir='ltr'><strong>in</strong></span> <span class='ocrx_word' id='word_1_160' title='bbox 723 566 889 594; x_wconf 75' lang='lat' dir='ltr'><strong>dedicatione</strong></span> <span class='ocrx_word' id='word_1_161' title='bbox 903 567 996 594; x_wconf 79' lang='lat' dir='ltr'><strong>damus</strong></span> 
     </span>
    </p>
   </div>
   <div class='ocr_carea' id='block_1_24' title="bbox 475 611 811 640">
    <p class='ocr_par' dir='ltr' id='par_1_24' title="bbox 475 611 811 640">
     <span class='ocr_line' id='line_1_24' title="bbox 475 611 811 640; baseline -0.006 0"><span class='ocrx_word' id='word_1_162' title='bbox 475 613 569 640; x_wconf 79' lang='lat' dir='ltr'><strong>Dauid.</strong></span> <span class='ocrx_word' id='word_1_163' title='bbox 585 611 687 640; x_wconf 79' lang='lat' dir='ltr'><strong>PSAL.</strong></span> <span class='ocrx_word' id='word_1_164' title='bbox 700 611 811 639; x_wconf 80' lang='lat' dir='ltr'><strong>XXIX.</strong></span> 
     </span>
    </p>
   </div>
   <div class='ocr_carea' id='block_1_25' title="bbox 287 669 1031 703">
    <p class='ocr_par' dir='ltr' id='par_1_25' title="bbox 287 669 1031 703">
     <span class='ocr_line' id='line_1_25' title="bbox 287 669 1031 703; baseline -0.003 -5"><span class='ocrx_word' id='word_1_165' title='bbox 287 671 312 698; x_wconf 90' lang='lat'><strong>1.</strong></span> <span class='ocrx_word' id='word_1_166' title='bbox 328 670 458 697; x_wconf 78' lang='lat' dir='ltr'><strong>Exallabo</strong></span> <span class='ocrx_word' id='word_1_167' title='bbox 475 674 511 702; x_wconf 81' lang='lat' dir='ltr'><strong>te,</strong></span> <span class='ocrx_word' id='word_1_168' title='bbox 523 669 648 702; x_wconf 90' lang='lat' dir='ltr'><strong>Domine,</strong></span> <span class='ocrx_word' id='word_1_169' title='bbox 662 669 791 703; x_wconf 85' lang='lat' dir='ltr'><strong>quoniam</strong></span> <span class='ocrx_word' id='word_1_170' title='bbox 808 669 951 703; x_wconf 75' lang='lat' dir='ltr'><strong>suscepisti</strong></span> <span class='ocrx_word' id='word_1_171' title='bbox 968 676 1031 696; x_wconf 86' lang='lat' dir='ltr'><strong>me:</strong></span> 
     </span>
    </p>
   </div>
   <div class='ocr_carea' id='block_1_26' title="bbox 284 714 932 756">
    <p class='ocr_par' dir='ltr' id='par_1_26' title="bbox 284 714 932 756">
     <span class='ocr_line' id='line_1_26' title="bbox 284 714 932 756; baseline -0.003 -13"><span class='ocrx_word' id='word_1_172' title='bbox 284 717 312 744; x_wconf 73' lang='grc' dir='ltr'><strong>Ξ.</strong></span> <span class='ocrx_word' id='word_1_173' title='bbox 327 715 382 743; x_wconf 87' lang='lat' dir='ltr'><strong>Nec</strong></span> <span class='ocrx_word' id='word_1_174' title='bbox 397 715 536 743; x_wconf 82' lang='lat' dir='ltr'><strong>delectasti</strong></span> <span class='ocrx_word' id='word_1_175' title='bbox 554 714 678 741; x_wconf 90' lang='lat' dir='ltr'><strong>inimicos</strong></span> <span class='ocrx_word' id='word_1_176' title='bbox 692 721 767 741; x_wconf 88' lang='lat' dir='ltr'><strong>meos</strong></span> <span class='ocrx_word' id='word_1_177' title='bbox 784 721 866 748; x_wconf 88' lang='lat' dir='ltr'><strong>super</strong></span> <span class='ocrx_word' id='word_1_178' title='bbox 878 721 932 756; x_wconf 63' lang='lat' dir='ltr'><strong>me.</strong></span> 
     </span>
    </p>
   </div>
   <div class='ocr_carea' id='block_1_27' title="bbox 285 759 1033 793">
    <p class='ocr_par' dir='ltr' id='par_1_27' title="bbox 285 759 1033 793">
     <span class='ocr_line' id='line_1_27' title="bbox 285 759 1033 793; baseline -0.004 -4"><span class='ocrx_word' id='word_1_179' title='bbox 285 762 312 789; x_wconf 78' lang='lat'>5.</span> <span class='ocrx_word' id='word_1_180' title='bbox 328 761 442 788; x_wconf 79' lang='lat' dir='ltr'><strong>Domine</strong></span> <span class='ocrx_word' id='word_1_181' title='bbox 465 760 538 788; x_wconf 84' lang='lat' dir='ltr'><strong>Deus</strong></span> <span class='ocrx_word' id='word_1_182' title='bbox 559 767 647 793; x_wconf 80' lang='lat' dir='ltr'><strong>meus,</strong></span> <span class='ocrx_word' id='word_1_183' title='bbox 663 760 778 787; x_wconf 83' lang='lat' dir='ltr'><strong>clamavi</strong></span> <span class='ocrx_word' id='word_1_184' title='bbox 797 759 831 787; x_wconf 91' lang='lat' dir='ltr'><strong>ad</strong></span> <span class='ocrx_word' id='word_1_185' title='bbox 847 764 882 792; x_wconf 79' lang='lat' dir='ltr'><strong>te,</strong></span> <span class='ocrx_word' id='word_1_186' title='bbox 905 764 933 787; x_wconf 87' lang='lat' dir='ltr'><strong>et</strong></span> <span class='ocrx_word' id='word_1_187' title='bbox 953 766 1033 786; x_wconf 83' lang='lat' dir='ltr'><strong>sana-</strong></span> 
     </span>
    </p>
   </div>
   <div class='ocr_carea' id='block_1_28' title="bbox 252 808 1023 841">
    <p class='ocr_par' dir='ltr' id='par_1_28' title="bbox 252 808 353 834">
     <span class='ocr_line' id='line_1_28' title="bbox 252 808 353 834; baseline 0 0"><span class='ocrx_word' id='word_1_188' title='bbox 252 808 285 834; x_wconf 85' lang='lat' dir='ltr'><strong>sti</strong></span> <span class='ocrx_word' id='word_1_189' title='bbox 299 815 353 834; x_wconf 89' lang='lat' dir='ltr'><strong>me.</strong></span> 
     </span>
    </p>
   </div>
   <div class='ocr_carea' id='block_1_29' title="bbox 1105 808 1130 841">
    <p class='ocr_par' dir='ltr' id='par_1_29' title="bbox 1105 814 1130 833">
     <span class='ocr_line' id='line_1_29' title="bbox 1105 814 1130 833; baseline 0.04 -1"><span class='ocrx_word' id='word_1_190' title='bbox 1105 814 1130 833; x_wconf 80' lang='grc' dir='ltr'><strong>Ε.</strong></span> 
     </span>
    </p>
   </div>
   <div class='ocr_carea' id='block_1_30' title="bbox 286 847 1023 892">
    <p class='ocr_par' dir='ltr' id='par_1_30' title="bbox 286 851 1014 886">
     <span class='ocr_line' id='line_1_30' title="bbox 286 851 1014 886; baseline -0.003 -6"><span class='ocrx_word' id='word_1_191' title='bbox 286 854 313 882; x_wconf 76' lang='grc'><strong>4.</strong></span> <span class='ocrx_word' id='word_1_192' title='bbox 329 853 454 886; x_wconf 84' lang='lat' dir='ltr'><strong>Domine.</strong></span> <span class='ocrx_word' id='word_1_193' title='bbox 468 852 585 881; x_wconf 79' lang='lat' dir='ltr'><strong>eduxisti</strong></span> <span class='ocrx_word' id='word_1_194' title='bbox 601 852 636 880; x_wconf 84' lang='lat' dir='ltr'><strong>ab</strong></span> <span class='ocrx_word' id='word_1_195' title='bbox 649 851 757 880; x_wconf 81' lang='lat' dir='ltr'><strong>inferno</strong></span> <span class='ocrx_word' id='word_1_196' title='bbox 771 851 889 879; x_wconf 88' lang='lat' dir='ltr'><strong>animam</strong></span> <span class='ocrx_word' id='word_1_197' title='bbox 905 858 992 878; x_wconf 87' lang='lat' dir='ltr'><strong>meam</strong></span> <span class='ocrx_word' id='word_1_198' title='bbox 1007 860 1014 877; x_wconf 94' lang='lat'><strong>:</strong></span> 
     </span>
    </p>
   </div>
   <div class='ocr_carea' id='block_1_31' title="bbox 1105 847 1779 892">
    <p class='ocr_par' dir='ltr' id='par_1_31' title="bbox 1119 847 1779 885">
     <span class='ocr_line' id='line_1_31' title="bbox 1119 847 1779 885; baseline -0.006 -8"><span class='ocrx_word' id='word_1_199' title='bbox 1119 851 1147 878; x_wconf 70' lang='grc'><strong>4.</strong></span> <span class='ocrx_word' id='word_1_200' title='bbox 1160 850 1257 885; x_wconf 82' lang='grc' dir='ltr'>Κύριε,</span> <span class='ocrx_word' id='word_1_201' title='bbox 1271 850 1408 885; x_wconf 78' lang='grc' dir='ltr'><strong>ἀνήγαγες</strong></span> <span class='ocrx_word' id='word_1_202' title='bbox 1421 848 1450 881; x_wconf 76' lang='grc' dir='ltr'>ἐξ</span> <span class='ocrx_word' id='word_1_203' title='bbox 1463 849 1525 884; x_wconf 71' lang='grc' dir='ltr'><strong>ᾅδου</strong></span> <span class='ocrx_word' id='word_1_204' title='bbox 1543 847 1591 883; x_wconf 80' lang='grc' dir='ltr'><strong>τὴν</strong></span> <span class='ocrx_word' id='word_1_205' title='bbox 1602 848 1689 883; x_wconf 81' lang='grc' dir='ltr'><strong>ψυχήν</strong></span> <span class='ocrx_word' id='word_1_206' title='bbox 1708 856 1761 882; x_wconf 90' lang='grc' dir='ltr'>μου</span> <span class='ocrx_word' id='word_1_207' title='bbox 1772 855 1779 861; x_wconf 88' lang='grc'>·</span> 
     </span>
    </p>
   </div>
   <div class='ocr_carea' id='block_1_32' title="bbox 286 893 1023 931">
    <p class='ocr_par' dir='ltr' id='par_1_32' title="bbox 286 898 936 927">
     <span class='ocr_line' id='line_1_32' title="bbox 286 898 936 927; baseline -0.005 0"><span class='ocrx_word' id='word_1_208' title='bbox 286 900 312 927; x_wconf 88' lang='lat'>5.</span> <span class='ocrx_word' id='word_1_209' title='bbox 333 899 448 927; x_wconf 90' lang='lat' dir='ltr'><strong>Salvasti</strong></span> <span class='ocrx_word' id='word_1_210' title='bbox 462 907 505 927; x_wconf 88' lang='lat' dir='ltr'><strong>me</strong></span> <span class='ocrx_word' id='word_1_211' title='bbox 519 907 534 926; x_wconf 88' lang='lat' dir='ltr'><strong>a</strong></span> <span class='ocrx_word' id='word_1_212' title='bbox 553 898 781 927; x_wconf 85' lang='lat' dir='ltr'><strong>descendentibus</strong></span> <span class='ocrx_word' id='word_1_213' title='bbox 793 898 820 925; x_wconf 86' lang='lat' dir='ltr'><strong>in</strong></span> <span class='ocrx_word' id='word_1_214' title='bbox 836 898 936 924; x_wconf 92' lang='lat' dir='ltr'><strong>lacum.</strong></span> 
     </span>
    </p>
   </div>
   <div class='ocr_carea' id='block_1_33' title="bbox 1105 893 1862 931">
    <p class='ocr_par' dir='ltr' id='par_1_33' title="bbox 1119 893 1862 931">
     <span class='ocr_line' id='line_1_33' title="bbox 1119 893 1862 931; baseline -0.004 -9"><span class='ocrx_word' id='word_1_215' title='bbox 1119 896 1145 922; x_wconf 80' lang='grc'><strong>5.</strong></span> <span class='ocrx_word' id='word_1_216' title='bbox 1163 896 1286 927; x_wconf 77' lang='grc' dir='ltr'><strong>Ἐσωσάς</strong></span> <span class='ocrx_word' id='word_1_217' title='bbox 1301 904 1333 931; x_wconf 86' lang='grc' dir='ltr'><strong>με</strong></span> <span class='ocrx_word' id='word_1_218' title='bbox 1342 896 1395 921; x_wconf 72' lang='grc' dir='ltr'><strong>ἀπὸ</strong></span> <span class='ocrx_word' id='word_1_219' title='bbox 1409 895 1462 921; x_wconf 83' lang='grc' dir='ltr'><strong>τῶν</strong></span> <span class='ocrx_word' id='word_1_220' title='bbox 1475 894 1689 921; x_wconf 76' lang='grc' dir='ltr'>καταϐαινόντων</span> <span class='ocrx_word' id='word_1_221' title='bbox 1698 894 1740 924; x_wconf 69' lang='grc' dir='ltr'>εἰς</span> <span class='ocrx_word' id='word_1_222' title='bbox 1756 893 1862 920; x_wconf 68' lang='grc' dir='ltr'>λάκκον.</span> 
     </span>
    </p>
   </div>
   <div class='ocr_carea' id='block_1_34' title="bbox 287 939 1023 978">
    <p class='ocr_par' dir='ltr' id='par_1_34' title="bbox 287 943 778 978">
     <span class='ocr_line' id='line_1_34' title="bbox 287 943 778 978; baseline -0.004 -6"><span class='ocrx_word' id='word_1_223' title='bbox 287 946 314 972; x_wconf 84' lang='grc'><strong>6.</strong></span> <span class='ocrx_word' id='word_1_224' title='bbox 330 944 439 973; x_wconf 85' lang='lat' dir='ltr'><strong>Psallite</strong></span> <span class='ocrx_word' id='word_1_225' title='bbox 451 944 578 975; x_wconf 80' lang='lat' dir='ltr'><strong>Domino,</strong></span> <span class='ocrx_word' id='word_1_226' title='bbox 593 944 679 971; x_wconf 84' lang='lat' dir='ltr'><strong>sancti</strong></span> <span class='ocrx_word' id='word_1_227' title='bbox 697 943 757 978; x_wconf 85' lang='lat' dir='ltr'><strong>ejus</strong></span> <span class='ocrx_word' id='word_1_228' title='bbox 770 951 778 977; x_wconf 87' lang='lat'><strong>;</strong></span> 
     </span>
    </p>
   </div>
   <div class='ocr_carea' id='block_1_35' title="bbox 1105 939 1690 978">
    <p class='ocr_par' dir='ltr' id='par_1_35' title="bbox 1118 939 1690 976">
     <span class='ocr_line' id='line_1_35' title="bbox 1118 939 1690 976; baseline -0.005 -7"><span class='ocrx_word' id='word_1_229' title='bbox 1118 941 1145 969; x_wconf 81' lang='lat'><strong>6.</strong></span> <span class='ocrx_word' id='word_1_230' title='bbox 1165 942 1275 968; x_wconf 81' lang='grc' dir='ltr'>Ψάλατε</span> <span class='ocrx_word' id='word_1_231' title='bbox 1289 941 1328 976; x_wconf 81' lang='grc' dir='ltr'>τῷ</span> <span class='ocrx_word' id='word_1_232' title='bbox 1344 941 1450 976; x_wconf 74' lang='grc' dir='ltr'><strong>Κυρίῳ,</strong></span> <span class='ocrx_word' id='word_1_233' title='bbox 1469 941 1493 966; x_wconf 77' lang='grc' dir='ltr'>οἱ</span> <span class='ocrx_word' id='word_1_234' title='bbox 1508 941 1575 967; x_wconf 76' lang='grc' dir='ltr'>ὅσιοι</span> <span class='ocrx_word' id='word_1_235' title='bbox 1591 939 1673 966; x_wconf 78' lang='grc' dir='ltr'>αὑτοῦ</span> <span class='ocrx_word' id='word_1_236' title='bbox 1684 947 1690 953; x_wconf 93' lang='grc'><strong>·</strong></span> 
     </span>
    </p>
   </div>
   <div class='ocr_carea' id='block_1_36' title="bbox 287 983 1023 1024">
    <p class='ocr_par' dir='ltr' id='par_1_36' title="bbox 287 985 1022 1024">
     <span class='ocr_line' id='line_1_36' title="bbox 287 985 1022 1024; baseline -0.003 -9"><span class='ocrx_word' id='word_1_237' title='bbox 287 989 312 1016; x_wconf 92' lang='lat'>7.</span> <span class='ocrx_word' id='word_1_238' title='bbox 329 989 360 1016; x_wconf 87' lang='lat' dir='ltr'><strong>Et</strong></span> <span class='ocrx_word' id='word_1_239' title='bbox 379 989 546 1017; x_wconf 87' lang='lat' dir='ltr'><strong>conﬁtemini</strong></span> <span class='ocrx_word' id='word_1_240' title='bbox 567 988 705 1016; x_wconf 68' lang='lat' dir='ltr'><strong>memoria:</strong></span> <span class='ocrx_word' id='word_1_241' title='bbox 724 985 908 1024; x_wconf 86' lang='lat' dir='ltr'><strong>[memoriam]</strong></span> <span class='ocrx_word' id='word_1_242' title='bbox 934 986 1022 1014; x_wconf 83' lang='lat' dir='ltr'><strong>sancti</strong></span> 
     </span>
    </p>
   </div>
   <div class='ocr_carea' id='block_1_37' title="bbox 1105 983 1866 1024">
    <p class='ocr_par' dir='ltr' id='par_1_37' title="bbox 1117 983 1866 1023">
     <span class='ocr_line' id='line_1_37' title="bbox 1117 983 1866 1023; baseline -0.007 -9"><span class='ocrx_word' id='word_1_243' title='bbox 1117 988 1144 1014; x_wconf 88' lang='lat'>7.</span> <span class='ocrx_word' id='word_1_244' title='bbox 1160 988 1215 1015; x_wconf 77' lang='grc' dir='ltr'><strong>Καὶ</strong></span> <span class='ocrx_word' id='word_1_245' title='bbox 1227 987 1429 1023; x_wconf 77' lang='grc' dir='ltr'><strong>ἐξομολογεῖσθε</strong></span> <span class='ocrx_word' id='word_1_246' title='bbox 1440 987 1472 1022; x_wconf 84' lang='grc' dir='ltr'><strong>τῇ</strong></span> <span class='ocrx_word' id='word_1_247' title='bbox 1487 987 1580 1022; x_wconf 84' lang='grc' dir='ltr'>μνήμῃ</span> <span class='ocrx_word' id='word_1_248' title='bbox 1596 985 1661 1021; x_wconf 77' lang='grc' dir='ltr'>[τὴν</span> <span class='ocrx_word' id='word_1_249' title='bbox 1675 983 1805 1020; x_wconf 79' lang='grc' dir='ltr'><strong>μνήμην]</strong></span> <span class='ocrx_word' id='word_1_250' title='bbox 1819 983 1866 1019; x_wconf 79' lang='grc' dir='ltr'>τῆς</span> 
     </span>
    </p>
   </div>
   <div class='ocr_carea' id='block_1_38' title="bbox 250 1027 1023 1070">
    <p class='ocr_par' dir='ltr' id='par_1_38' title="bbox 250 1027 902 1070">
     <span class='ocr_line' id='line_1_38' title="bbox 250 1027 902 1070; baseline -0.003 -9"><span class='ocrx_word' id='word_1_251' title='bbox 250 1034 315 1062; x_wconf 84' lang='lat' dir='ltr'><strong>tatis</strong></span> <span class='ocrx_word' id='word_1_252' title='bbox 331 1035 392 1070; x_wconf 89' lang='lat' dir='ltr'><strong>ejus</strong></span> <span class='ocrx_word' id='word_1_253' title='bbox 407 1044 413 1062; x_wconf 77' lang='lat'><strong>.-</strong></span> <span class='ocrx_word' id='word_1_254' title='bbox 727 1027 729 1030; x_wconf 34' lang='grc'><em>⁴</em></span> <span class='ocrx_word' id='word_1_255' title='bbox 898 1051 902 1059; x_wconf 66' lang='grc' dir='ltr'><strong>ι</strong></span> 
     </span>
    </p>
   </div>
   <div class='ocr_carea' id='block_1_39' title="bbox 1105 1027 1346 1070">
    <p class='ocr_par' dir='ltr' id='par_1_39' title="bbox 1105 1033 1346 1069">
     <span class='ocr_line' id='line_1_39' title="bbox 1105 1033 1346 1069; baseline 0 -9"><span class='ocrx_word' id='word_1_256' title='bbox 1105 1033 1235 1069; x_wconf 78' lang='grc' dir='ltr'>γιωσύνης</span> <span class='ocrx_word' id='word_1_257' title='bbox 1253 1033 1346 1060; x_wconf 77' lang='grc' dir='ltr'>αὑτοῦ.</span> 
     </span>
    </p>
   </div>
   <div class='ocr_carea' id='block_1_40' title="bbox 809 1111 1306 1140">
    <p class='ocr_par' dir='ltr' id='par_1_40' title="bbox 809 1111 1306 1140">
     <span class='ocr_line' id='line_1_40' title="bbox 809 1111 1306 1140; baseline -0.002 0"><span class='ocrx_word' id='word_1_258' title='bbox 809 1111 994 1140; x_wconf 80' lang='lat' dir='ltr'><strong>ATHANASII</strong></span> <span class='ocrx_word' id='word_1_259' title='bbox 1013 1111 1306 1140; x_wconf 77' lang='lat' dir='ltr'><strong>INTERPRETATIO.</strong></span> 
     </span>
    </p>
   </div>
   <div class='ocr_carea' id='block_1_41' title="bbox 287 1188 1023 1229">
    <p class='ocr_par' dir='ltr' id='par_1_41' title="bbox 287 1191 1023 1229">
     <span class='ocr_line' id='line_1_41' title="bbox 287 1191 1023 1229; baseline -0.007 -6"><span class='ocrx_word' id='word_1_260' title='bbox 287 1196 331 1223; x_wconf 86' lang='lat'>17.</span> <span class='ocrx_word' id='word_1_261' title='bbox 357 1195 446 1223; x_wconf 88' lang='lat' dir='ltr'><strong>Cades</strong></span> <span class='ocrx_word' id='word_1_262' title='bbox 473 1194 667 1229; x_wconf 84' lang='lat' dir='ltr'><strong>interpretatur</strong></span> <span class='ocrx_word' id='word_1_263' title='bbox 696 1193 870 1220; x_wconf 72' lang='lat' dir='ltr'><strong>illuminant:</strong></span> <span class='ocrx_word' id='word_1_264' title='bbox 903 1191 1023 1219; x_wconf 88' lang='lat' dir='ltr'><strong>mundun</strong></span> 
     </span>
    </p>
   </div>
   <div class='ocr_carea' id='block_1_42' title="bbox 1105 1188 1866 1229">
    <p class='ocr_par' dir='ltr' id='par_1_42' title="bbox 1131 1188 1866 1226">
     <span class='ocr_line' id='line_1_42' title="bbox 1131 1188 1866 1226; baseline -0.003 -8"><span class='ocrx_word' id='word_1_265' title='bbox 1131 1191 1174 1218; x_wconf 86' lang='lat'>17.</span> <span class='ocrx_word' id='word_1_266' title='bbox 1189 1190 1283 1226; x_wconf 85' lang='grc' dir='ltr'>Κάδης</span> <span class='ocrx_word' id='word_1_267' title='bbox 1295 1189 1473 1226; x_wconf 77' lang='grc' dir='ltr'><strong>ἑρμηνεύεται</strong></span> <span class='ocrx_word' id='word_1_268' title='bbox 1484 1189 1686 1223; x_wconf 74' lang='grc' dir='ltr'>διηλλαγμένη</span> <span class='ocrx_word' id='word_1_269' title='bbox 1695 1188 1734 1224; x_wconf 89' lang='lat'><strong>(1)</strong></span> <span class='ocrx_word' id='word_1_270' title='bbox 1745 1197 1752 1204; x_wconf 82' lang='lat'>&#39;</span> <span class='ocrx_word' id='word_1_271' title='bbox 1765 1188 1812 1216; x_wconf 68' lang='grc' dir='ltr'><strong>τὸν</strong></span> <span class='ocrx_word' id='word_1_272' title='bbox 1825 1188 1866 1216; x_wconf 83' lang='grc' dir='ltr'><strong>κό-</strong></span> 
     </span>
    </p>
   </div>
   <div class='ocr_carea' id='block_1_43' title="bbox 251 1234 1023 1276">
    <p class='ocr_par' dir='ltr' id='par_1_43' title="bbox 251 1238 1023 1276">
     <span class='ocr_line' id='line_1_43' title="bbox 251 1238 1023 1276; baseline -0.005 -7"><span class='ocrx_word' id='word_1_273' title='bbox 251 1241 334 1276; x_wconf 76' lang='lat' dir='ltr'><strong>igitur</strong></span> <span class='ocrx_word' id='word_1_274' title='bbox 348 1241 498 1276; x_wconf 76' lang='lat' dir='ltr'><strong>signiﬁcat,</strong></span> <span class='ocrx_word' id='word_1_275' title='bbox 511 1247 591 1275; x_wconf 86' lang='lat' dir='ltr'><strong>quem</strong></span> <span class='ocrx_word' id='word_1_276' title='bbox 610 1239 749 1266; x_wconf 85' lang='lat' dir='ltr'><strong>transtulit</strong></span> <span class='ocrx_word' id='word_1_277' title='bbox 774 1239 801 1265; x_wconf 92' lang='lat' dir='ltr'><strong>in</strong></span> <span class='ocrx_word' id='word_1_278' title='bbox 824 1238 867 1266; x_wconf 86' lang='lat' dir='ltr'><strong>sui</strong></span> <span class='ocrx_word' id='word_1_279' title='bbox 881 1238 967 1272; x_wconf 86' lang='lat' dir='ltr'><strong>ipsius</strong></span> <span class='ocrx_word' id='word_1_280' title='bbox 990 1245 1023 1266; x_wconf 90' lang='lat' dir='ltr'><strong>co</strong></span> 
     </span>
    </p>
   </div>
   <div class='ocr_carea' id='block_1_44' title="bbox 1105 1234 1865 1276">
    <p class='ocr_par' dir='ltr' id='par_1_44' title="bbox 1105 1234 1865 1273">
     <span class='ocr_line' id='line_1_44' title="bbox 1105 1234 1865 1273; baseline -0.001 -10"><span class='ocrx_word' id='word_1_281' title='bbox 1105 1245 1153 1273; x_wconf 85' lang='grc' dir='ltr'><strong>μον</strong></span> <span class='ocrx_word' id='word_1_282' title='bbox 1166 1234 1212 1263; x_wconf 72' lang='grc' dir='ltr'><strong>οὖν</strong></span> <span class='ocrx_word' id='word_1_283' title='bbox 1227 1236 1317 1270; x_wconf 84' lang='grc' dir='ltr'>λέγει,</span> <span class='ocrx_word' id='word_1_284' title='bbox 1332 1236 1362 1263; x_wconf 86' lang='grc' dir='ltr'><strong>ὃν</strong></span> <span class='ocrx_word' id='word_1_285' title='bbox 1379 1235 1525 1271; x_wconf 75' lang='grc' dir='ltr'>μετέϐαλεν</span> <span class='ocrx_word' id='word_1_286' title='bbox 1539 1236 1578 1266; x_wconf 87' lang='grc' dir='ltr'><strong>εἰς</strong></span> <span class='ocrx_word' id='word_1_287' title='bbox 1592 1235 1740 1268; x_wconf 76' lang='grc' dir='ltr'>ἐπίγνωσιν</span> <span class='ocrx_word' id='word_1_288' title='bbox 1760 1235 1865 1262; x_wconf 78' lang='grc' dir='ltr'><strong>ἑαυτοῦ.</strong></span> 
     </span>
    </p>
   </div>
   <div class='ocr_carea' id='block_1_45' title="bbox 251 1287 412 1322">
    <p class='ocr_par' dir='ltr' id='par_1_45' title="bbox 251 1287 412 1322">
     <span class='ocr_line' id='line_1_45' title="bbox 251 1287 412 1322; baseline 0 -9"><span class='ocrx_word' id='word_1_289' title='bbox 251 1287 412 1322; x_wconf 74' lang='lat' dir='ltr'><strong>gnitionein.</strong></span> 
     </span>
    </p>
   </div>
   <div class='ocr_carea' id='block_1_46' title="bbox 288 1324 1023 1366">
    <p class='ocr_par' dir='ltr' id='par_1_46' title="bbox 288 1331 505 1366">
     <span class='ocr_line' id='line_1_46' title="bbox 288 1331 505 1366; baseline 0 -8"><span class='ocrx_word' id='word_1_290' title='bbox 288 1331 332 1358; x_wconf 92' lang='lat'>18.</span> <span class='ocrx_word' id='word_1_291' title='bbox 349 1331 505 1366; x_wconf 79' lang='lat' dir='ltr'><strong>Apostolos.</strong></span> 
     </span>
    </p>
   </div>
   <div class='ocr_carea' id='block_1_47' title="bbox 1105 1324 1429 1366">
    <p class='ocr_par' dir='ltr' id='par_1_47' title="bbox 1120 1324 1429 1356">
     <span class='ocr_line' id='line_1_47' title="bbox 1120 1324 1429 1356; baseline 0.003 -6"><span class='ocrx_word' id='word_1_292' title='bbox 1120 1324 1164 1351; x_wconf 90' lang='lat'><strong>18.</strong></span> <span class='ocrx_word' id='word_1_293' title='bbox 1175 1325 1245 1356; x_wconf 75' lang='grc' dir='ltr'>Τοὺς</span> <span class='ocrx_word' id='word_1_294' title='bbox 1254 1324 1429 1356; x_wconf 80' lang='grc' dir='ltr'><strong>ἀποστόλους.</strong></span> 
     </span>
    </p>
   </div>
   <div class='ocr_carea' id='block_1_48' title="bbox 1119 1369 1404 1404">
    <p class='ocr_par' dir='ltr' id='par_1_48' title="bbox 1119 1369 1404 1404">
     <span class='ocr_line' id='line_1_48' title="bbox 1119 1369 1404 1404; baseline -0.004 -9"><span class='ocrx_word' id='word_1_295' title='bbox 1119 1369 1162 1395; x_wconf 77' lang='lat'>19.</span> <span class='ocrx_word' id='word_1_296' title='bbox 1179 1369 1220 1394; x_wconf 80' lang='grc' dir='ltr'><strong>Τὰ</strong></span> <span class='ocrx_word' id='word_1_297' title='bbox 1241 1369 1304 1404; x_wconf 74' lang='grc' dir='ltr'>ἔθνη</span> <span class='ocrx_word' id='word_1_298' title='bbox 1321 1369 1404 1401; x_wconf 81' lang='grc' dir='ltr'>λέγει.</span> 
     </span>
    </p>
   </div>
   <div class='ocr_carea' id='block_1_49' title="bbox 1117 1413 1865 1450">
    <p class='ocr_par' dir='ltr' id='par_1_49' title="bbox 1117 1413 1865 1450">
     <span class='ocr_line' id='line_1_49' title="bbox 1117 1413 1865 1450; baseline 0.004 -10"><span class='ocrx_word' id='word_1_299' title='bbox 1117 1413 1161 1440; x_wconf 77' lang='grc'><strong>20.</strong></span> <span class='ocrx_word' id='word_1_300' title='bbox 1174 1414 1229 1441; x_wconf 74' lang='grc' dir='ltr'><strong>Καὶ</strong></span> <span class='ocrx_word' id='word_1_301' title='bbox 1241 1414 1341 1445; x_wconf 79' lang='grc' dir='ltr'>πάντες</span> <span class='ocrx_word' id='word_1_302' title='bbox 1351 1415 1379 1441; x_wconf 83' lang='grc' dir='ltr'>ἐν</span> <span class='ocrx_word' id='word_1_303' title='bbox 1392 1414 1431 1449; x_wconf 83' lang='grc' dir='ltr'>τῷ</span> <span class='ocrx_word' id='word_1_304' title='bbox 1444 1413 1501 1450; x_wconf 72' lang='grc' dir='ltr'><strong>ναῷ</strong></span> <span class='ocrx_word' id='word_1_305' title='bbox 1512 1413 1593 1442; x_wconf 82' lang='grc' dir='ltr'>αὐτοῦ</span> <span class='ocrx_word' id='word_1_306' title='bbox 1603 1413 1761 1448; x_wconf 82' lang='grc' dir='ltr'><strong>δοξάσουσιν</strong></span> <span class='ocrx_word' id='word_1_307' title='bbox 1780 1415 1865 1443; x_wconf 76' lang='grc' dir='ltr'>αὐτόν.</span> 
     </span>
    </p>
   </div>
   <div class='ocr_carea' id='block_1_50' title="bbox 1118 1459 1476 1495">
    <p class='ocr_par' dir='ltr' id='par_1_50' title="bbox 1118 1459 1476 1495">
     <span class='ocr_line' id='line_1_50' title="bbox 1118 1459 1476 1495; baseline 0 -8"><span class='ocrx_word' id='word_1_308' title='bbox 1118 1459 1163 1487; x_wconf 77' lang='grc'><strong>21.</strong></span> <span class='ocrx_word' id='word_1_309' title='bbox 1182 1460 1218 1486; x_wconf 88' lang='grc' dir='ltr'><strong>Τὸ</strong></span> <span class='ocrx_word' id='word_1_310' title='bbox 1231 1460 1371 1495; x_wconf 81' lang='grc' dir='ltr'><strong>βάπτισμα</strong></span> <span class='ocrx_word' id='word_1_311' title='bbox 1389 1460 1476 1494; x_wconf 83' lang='grc' dir='ltr'>λέγει.</span> 
     </span>
    </p>
   </div>
   <div class='ocr_carea' id='block_1_51' title="bbox 1118 1505 1612 1542">
    <p class='ocr_par' dir='ltr' id='par_1_51' title="bbox 1118 1505 1612 1542">
     <span class='ocr_line' id='line_1_51' title="bbox 1118 1505 1612 1542; baseline 0.006 -10"><span class='ocrx_word' id='word_1_312' title='bbox 1118 1505 1164 1533; x_wconf 67' lang='lat'><strong>22.</strong></span> <span class='ocrx_word' id='word_1_313' title='bbox 1189 1506 1232 1532; x_wconf 84' lang='grc' dir='ltr'><strong>Ἐν</strong></span> <span class='ocrx_word' id='word_1_314' title='bbox 1244 1505 1282 1540; x_wconf 85' lang='grc' dir='ltr'>τῷ</span> <span class='ocrx_word' id='word_1_315' title='bbox 1296 1506 1402 1541; x_wconf 80' lang='grc' dir='ltr'>οὐρανῷ</span> <span class='ocrx_word' id='word_1_316' title='bbox 1417 1506 1464 1532; x_wconf 75' lang='grc' dir='ltr'>καὶ</span> <span class='ocrx_word' id='word_1_317' title='bbox 1476 1506 1505 1533; x_wconf 81' lang='grc' dir='ltr'><strong>ὲν</strong></span> <span class='ocrx_word' id='word_1_318' title='bbox 1518 1508 1551 1542; x_wconf 79' lang='grc' dir='ltr'>τῇ</span> <span class='ocrx_word' id='word_1_319' title='bbox 1565 1508 1612 1542; x_wconf 76' lang='grc' dir='ltr'>γῇ.</span> 
     </span>
    </p>
   </div>
   <div class='ocr_carea' id='block_1_52' title="bbox 1119 1551 1576 1586">
    <p class='ocr_par' dir='ltr' id='par_1_52' title="bbox 1119 1551 1576 1586">
     <span class='ocr_line' id='line_1_52' title="bbox 1119 1551 1576 1586; baseline 0.002 -9"><span class='ocrx_word' id='word_1_320' title='bbox 1119 1551 1165 1578; x_wconf 72' lang='grc'><strong>25.</strong></span> <span class='ocrx_word' id='word_1_321' title='bbox 1183 1551 1220 1577; x_wconf 79' lang='grc' dir='ltr'><strong>Τδ</strong></span> <span class='ocrx_word' id='word_1_322' title='bbox 1234 1551 1346 1586; x_wconf 79' lang='grc' dir='ltr'>Πνεῦμα</span> <span class='ocrx_word' id='word_1_323' title='bbox 1361 1551 1392 1578; x_wconf 75' lang='grc' dir='ltr'><strong>τὸ</strong></span> <span class='ocrx_word' id='word_1_324' title='bbox 1405 1551 1482 1586; x_wconf 77' lang='grc' dir='ltr'>ἅγιον</span> <span class='ocrx_word' id='word_1_325' title='bbox 1493 1552 1576 1586; x_wconf 84' lang='grc' dir='ltr'>λέγει.</span> 
     </span>
    </p>
   </div>
   <div class='ocr_carea' id='block_1_53' title="bbox 1120 1596 1869 1633">
    <p class='ocr_par' dir='ltr' id='par_1_53' title="bbox 1120 1596 1869 1633">
     <span class='ocr_line' id='line_1_53' title="bbox 1120 1596 1869 1633; baseline 0.003 -10"><span class='ocrx_word' id='word_1_326' title='bbox 1120 1596 1166 1623; x_wconf 66' lang='grc'><strong>24.</strong></span> <span class='ocrx_word' id='word_1_327' title='bbox 1188 1597 1217 1622; x_wconf 83' lang='grc'><strong>’0</strong></span> <span class='ocrx_word' id='word_1_328' title='bbox 1228 1596 1322 1632; x_wconf 79' lang='grc' dir='ltr'>Πατὴρ</span> <span class='ocrx_word' id='word_1_329' title='bbox 1335 1598 1364 1623; x_wconf 83' lang='grc' dir='ltr'>ὲν</span> <span class='ocrx_word' id='word_1_330' title='bbox 1380 1597 1417 1632; x_wconf 84' lang='grc' dir='ltr'>τῷ</span> <span class='ocrx_word' id='word_1_331' title='bbox 1431 1597 1488 1633; x_wconf 83' lang='grc' dir='ltr'><strong>Υῑῷ</strong></span> <span class='ocrx_word' id='word_1_332' title='bbox 1500 1597 1582 1624; x_wconf 81' lang='grc' dir='ltr'>αὑτοῦ</span> <span class='ocrx_word' id='word_1_333' title='bbox 1590 1597 1732 1633; x_wconf 77' lang='grc' dir='ltr'>εὖλογήσει</span> <span class='ocrx_word' id='word_1_334' title='bbox 1748 1599 1812 1630; x_wconf 75' lang='grc' dir='ltr'>τοὺς</span> <span class='ocrx_word' id='word_1_335' title='bbox 1828 1607 1869 1625; x_wconf 79' lang='grc' dir='ltr'><strong>πι-</strong></span> 
     </span>
    </p>
   </div>
   <div class='ocr_carea' id='block_1_54' title="bbox 1088 1650 1178 1674">
    <p class='ocr_par' dir='ltr' id='par_1_54' title="bbox 1088 1650 1178 1674">
     <span class='ocr_line' id='line_1_54' title="bbox 1088 1650 1178 1674; baseline 0.022 -6"><span class='ocrx_word' id='word_1_336' title='bbox 1088 1650 1178 1674; x_wconf 83' lang='grc' dir='ltr'>στους.</span> 
     </span>
    </p>
   </div>
   <div class='ocr_carea' id='block_1_55' title="bbox 287 1377 609 1412">
    <p class='ocr_par' dir='ltr' id='par_1_55' title="bbox 287 1377 609 1412">
     <span class='ocr_line' id='line_1_55' title="bbox 287 1377 609 1412; baseline 0.003 -8"><span class='ocrx_word' id='word_1_337' title='bbox 287 1377 332 1404; x_wconf 82' lang='lat'>19.</span> <span class='ocrx_word' id='word_1_338' title='bbox 350 1377 450 1404; x_wconf 89' lang='lat' dir='ltr'><strong>Gentes</strong></span> <span class='ocrx_word' id='word_1_339' title='bbox 463 1377 609 1412; x_wconf 80' lang='lat' dir='ltr'><strong>signiﬁcat.</strong></span> 
     </span>
    </p>
   </div>
   <div class='ocr_carea' id='block_1_56' title="bbox 284 1421 1012 1459">
    <p class='ocr_par' dir='ltr' id='par_1_56' title="bbox 284 1421 1012 1459">
     <span class='ocr_line' id='line_1_56' title="bbox 284 1421 1012 1459; baseline 0.001 -11"><span class='ocrx_word' id='word_1_340' title='bbox 284 1422 330 1449; x_wconf 74' lang='lat'><strong>20.</strong></span> <span class='ocrx_word' id='word_1_341' title='bbox 350 1421 383 1449; x_wconf 85' lang='lat' dir='ltr'><strong>Et</strong></span> <span class='ocrx_word' id='word_1_342' title='bbox 396 1429 492 1450; x_wconf 89' lang='lat' dir='ltr'><strong>omnes</strong></span> <span class='ocrx_word' id='word_1_343' title='bbox 505 1423 533 1450; x_wconf 92' lang='lat' dir='ltr'><strong>in</strong></span> <span class='ocrx_word' id='word_1_344' title='bbox 548 1423 608 1458; x_wconf 84' lang='lat' dir='ltr'><strong>ejus</strong></span> <span class='ocrx_word' id='word_1_345' title='bbox 624 1423 724 1458; x_wconf 75' lang='lat' dir='ltr'><strong>templo</strong></span> <span class='ocrx_word' id='word_1_346' title='bbox 736 1423 928 1459; x_wconf 72' lang='lat' dir='ltr'><strong>gloriﬁcabunt</strong></span> <span class='ocrx_word' id='word_1_347' title='bbox 939 1429 1012 1450; x_wconf 82' lang='lat' dir='ltr'><strong>eum.</strong></span> 
     </span>
    </p>
   </div>
   <div class='ocr_carea' id='block_1_57' title="bbox 284 1467 677 1504">
    <p class='ocr_par' dir='ltr' id='par_1_57' title="bbox 284 1467 677 1504">
     <span class='ocr_line' id='line_1_57' title="bbox 284 1467 677 1504; baseline 0.005 -10"><span class='ocrx_word' id='word_1_348' title='bbox 284 1468 330 1495; x_wconf 76' lang='lat'>9.1.</span> <span class='ocrx_word' id='word_1_349' title='bbox 346 1467 516 1502; x_wconf 87' lang='lat' dir='ltr'><strong>Baptismum</strong></span> <span class='ocrx_word' id='word_1_350' title='bbox 531 1469 677 1504; x_wconf 70' lang='lat' dir='ltr'><strong>signiﬁcat.</strong></span> 
     </span>
    </p>
   </div>
   <div class='ocr_carea' id='block_1_58' title="bbox 284 1513 633 1542">
    <p class='ocr_par' dir='ltr' id='par_1_58' title="bbox 284 1513 633 1542">
     <span class='ocr_line' id='line_1_58' title="bbox 284 1513 633 1542; baseline 0.003 -1"><span class='ocrx_word' id='word_1_351' title='bbox 284 1514 329 1541; x_wconf 69' lang='lat'>9.2.</span> <span class='ocrx_word' id='word_1_352' title='bbox 347 1513 375 1540; x_wconf 87' lang='lat' dir='ltr'><strong>In</strong></span> <span class='ocrx_word' id='word_1_353' title='bbox 387 1514 457 1542; x_wconf 65' lang='lat' dir='ltr'><strong>caelo</strong></span> <span class='ocrx_word' id='word_1_354' title='bbox 468 1519 495 1542; x_wconf 86' lang='lat' dir='ltr'><strong>et</strong></span> <span class='ocrx_word' id='word_1_355' title='bbox 508 1515 535 1542; x_wconf 92' lang='lat' dir='ltr'><strong>in</strong></span> <span class='ocrx_word' id='word_1_356' title='bbox 549 1520 633 1542; x_wconf 90' lang='lat' dir='ltr'><strong>terra.</strong></span> 
     </span>
    </p>
   </div>
   <div class='ocr_carea' id='block_1_59' title="bbox 284 1559 775 1596">
    <p class='ocr_par' dir='ltr' id='par_1_59' title="bbox 284 1559 775 1596">
     <span class='ocr_line' id='line_1_59' title="bbox 284 1559 775 1596; baseline 0.006 -11"><span class='ocrx_word' id='word_1_357' title='bbox 284 1559 330 1586; x_wconf 73' lang='lat'><strong>25.</strong></span> <span class='ocrx_word' id='word_1_358' title='bbox 344 1559 477 1594; x_wconf 85' lang='lat' dir='ltr'><strong>Spiritum</strong></span> <span class='ocrx_word' id='word_1_359' title='bbox 490 1566 614 1588; x_wconf 87' lang='lat' dir='ltr'><strong>sanctum</strong></span> <span class='ocrx_word' id='word_1_360' title='bbox 630 1561 775 1596; x_wconf 72' lang='lat' dir='ltr'><strong>signiﬁcat.</strong></span> 
     </span>
    </p>
   </div>
   <div class='ocr_carea' id='block_1_60' title="bbox 284 1598 928 1633">
    <p class='ocr_par' dir='ltr' id='par_1_60' title="bbox 284 1598 928 1633">
     <span class='ocr_line' id='line_1_60' title="bbox 284 1598 928 1633; baseline 0.002 -3"><span class='ocrx_word' id='word_1_361' title='bbox 284 1604 330 1631; x_wconf 72' lang='grc'><strong>24.</strong></span> <span class='ocrx_word' id='word_1_362' title='bbox 349 1603 430 1632; x_wconf 84' lang='lat' dir='ltr'><strong>Pater</strong></span> <span class='ocrx_word' id='word_1_363' title='bbox 447 1605 473 1632; x_wconf 93' lang='lat' dir='ltr'><strong>in</strong></span> <span class='ocrx_word' id='word_1_364' title='bbox 488 1598 557 1633; x_wconf 75' lang='lat' dir='ltr'><strong>Filio</strong></span> <span class='ocrx_word' id='word_1_365' title='bbox 571 1613 622 1633; x_wconf 89' lang='lat' dir='ltr'><strong>suo</strong></span> <span class='ocrx_word' id='word_1_366' title='bbox 637 1606 762 1633; x_wconf 86' lang='lat' dir='ltr'><strong>ﬁdelibus</strong></span> <span class='ocrx_word' id='word_1_367' title='bbox 778 1605 928 1633; x_wconf 85' lang='lat' dir='ltr'><strong>benedicet.</strong></span> 
     </span>
    </p>
   </div>
   <div class='ocr_carea' id='block_1_61' title="bbox 291 1711 1866 1749">
    <p class='ocr_par' dir='ltr' id='par_1_61' title="bbox 291 1711 1866 1749">
     <span class='ocr_line' id='line_1_61' title="bbox 291 1711 1866 1749; baseline 0.001 -11"><span class='ocrx_word' id='word_1_368' title='bbox 291 1712 324 1738; x_wconf 82' lang='grc' dir='ltr'><strong><em>Ἦ</em></strong></span> <span class='ocrx_word' id='word_1_369' title='bbox 349 1713 516 1748; x_wconf 82' lang='grc' dir='ltr'>προκειμένη</span> <span class='ocrx_word' id='word_1_370' title='bbox 543 1714 683 1749; x_wconf 66' lang='grc' dir='ltr'>ἐπιγραφὴ</span> <span class='ocrx_word' id='word_1_371' title='bbox 714 1713 851 1749; x_wconf 79' lang='grc' dir='ltr'>περιέχει·</span> <span class='ocrx_word' id='word_1_372' title='bbox 877 1714 930 1746; x_wconf 75' lang='grc' dir='ltr'><strong>Εἰς</strong></span> <span class='ocrx_word' id='word_1_373' title='bbox 941 1712 974 1739; x_wconf 81' lang='grc' dir='ltr'>τὸ</span> <span class='ocrx_word' id='word_1_374' title='bbox 991 1712 1087 1745; x_wconf 82' lang='grc' dir='ltr'><strong>τέλος,</strong></span> <span class='ocrx_word' id='word_1_375' title='bbox 1116 1711 1238 1746; x_wconf 71' lang='grc' dir='ltr'><strong>ψαλμὸς</strong></span> <span class='ocrx_word' id='word_1_376' title='bbox 1258 1711 1339 1746; x_wconf 82' lang='grc' dir='ltr'><strong>ᾠδῆς</strong></span> <span class='ocrx_word' id='word_1_377' title='bbox 1361 1711 1414 1738; x_wconf 87' lang='grc' dir='ltr'><strong>τοῦ</strong></span> <span class='ocrx_word' id='word_1_378' title='bbox 1439 1712 1633 1747; x_wconf 56' lang='lat' dir='ltr'><strong>enutrio/1017</strong></span> <span class='ocrx_word' id='word_1_379' title='bbox 1647 1712 1700 1739; x_wconf 82' lang='grc' dir='ltr'><strong>τοῦ</strong></span> <span class='ocrx_word' id='word_1_380' title='bbox 1714 1713 1802 1740; x_wconf 74' lang='grc' dir='ltr'>οἴκου</span> <span class='ocrx_word' id='word_1_381' title='bbox 1817 1711 1866 1740; x_wconf 74' lang='grc' dir='ltr'><strong>τοῦ</strong></span> 
     </span>
    </p>
   </div>
   <div class='ocr_carea' id='block_1_62' title="bbox 249 1758 1863 1797">
    <p class='ocr_par' dir='ltr' id='par_1_62' title="bbox 249 1758 1863 1797">
     <span class='ocr_line' id='line_1_62' title="bbox 249 1758 1863 1797; baseline 0.001 -11"><span class='ocrx_word' id='word_1_382' title='bbox 249 1759 348 1787; x_wconf 77' lang='grc' dir='ltr'><strong>Δαϐίδ.</strong></span> <span class='ocrx_word' id='word_1_383' title='bbox 366 1759 451 1786; x_wconf 83' lang='grc' dir='ltr'>Τοῦτο</span> <span class='ocrx_word' id='word_1_384' title='bbox 463 1758 508 1786; x_wconf 82' lang='grc' dir='ltr'>οὖν</span> <span class='ocrx_word' id='word_1_385' title='bbox 520 1760 593 1795; x_wconf 84' lang='grc' dir='ltr'>λέγει</span> <span class='ocrx_word' id='word_1_386' title='bbox 606 1769 612 1778; x_wconf 88' lang='grc'>·</span> <span class='ocrx_word' id='word_1_387' title='bbox 634 1762 664 1788; x_wconf 86' lang='grc' dir='ltr'>Ὀ</span> <span class='ocrx_word' id='word_1_388' title='bbox 678 1761 783 1797; x_wconf 80' lang='grc' dir='ltr'>ψαλμὺς</span> <span class='ocrx_word' id='word_1_389' title='bbox 799 1761 849 1796; x_wconf 83' lang='grc' dir='ltr'>τῆς</span> <span class='ocrx_word' id='word_1_390' title='bbox 866 1761 938 1796; x_wconf 82' lang='grc' dir='ltr'><strong>ᾠδῆς</strong></span> <span class='ocrx_word' id='word_1_391' title='bbox 956 1760 1057 1796; x_wconf 80' lang='grc' dir='ltr'><strong>ταύτης</strong></span> <span class='ocrx_word' id='word_1_392' title='bbox 1070 1761 1186 1796; x_wconf 83' lang='grc' dir='ltr'><strong>εἴρηται,</strong></span> <span class='ocrx_word' id='word_1_393' title='bbox 1204 1760 1298 1794; x_wconf 76' lang='grc' dir='ltr'>ἐπειδὴ</span> <span class='ocrx_word' id='word_1_394' title='bbox 1311 1761 1350 1791; x_wconf 84' lang='grc' dir='ltr'><strong>εῑς</strong></span> <span class='ocrx_word' id='word_1_395' title='bbox 1366 1760 1396 1786; x_wconf 88' lang='grc' dir='ltr'>τὸ</span> <span class='ocrx_word' id='word_1_396' title='bbox 1408 1760 1484 1792; x_wconf 84' lang='grc' dir='ltr'>τέλος</span> <span class='ocrx_word' id='word_1_397' title='bbox 1497 1761 1544 1787; x_wconf 81' lang='grc' dir='ltr'><strong>τοῦ</strong></span> <span class='ocrx_word' id='word_1_398' title='bbox 1566 1761 1661 1792; x_wconf 78' lang='grc' dir='ltr'>αἰῶνος</span> <span class='ocrx_word' id='word_1_399' title='bbox 1683 1762 1863 1797; x_wconf 78' lang='grc' dir='ltr'>καινοποιήσει</span> 
     </span>
    </p>
   </div>
   <div class='ocr_carea' id='block_1_63' title="bbox 249 1806 1863 1844">
    <p class='ocr_par' dir='ltr' id='par_1_63' title="bbox 249 1806 1863 1844">
     <span class='ocr_line' id='line_1_63' title="bbox 249 1806 1863 1844; baseline 0.001 -11"><span class='ocrx_word' id='word_1_400' title='bbox 249 1807 313 1838; x_wconf 82' lang='grc' dir='ltr'>τοὺς</span> <span class='ocrx_word' id='word_1_401' title='bbox 326 1807 438 1838; x_wconf 78' lang='grc' dir='ltr'>πιστοὺς</span> <span class='ocrx_word' id='word_1_402' title='bbox 454 1807 557 1840; x_wconf 82' lang='grc' dir='ltr'>πάντας</span> <span class='ocrx_word' id='word_1_403' title='bbox 566 1809 580 1835; x_wconf 87' lang='grc' dir='ltr'><strong><em>ὁ</em></strong></span> <span class='ocrx_word' id='word_1_404' title='bbox 592 1809 703 1844; x_wconf 80' lang='grc' dir='ltr'>Κύριος,</span> <span class='ocrx_word' id='word_1_405' title='bbox 721 1809 840 1840; x_wconf 73' lang='grc' dir='ltr'>ἀναστὰς</span> <span class='ocrx_word' id='word_1_406' title='bbox 854 1809 887 1835; x_wconf 79' lang='grc' dir='ltr'>ὲκ</span> <span class='ocrx_word' id='word_1_407' title='bbox 900 1808 1004 1844; x_wconf 83' lang='grc' dir='ltr'>νεκρῶν</span> <span class='ocrx_word' id='word_1_408' title='bbox 1014 1816 1021 1823; x_wconf 87' lang='grc'><strong>·</strong></span> <span class='ocrx_word' id='word_1_409' title='bbox 1036 1806 1109 1839; x_wconf 82' lang='grc' dir='ltr'>οἶκος</span> <span class='ocrx_word' id='word_1_410' title='bbox 1123 1807 1178 1843; x_wconf 83' lang='grc' dir='ltr'>γὰρ</span> <span class='ocrx_word' id='word_1_411' title='bbox 1191 1807 1273 1834; x_wconf 78' lang='grc' dir='ltr'>αὐτοῦ</span> <span class='ocrx_word' id='word_1_412' title='bbox 1289 1808 1368 1842; x_wconf 80' lang='grc' dir='ltr'>ἡμεῖς</span> <span class='ocrx_word' id='word_1_413' title='bbox 1377 1808 1470 1842; x_wconf 76' lang='grc' dir='ltr'>ἐσμεν,</span> <span class='ocrx_word' id='word_1_414' title='bbox 1489 1807 1578 1839; x_wconf 75' lang='grc' dir='ltr'>καθὼς</span> <span class='ocrx_word' id='word_1_415' title='bbox 1597 1807 1671 1834; x_wconf 67' lang='grc' dir='ltr'>εἶπεν</span> <span class='ocrx_word' id='word_1_416' title='bbox 1682 1816 1688 1822; x_wconf 90' lang='grc'><strong>·</strong></span> <span class='ocrx_word' id='word_1_417' title='bbox 1707 1809 1863 1842; x_wconf 77' lang='grc' dir='ltr'><strong>Ἐνοικήσω</strong></span> 
     </span>
    </p>
   </div>
   <div class='ocr_carea' id='block_1_64' title="bbox 247 1850 1417 1890">
    <p class='ocr_par' dir='ltr' id='par_1_64' title="bbox 247 1850 1417 1890">
     <span class='ocr_line' id='line_1_64' title="bbox 247 1850 1417 1890; baseline 0.002 -12"><span class='ocrx_word' id='word_1_418' title='bbox 247 1853 285 1878; x_wconf 80' lang='grc' dir='ltr'><strong>ἐν</strong></span> <span class='ocrx_word' id='word_1_419' title='bbox 295 1850 375 1884; x_wconf 82' lang='grc' dir='ltr'><strong>αὐτῷ</strong></span> <span class='ocrx_word' id='word_1_420' title='bbox 391 1851 440 1878; x_wconf 79' lang='grc' dir='ltr'><strong>καὶ</strong></span> <span class='ocrx_word' id='word_1_421' title='bbox 455 1852 696 1888; x_wconf 77' lang='grc' dir='ltr'><strong>ἐμπεριπατήσω,</strong></span> <span class='ocrx_word' id='word_1_422' title='bbox 708 1855 754 1881; x_wconf 77' lang='grc' dir='ltr'><strong>καὶ</strong></span> <span class='ocrx_word' id='word_1_423' title='bbox 767 1855 807 1881; x_wconf 81' lang='grc' dir='ltr'><strong>ὅτι</strong></span> <span class='ocrx_word' id='word_1_424' title='bbox 821 1855 870 1890; x_wconf 82' lang='grc' dir='ltr'><strong>τὴν</strong></span> <span class='ocrx_word' id='word_1_425' title='bbox 886 1853 1022 1889; x_wconf 81' lang='grc' dir='ltr'>βασιλείαν</span> <span class='ocrx_word' id='word_1_426' title='bbox 1033 1853 1114 1880; x_wconf 76' lang='grc' dir='ltr'>αὑτοῦ</span> <span class='ocrx_word' id='word_1_427' title='bbox 1131 1853 1236 1887; x_wconf 71' lang='grc' dir='ltr'>εἰσάγει</span> <span class='ocrx_word' id='word_1_428' title='bbox 1250 1853 1348 1884; x_wconf 78' lang='grc' dir='ltr'>αὐτούς</span> <span class='ocrx_word' id='word_1_429' title='bbox 1368 1853 1417 1888; x_wconf 70' lang='lat'>(2).</span> 
     </span>
    </p>
   </div>
   <div class='ocr_carea' id='block_1_65' title="bbox 286 1909 1862 1947">
    <p class='ocr_par' dir='ltr' id='par_1_65' title="bbox 286 1909 1862 1947">
     <span class='ocr_line' id='line_1_65' title="bbox 286 1909 1862 1947; baseline 0.002 -10"><span class='ocrx_word' id='word_1_430' title='bbox 286 1909 393 1937; x_wconf 88' lang='lat' dir='ltr'><strong>Titulus</strong></span> <span class='ocrx_word' id='word_1_431' title='bbox 406 1912 565 1945; x_wconf 67' lang='lat' dir='ltr'><strong>praepositus</strong></span> <span class='ocrx_word' id='word_1_432' title='bbox 580 1913 715 1940; x_wconf 87' lang='lat' dir='ltr'><strong>continet:</strong></span> <span class='ocrx_word' id='word_1_433' title='bbox 726 1913 759 1940; x_wconf 87' lang='lat' dir='ltr'><strong>In</strong></span> <span class='ocrx_word' id='word_1_434' title='bbox 774 1913 851 1947; x_wconf 80' lang='lat' dir='ltr'><strong>ﬁnem</strong></span> <span class='ocrx_word' id='word_1_435' title='bbox 861 1912 979 1946; x_wconf 80' lang='lat' dir='ltr'><strong>psalmus</strong></span> <span class='ocrx_word' id='word_1_436' title='bbox 990 1912 1087 1938; x_wconf 82' lang='lat' dir='ltr'><strong>cantici</strong></span> <span class='ocrx_word' id='word_1_437' title='bbox 1102 1912 1129 1938; x_wconf 74' lang='lat' dir='ltr'><strong>in</strong></span> <span class='ocrx_word' id='word_1_438' title='bbox 1140 1910 1377 1943; x_wconf 61' lang='lat' dir='ltr'><strong>dedicatione/seu</strong></span> <span class='ocrx_word' id='word_1_439' title='bbox 1389 1911 1576 1945; x_wconf 78' lang='lat' dir='ltr'><strong>renovatione,</strong></span> <span class='ocrx_word' id='word_1_440' title='bbox 1589 1913 1682 1939; x_wconf 74' lang='lat' dir='ltr'><strong>domus</strong></span> <span class='ocrx_word' id='word_1_441' title='bbox 1700 1913 1797 1940; x_wconf 79' lang='lat' dir='ltr'><strong>David.</strong></span> <span class='ocrx_word' id='word_1_442' title='bbox 1809 1912 1862 1940; x_wconf 81' lang='lat' dir='ltr'><strong>Hoc</strong></span> 
     </span>
    </p>
   </div>
   <div class='ocr_carea' id='block_1_66' title="bbox 250 1957 1860 1995">
    <p class='ocr_par' dir='ltr' id='par_1_66' title="bbox 250 1957 1860 1995">
     <span class='ocr_line' id='line_1_66' title="bbox 250 1957 1860 1995; baseline 0.001 -11"><span class='ocrx_word' id='word_1_443' title='bbox 250 1957 332 1991; x_wconf 80' lang='lat' dir='ltr'><strong>igitur</strong></span> <span class='ocrx_word' id='word_1_444' title='bbox 352 1960 505 1995; x_wconf 76' lang='lat' dir='ltr'><strong>signiﬁcat:</strong></span> <span class='ocrx_word' id='word_1_445' title='bbox 523 1959 647 1987; x_wconf 85' lang='lat' dir='ltr'><strong>Psalmus</strong></span> <span class='ocrx_word' id='word_1_446' title='bbox 667 1959 766 1987; x_wconf 91' lang='lat' dir='ltr'><strong>cantici</strong></span> <span class='ocrx_word' id='word_1_447' title='bbox 785 1960 867 1994; x_wconf 87' lang='lat' dir='ltr'><strong>hujus</strong></span> <span class='ocrx_word' id='word_1_448' title='bbox 889 1960 978 1986; x_wconf 87' lang='lat' dir='ltr'><strong>dictus</strong></span> <span class='ocrx_word' id='word_1_449' title='bbox 999 1963 1050 1991; x_wconf 78' lang='lat' dir='ltr'><strong>est,</strong></span> <span class='ocrx_word' id='word_1_450' title='bbox 1067 1958 1131 1992; x_wconf 85' lang='lat' dir='ltr'><strong>quia</strong></span> <span class='ocrx_word' id='word_1_451' title='bbox 1148 1958 1174 1984; x_wconf 88' lang='lat' dir='ltr'><strong>in</strong></span> <span class='ocrx_word' id='word_1_452' title='bbox 1191 1958 1282 1985; x_wconf 72' lang='lat' dir='ltr'><strong>smculi</strong></span> <span class='ocrx_word' id='word_1_453' title='bbox 1297 1958 1350 1985; x_wconf 82' lang='lat' dir='ltr'><strong>line</strong></span> <span class='ocrx_word' id='word_1_454' title='bbox 1365 1957 1497 1985; x_wconf 88' lang='lat' dir='ltr'><strong>Dominus</strong></span> <span class='ocrx_word' id='word_1_455' title='bbox 1521 1959 1661 1986; x_wconf 86' lang='lat' dir='ltr'><strong>renovabit</strong></span> <span class='ocrx_word' id='word_1_456' title='bbox 1680 1967 1777 1988; x_wconf 86' lang='lat' dir='ltr'><strong>omnes</strong></span> <span class='ocrx_word' id='word_1_457' title='bbox 1800 1959 1860 1987; x_wconf 80' lang='lat' dir='ltr'><strong>ﬁde-</strong></span> 
     </span>
    </p>
   </div>
   <div class='ocr_carea' id='block_1_67' title="bbox 249 2004 1858 2040">
    <p class='ocr_par' dir='ltr' id='par_1_67' title="bbox 249 2004 1858 2040">
     <span class='ocr_line' id='line_1_67' title="bbox 249 2004 1858 2040; baseline 0.001 -7"><span class='ocrx_word' id='word_1_458' title='bbox 249 2004 299 2037; x_wconf 74' lang='lat' dir='ltr'><strong>les,</strong></span> <span class='ocrx_word' id='word_1_459' title='bbox 321 2006 493 2033; x_wconf 85' lang='lat' dir='ltr'><strong>exsuscitans</strong></span> <span class='ocrx_word' id='word_1_460' title='bbox 514 2013 562 2033; x_wconf 88' lang='lat' dir='ltr'><strong>eos</strong></span> <span class='ocrx_word' id='word_1_461' title='bbox 575 2013 590 2033; x_wconf 89' lang='lat' dir='ltr'><strong>a</strong></span> <span class='ocrx_word' id='word_1_462' title='bbox 608 2006 732 2034; x_wconf 90' lang='lat' dir='ltr'><strong>mortuis.</strong></span> <span class='ocrx_word' id='word_1_463' title='bbox 749 2006 851 2034; x_wconf 88' lang='lat' dir='ltr'><strong>Domus</strong></span> <span class='ocrx_word' id='word_1_464' title='bbox 867 2006 940 2033; x_wconf 89' lang='lat' dir='ltr'><strong>enim</strong></span> <span class='ocrx_word' id='word_1_465' title='bbox 956 2006 1014 2039; x_wconf 85' lang='lat' dir='ltr'><strong>ejus</strong></span> <span class='ocrx_word' id='word_1_466' title='bbox 1036 2013 1086 2032; x_wconf 89' lang='lat' dir='ltr'><strong>nos</strong></span> <span class='ocrx_word' id='word_1_467' title='bbox 1106 2013 1213 2037; x_wconf 82' lang='lat' dir='ltr'><strong>sumus,</strong></span> <span class='ocrx_word' id='word_1_468' title='bbox 1239 2005 1470 2040; x_wconf 81' lang='lat' dir='ltr'><strong>quemadmodum</strong></span> <span class='ocrx_word' id='word_1_469' title='bbox 1485 2006 1574 2033; x_wconf 75' lang='lat' dir='ltr'><strong>dixit:</strong></span> <span class='ocrx_word' id='word_1_470' title='bbox 1598 2006 1757 2035; x_wconf 83' lang='lat' dir='ltr'><strong>In/mbitabo</strong></span> <span class='ocrx_word' id='word_1_471' title='bbox 1776 2009 1803 2035; x_wconf 83' lang='lat' dir='ltr'><strong>in</strong></span> <span class='ocrx_word' id='word_1_472' title='bbox 1823 2016 1858 2040; x_wconf 79' lang='lat' dir='ltr'><strong>eo,</strong></span> 
     </span>
    </p>
   </div>
   <div class='ocr_carea' id='block_1_68' title="bbox 247 2042 1818 2089">
    <p class='ocr_par' dir='ltr' id='par_1_68' title="bbox 247 2042 1818 2089">
     <span class='ocr_line' id='line_1_68' title="bbox 247 2042 1818 2089; baseline 0.001 -10"><span class='ocrx_word' id='word_1_473' title='bbox 247 2058 272 2079; x_wconf 71' lang='lat' dir='ltr'><strong>et</strong></span> <span class='ocrx_word' id='word_1_474' title='bbox 284 2053 451 2080; x_wconf 81' lang='lat' dir='ltr'><strong>inambulabo</strong></span> <span class='ocrx_word' id='word_1_475' title='bbox 463 2054 497 2086; x_wconf 81' lang='lat'><strong>&quot;,</strong></span> <span class='ocrx_word' id='word_1_476' title='bbox 511 2058 538 2081; x_wconf 90' lang='lat' dir='ltr'><strong>et</strong></span> <span class='ocrx_word' id='word_1_477' title='bbox 556 2054 686 2088; x_wconf 83' lang='lat' dir='ltr'><strong>quoniam</strong></span> <span class='ocrx_word' id='word_1_478' title='bbox 703 2054 730 2080; x_wconf 90' lang='lat' dir='ltr'><strong>in</strong></span> <span class='ocrx_word' id='word_1_479' title='bbox 744 2062 856 2089; x_wconf 78' lang='lat' dir='ltr'><strong>regnum</strong></span> <span class='ocrx_word' id='word_1_480' title='bbox 871 2062 951 2082; x_wconf 92' lang='lat' dir='ltr'><strong>suum</strong></span> <span class='ocrx_word' id='word_1_481' title='bbox 967 2053 1125 2081; x_wconf 83' lang='lat' dir='ltr'><strong>introducet</strong></span> <span class='ocrx_word' id='word_1_482' title='bbox 1138 2061 1196 2080; x_wconf 86' lang='lat' dir='ltr'><strong>eos.</strong></span> <span class='ocrx_word' id='word_1_483' title='bbox 1673 2069 1677 2073; x_wconf 63' lang='grc' dir='ltr'><strong>ι</strong></span> <span class='ocrx_word' id='word_1_484' title='bbox 1815 2042 1818 2045; x_wconf 50' lang='grc'><em>’</em></span> 
     </span>
    </p>
   </div>
   <div class='ocr_carea' id='block_1_69' title="bbox 283 2109 1023 2148">
    <p class='ocr_par' dir='ltr' id='par_1_69' title="bbox 283 2109 1012 2146">
     <span class='ocr_line' id='line_1_69' title="bbox 283 2109 1012 2146; baseline 0 -8"><span class='ocrx_word' id='word_1_485' title='bbox 283 2111 309 2138; x_wconf 97' lang='lat'><strong>1.</strong></span> <span class='ocrx_word' id='word_1_486' title='bbox 326 2110 489 2138; x_wconf 89' lang='lat' dir='ltr'><strong>Gloriﬁcabo</strong></span> <span class='ocrx_word' id='word_1_487' title='bbox 498 2116 534 2142; x_wconf 83' lang='lat' dir='ltr'><strong>te,</strong></span> <span class='ocrx_word' id='word_1_488' title='bbox 545 2109 670 2143; x_wconf 83' lang='lat' dir='ltr'><strong>Domine,</strong></span> <span class='ocrx_word' id='word_1_489' title='bbox 685 2111 815 2146; x_wconf 89' lang='lat' dir='ltr'><strong>quoniam</strong></span> <span class='ocrx_word' id='word_1_490' title='bbox 828 2111 1012 2139; x_wconf 82' lang='lat' dir='ltr'><strong>restaurahor.</strong></span> 
     </span>
    </p>
   </div>
   <div class='ocr_carea' id='block_1_70' title="bbox 1105 2109 1780 2148">
    <p class='ocr_par' dir='ltr' id='par_1_70' title="bbox 1112 2110 1780 2148">
     <span class='ocr_line' id='line_1_70' title="bbox 1112 2110 1780 2148; baseline 0.004 -12"><span class='ocrx_word' id='word_1_491' title='bbox 1112 2111 1139 2138; x_wconf 91' lang='lat'>1.</span> <span class='ocrx_word' id='word_1_492' title='bbox 1155 2110 1264 2142; x_wconf 84' lang='grc' dir='ltr'>Δοξάσω</span> <span class='ocrx_word' id='word_1_493' title='bbox 1281 2119 1321 2142; x_wconf 80' lang='grc' dir='ltr'><strong>σε,</strong></span> <span class='ocrx_word' id='word_1_494' title='bbox 1337 2111 1434 2147; x_wconf 81' lang='grc' dir='ltr'>Κύριε,</span> <span class='ocrx_word' id='word_1_495' title='bbox 1453 2112 1494 2138; x_wconf 82' lang='grc' dir='ltr'>ὅτι</span> <span class='ocrx_word' id='word_1_496' title='bbox 1513 2112 1714 2141; x_wconf 75' lang='grc' dir='ltr'>ἀνακαλέςομαι</span> <span class='ocrx_word' id='word_1_497' title='bbox 1731 2113 1780 2148; x_wconf 84' lang='lat'>(5).</span> 
     </span>
    </p>
   </div>
   <div class='ocr_carea' id='block_1_71' title="bbox 282 2155 1023 2192">
    <p class='ocr_par' dir='ltr' id='par_1_71' title="bbox 282 2157 660 2192">
     <span class='ocr_line' id='line_1_71' title="bbox 282 2157 660 2192; baseline 0 -8"><span class='ocrx_word' id='word_1_498' title='bbox 282 2158 309 2185; x_wconf 75' lang='lat'>2.</span> <span class='ocrx_word' id='word_1_499' title='bbox 327 2157 487 2192; x_wconf 78' lang='lat' dir='ltr'><strong>Contrarias</strong></span> <span class='ocrx_word' id='word_1_500' title='bbox 501 2161 660 2192; x_wconf 87' lang='lat' dir='ltr'><strong>potestates.</strong></span> 
     </span>
    </p>
   </div>
   <div class='ocr_carea' id='block_1_72' title="bbox 1105 2155 1500 2192">
    <p class='ocr_par' dir='ltr' id='par_1_72' title="bbox 1114 2155 1500 2192">
     <span class='ocr_line' id='line_1_72' title="bbox 1114 2155 1500 2192; baseline 0.005 -10"><span class='ocrx_word' id='word_1_501' title='bbox 1114 2155 1142 2182; x_wconf 77' lang='grc'><strong>2.</strong></span> <span class='ocrx_word' id='word_1_502' title='bbox 1159 2155 1214 2187; x_wconf 85' lang='grc' dir='ltr'>Τὰς</span> <span class='ocrx_word' id='word_1_503' title='bbox 1224 2157 1348 2188; x_wconf 78' lang='grc' dir='ltr'><strong>ἐναντίας</strong></span> <span class='ocrx_word' id='word_1_504' title='bbox 1361 2157 1500 2192; x_wconf 80' lang='grc' dir='ltr'>δυνάμεις.</span> 
     </span>
    </p>
   </div>
   <div class='ocr_carea' id='block_1_73' title="bbox 283 2201 1023 2239">
    <p class='ocr_par' dir='ltr' id='par_1_73' title="bbox 283 2201 886 2230">
     <span class='ocr_line' id='line_1_73' title="bbox 283 2201 886 2230; baseline -0.002 -2"><span class='ocrx_word' id='word_1_505' title='bbox 283 2203 309 2229; x_wconf 78' lang='grc'><strong>5.</strong></span> <span class='ocrx_word' id='word_1_506' title='bbox 328 2201 366 2229; x_wconf 73' lang='lat' dir='ltr'><strong>Ex</strong></span> <span class='ocrx_word' id='word_1_507' title='bbox 380 2202 463 2230; x_wconf 88' lang='lat' dir='ltr'><strong>corde</strong></span> <span class='ocrx_word' id='word_1_508' title='bbox 477 2209 537 2229; x_wconf 86' lang='lat' dir='ltr'><strong>meo</strong></span> <span class='ocrx_word' id='word_1_509' title='bbox 550 2202 675 2230; x_wconf 80' lang='lat' dir='ltr'><strong>clamavi.</strong></span> <span class='ocrx_word' id='word_1_510' title='bbox 883 2201 886 2204; x_wconf 84' lang='lat'>&#39;</span> 
     </span>
    </p>
   </div>
   <div class='ocr_carea' id='block_1_74' title="bbox 1105 2201 1626 2239">
    <p class='ocr_par' dir='ltr' id='par_1_74' title="bbox 1116 2202 1626 2239">
     <span class='ocr_line' id='line_1_74' title="bbox 1116 2202 1626 2239; baseline 0.004 -11"><span class='ocrx_word' id='word_1_511' title='bbox 1116 2202 1143 2228; x_wconf 83' lang='grc'><strong>5.</strong></span> <span class='ocrx_word' id='word_1_512' title='bbox 1167 2203 1214 2228; x_wconf 83' lang='grc' dir='ltr'>Ἐκ</span> <span class='ocrx_word' id='word_1_513' title='bbox 1226 2203 1276 2237; x_wconf 83' lang='grc' dir='ltr'>τῆς</span> <span class='ocrx_word' id='word_1_514' title='bbox 1292 2203 1406 2239; x_wconf 83' lang='grc' dir='ltr'><strong>καρδίας</strong></span> <span class='ocrx_word' id='word_1_515' title='bbox 1417 2212 1466 2238; x_wconf 84' lang='grc' dir='ltr'>μου</span> <span class='ocrx_word' id='word_1_516' title='bbox 1481 2203 1626 2239; x_wconf 75' lang='grc' dir='ltr'>ἐκέκραξα.</span> 
     </span>
    </p>
   </div>
   <div class='ocr_carea' id='block_1_75' title="bbox 282 2246 486 2281">
    <p class='ocr_par' dir='ltr' id='par_1_75' title="bbox 282 2246 486 2281">
     <span class='ocr_line' id='line_1_75' title="bbox 282 2246 486 2281; baseline 0.005 -8"><span class='ocrx_word' id='word_1_517' title='bbox 282 2247 309 2273; x_wconf 74' lang='lat'><strong>1.</strong></span> <span class='ocrx_word' id='word_1_518' title='bbox 322 2246 344 2273; x_wconf 90' lang='grc' dir='ltr'>Ε</span> <span class='ocrx_word' id='word_1_519' title='bbox 363 2251 486 2281; x_wconf 89' lang='lat' dir='ltr'><strong>peccato.</strong></span> 
     </span>
    </p>
   </div>
   <div class='ocr_carea' id='block_1_76' title="bbox 284 2291 544 2319">
    <p class='ocr_par' dir='ltr' id='par_1_76' title="bbox 284 2291 544 2319">
     <span class='ocr_line' id='line_1_76' title="bbox 284 2291 544 2319; baseline 0.004 -1"><span class='ocrx_word' id='word_1_520' title='bbox 325 2291 348 2318; x_wconf 81' lang='grc' dir='ltr'>Α</span> <span class='ocrx_word' id='word_1_521' title='bbox 364 2291 544 2319; x_wconf 67' lang='lat' dir='ltr'><strong>daemonibus.</strong></span> 
     </span>
    </p>
   </div>
   <div class='ocr_carea' id='block_1_77' title="bbox 282 2335 521 2363">
    <p class='ocr_par' dir='ltr' id='par_1_77' title="bbox 282 2335 521 2363">
     <span class='ocr_line' id='line_1_77' title="bbox 282 2335 521 2363; baseline 0.004 -1"><span class='ocrx_word' id='word_1_522' title='bbox 282 2335 308 2362; x_wconf 87' lang='lat'><strong>6.</strong></span> <span class='ocrx_word' id='word_1_523' title='bbox 325 2335 417 2362; x_wconf 83' lang='lat' dir='ltr'><strong>Mundi</strong></span> <span class='ocrx_word' id='word_1_524' title='bbox 430 2336 521 2363; x_wconf 89' lang='lat' dir='ltr'><strong>corde.</strong></span> 
     </span>
    </p>
   </div>
   <div class='ocr_carea' id='block_1_78' title="bbox 283 2381 1022 2417">
    <p class='ocr_par' dir='ltr' id='par_1_78' title="bbox 283 2381 1022 2417">
     <span class='ocr_line' id='line_1_78' title="bbox 283 2381 1022 2417; baseline 0.003 -9"><span class='ocrx_word' id='word_1_525' title='bbox 283 2381 308 2408; x_wconf 92' lang='lat'>7.</span> <span class='ocrx_word' id='word_1_526' title='bbox 320 2381 388 2408; x_wconf 88' lang='lat' dir='ltr'><strong>Cum</strong></span> <span class='ocrx_word' id='word_1_527' title='bbox 405 2388 452 2409; x_wconf 87' lang='lat' dir='ltr'><strong>vos</strong></span> <span class='ocrx_word' id='word_1_528' title='bbox 468 2381 575 2409; x_wconf 91' lang='lat' dir='ltr'><strong>Domini</strong></span> <span class='ocrx_word' id='word_1_529' title='bbox 587 2381 775 2414; x_wconf 87' lang='lat' dir='ltr'><strong>memineritis,</strong></span> <span class='ocrx_word' id='word_1_530' title='bbox 788 2381 937 2417; x_wconf 79' lang='lat' dir='ltr'><strong>gloriﬁcate</strong></span> <span class='ocrx_word' id='word_1_531' title='bbox 949 2390 1022 2410; x_wconf 91' lang='lat' dir='ltr'><strong>eum.</strong></span> 
     </span>
    </p>
   </div>
   <div class='ocr_carea' id='block_1_79' title="bbox 282 2504 539 2540">
    <p class='ocr_par' dir='ltr' id='par_1_79' title="bbox 282 2504 539 2540">
     <span class='ocr_line' id='line_1_79' title="bbox 282 2504 539 2540; baseline 0.004 -8"><span class='ocrx_word' id='word_1_532' title='bbox 282 2506 304 2522; x_wconf 80' lang='grc'><strong>⁸³</strong></span> <span class='ocrx_word' id='word_1_533' title='bbox 319 2504 340 2532; x_wconf 92' lang='lat' dir='ltr'><strong>ll</strong></span> <span class='ocrx_word' id='word_1_534' title='bbox 356 2504 420 2533; x_wconf 86' lang='lat' dir='ltr'><strong>Cor.</strong></span> <span class='ocrx_word' id='word_1_535' title='bbox 440 2513 477 2540; x_wconf 77' lang='lat' dir='ltr'><strong>vr,</strong></span> <span class='ocrx_word' id='word_1_536' title='bbox 495 2505 539 2533; x_wconf 86' lang='lat'><strong>16.</strong></span> 
     </span>
    </p>
   </div>
   <div class='ocr_carea' id='block_1_80' title="bbox 1117 2249 1482 2286">
    <p class='ocr_par' dir='ltr' id='par_1_80' title="bbox 1117 2249 1482 2286">
     <span class='ocr_line' id='line_1_80' title="bbox 1117 2249 1482 2286; baseline 0.008 -12"><span class='ocrx_word' id='word_1_537' title='bbox 1117 2249 1134 2274; x_wconf 75' lang='grc'>4</span> <span class='ocrx_word' id='word_1_538' title='bbox 1164 2249 1210 2275; x_wconf 79' lang='grc' dir='ltr'>Ἐκ</span> <span class='ocrx_word' id='word_1_539' title='bbox 1220 2250 1270 2284; x_wconf 84' lang='grc' dir='ltr'>τῆς</span> <span class='ocrx_word' id='word_1_540' title='bbox 1284 2251 1422 2286; x_wconf 79' lang='grc' dir='ltr'>ἁμαρτίας</span> <span class='ocrx_word' id='word_1_541' title='bbox 1435 2251 1482 2286; x_wconf 74' lang='grc'><strong>(4).</strong></span> 
     </span>
    </p>
   </div>
   <div class='ocr_carea' id='block_1_81' title="bbox 1116 2294 1377 2331">
    <p class='ocr_par' dir='ltr' id='par_1_81' title="bbox 1116 2294 1377 2331">
     <span class='ocr_line' id='line_1_81' title="bbox 1116 2294 1377 2331; baseline 0.011 -11"><span class='ocrx_word' id='word_1_542' title='bbox 1116 2294 1143 2320; x_wconf 83' lang='grc'><strong>5.</strong></span> <span class='ocrx_word' id='word_1_543' title='bbox 1161 2295 1220 2321; x_wconf 85' lang='grc' dir='ltr'><strong>Τῶν</strong></span> <span class='ocrx_word' id='word_1_544' title='bbox 1234 2296 1377 2331; x_wconf 85' lang='grc' dir='ltr'><strong>δαιμόνων.</strong></span> 
     </span>
    </p>
   </div>
   <div class='ocr_carea' id='block_1_82' title="bbox 1115 2339 1552 2378">
    <p class='ocr_par' dir='ltr' id='par_1_82' title="bbox 1115 2339 1552 2378">
     <span class='ocr_line' id='line_1_82' title="bbox 1115 2339 1552 2378; baseline 0.009 -13"><span class='ocrx_word' id='word_1_545' title='bbox 1115 2339 1141 2365; x_wconf 91' lang='grc'><strong>6.</strong></span> <span class='ocrx_word' id='word_1_546' title='bbox 1161 2341 1191 2366; x_wconf 88' lang='grc' dir='ltr'><strong>Οἱ</strong></span> <span class='ocrx_word' id='word_1_547' title='bbox 1210 2341 1247 2376; x_wconf 81' lang='lat'>(5)</span> <span class='ocrx_word' id='word_1_548' title='bbox 1263 2342 1379 2376; x_wconf 76' lang='grc' dir='ltr'>καθαροὶ</span> <span class='ocrx_word' id='word_1_549' title='bbox 1394 2343 1427 2378; x_wconf 79' lang='grc' dir='ltr'>τῇ</span> <span class='ocrx_word' id='word_1_550' title='bbox 1444 2343 1552 2378; x_wconf 78' lang='grc' dir='ltr'>καρδίᾳ.</span> 
     </span>
    </p>
   </div>
   <div class='ocr_carea' id='block_1_83' title="bbox 1116 2385 1859 2424">
    <p class='ocr_par' dir='ltr' id='par_1_83' title="bbox 1116 2385 1859 2424">
     <span class='ocr_line' id='line_1_83' title="bbox 1116 2385 1859 2424; baseline 0.007 -13"><span class='ocrx_word' id='word_1_551' title='bbox 1116 2385 1143 2412; x_wconf 86' lang='grc'><strong>’1.</strong></span> <span class='ocrx_word' id='word_1_552' title='bbox 1165 2386 1208 2412; x_wconf 84' lang='grc' dir='ltr'>Ἐν</span> <span class='ocrx_word' id='word_1_553' title='bbox 1221 2385 1258 2421; x_wconf 84' lang='grc' dir='ltr'><strong>τῷ</strong></span> <span class='ocrx_word' id='word_1_554' title='bbox 1279 2387 1457 2422; x_wconf 85' lang='grc' dir='ltr'>μνημονεύειν</span> <span class='ocrx_word' id='word_1_555' title='bbox 1468 2387 1539 2424; x_wconf 79' lang='grc' dir='ltr'>ὑμᾶς</span> <span class='ocrx_word' id='word_1_556' title='bbox 1552 2387 1597 2415; x_wconf 79' lang='grc' dir='ltr'><strong>τοῦ</strong></span> <span class='ocrx_word' id='word_1_557' title='bbox 1609 2389 1722 2424; x_wconf 78' lang='grc' dir='ltr'><strong>Κυρίου,</strong></span> <span class='ocrx_word' id='word_1_558' title='bbox 1737 2388 1859 2421; x_wconf 76' lang='grc' dir='ltr'><strong>δοξάσατε</strong></span> 
     </span>
    </p>
   </div>
   <div class='ocr_carea' id='block_1_84' title="bbox 1081 2429 1172 2458">
    <p class='ocr_par' dir='ltr' id='par_1_84' title="bbox 1081 2429 1172 2458">
     <span class='ocr_line' id='line_1_84' title="bbox 1081 2429 1172 2458; baseline 0.033 -3"><span class='ocrx_word' id='word_1_559' title='bbox 1081 2429 1172 2458; x_wconf 81' lang='grc' dir='ltr'>αὐτόν.</span> 
     </span>
    </p>
   </div>
   <div class='ocr_carea' id='block_1_85' title="bbox 718 2583 1387 2624">
    <p class='ocr_par' dir='ltr' id='par_1_85' title="bbox 718 2583 1387 2624">
     <span class='ocr_line' id='line_1_85' title="bbox 718 2583 1387 2624; baseline 0.006 -10"><span class='ocrx_word' id='word_1_560' title='bbox 718 2583 867 2615; x_wconf 81' lang='lat' dir='ltr'><strong>Addenda</strong></span> <span class='ocrx_word' id='word_1_561' title='bbox 891 2588 920 2616; x_wconf 81' lang='lat' dir='ltr'><strong>et</strong></span> <span class='ocrx_word' id='word_1_562' title='bbox 935 2585 1121 2624; x_wconf 77' lang='lat' dir='ltr'><strong>corrigenda</strong></span> <span class='ocrx_word' id='word_1_563' title='bbox 1137 2595 1176 2617; x_wconf 82' lang='lat' dir='ltr'><strong>ex</strong></span> <span class='ocrx_word' id='word_1_564' title='bbox 1200 2587 1271 2618; x_wconf 89' lang='lat' dir='ltr'><strong>cod.</strong></span> <span class='ocrx_word' id='word_1_565' title='bbox 1287 2587 1387 2618; x_wconf 75' lang='lat' dir='ltr'><strong>Vatic.</strong></span> 
     </span>
    </p>
   </div>
   <div class='ocr_carea' id='block_1_86' title="bbox 282 2666 588 2703">
    <p class='ocr_par' dir='ltr' id='par_1_86' title="bbox 282 2666 588 2703">
     <span class='ocr_line' id='line_1_86' title="bbox 282 2666 588 2703; baseline 0.003 -10"><span class='ocrx_word' id='word_1_566' title='bbox 282 2667 291 2701; x_wconf 96' lang='lat'><strong>(</strong></span> <span class='ocrx_word' id='word_1_567' title='bbox 296 2667 318 2700; x_wconf 88' lang='lat' dir='ltr'><strong>l)</strong></span> <span class='ocrx_word' id='word_1_568' title='bbox 334 2666 588 2703; x_wconf 22' lang='grc' dir='ltr'><strong>Ἐνδνιηλλαγμένης.</strong></span> 
     </span>
    </p>
   </div>
   <div class='ocr_carea' id='block_1_87' title="bbox 282 2701 1022 2738">
    <p class='ocr_par' dir='ltr' id='par_1_87' title="bbox 282 2701 1022 2738">
     <span class='ocr_line' id='line_1_87' title="bbox 282 2701 1022 2738; baseline 0.005 -10"><span class='ocrx_word' id='word_1_569' title='bbox 282 2703 320 2734; x_wconf 74' lang='lat'>(2)</span> <span class='ocrx_word' id='word_1_570' title='bbox 339 2702 433 2738; x_wconf 20' lang='grc' dir='ltr'>Ἡγδιὰ</span> <span class='ocrx_word' id='word_1_571' title='bbox 447 2701 500 2737; x_wconf 69' lang='grc' dir='ltr'>τῆς</span> <span class='ocrx_word' id='word_1_572' title='bbox 514 2701 698 2738; x_wconf 75' lang='grc' dir='ltr'>κινναϐάρεως</span> <span class='ocrx_word' id='word_1_573' title='bbox 723 2710 786 2735; x_wconf 84' lang='grc' dir='ltr'>περ.</span> <span class='ocrx_word' id='word_1_574' title='bbox 809 2702 849 2738; x_wconf 80' lang='grc' dir='ltr'><strong>τῷ</strong></span> <span class='ocrx_word' id='word_1_575' title='bbox 862 2703 953 2735; x_wconf 79' lang='grc' dir='ltr'><strong>Δαὸίδ,</strong></span> <span class='ocrx_word' id='word_1_576' title='bbox 970 2709 1022 2732; x_wconf 83' lang='lat' dir='ltr'><strong>etc.</strong></span> 
     </span>
    </p>
   </div>
   <div class='ocr_carea' id='block_1_88' title="bbox 246 2736 1024 2773">
    <p class='ocr_par' dir='ltr' id='par_1_88' title="bbox 246 2736 1024 2773">
     <span class='ocr_line' id='line_1_88' title="bbox 246 2736 1024 2773; baseline 0.004 -10"><span class='ocrx_word' id='word_1_577' title='bbox 246 2736 357 2772; x_wconf 76' lang='grc' dir='ltr'><strong>Εἴρηται</strong></span> <span class='ocrx_word' id='word_1_578' title='bbox 376 2737 404 2763; x_wconf 83' lang='grc' dir='ltr'><strong>δὲ</strong></span> <span class='ocrx_word' id='word_1_579' title='bbox 416 2738 455 2769; x_wconf 72' lang='grc' dir='ltr'><strong>εἰς</strong></span> <span class='ocrx_word' id='word_1_580' title='bbox 470 2736 613 2773; x_wconf 18' lang='grc' dir='ltr'>τὺγτέλος,</span> <span class='ocrx_word' id='word_1_581' title='bbox 632 2736 896 2773; x_wconf 51' lang='grc' dir='ltr'>διο.,-ὲκαινοπο⁷ίησε</span> <span class='ocrx_word' id='word_1_582' title='bbox 920 2740 1024 2771; x_wconf 83' lang='grc' dir='ltr'>πάντας</span> 
     </span>
    </p>
   </div>
   <div class='ocr_carea' id='block_1_89' title="bbox 244 2770 1021 2808">
    <p class='ocr_par' dir='ltr' id='par_1_89' title="bbox 244 2770 1021 2808">
     <span class='ocr_line' id='line_1_89' title="bbox 244 2770 1021 2808; baseline 0.003 -10"><span class='ocrx_word' id='word_1_583' title='bbox 244 2770 311 2808; x_wconf 64' lang='grc' dir='ltr'>τοῦς</span> <span class='ocrx_word' id='word_1_584' title='bbox 323 2773 433 2808; x_wconf 75' lang='grc' dir='ltr'>πιστοὺς</span> <span class='ocrx_word' id='word_1_585' title='bbox 447 2773 461 2798; x_wconf 79' lang='grc' dir='ltr'>ὁ</span> <span class='ocrx_word' id='word_1_586' title='bbox 476 2772 586 2808; x_wconf 82' lang='grc' dir='ltr'>Κύριος,</span> <span class='ocrx_word' id='word_1_587' title='bbox 599 2776 652 2808; x_wconf 70' lang='lat' dir='ltr'><strong>etc.</strong></span> <span class='ocrx_word' id='word_1_588' title='bbox 664 2792 671 2804; x_wconf 83' lang='lat'><strong><em>,</em></strong></span> <span class='ocrx_word' id='word_1_589' title='bbox 687 2770 759 2803; x_wconf 78' lang='grc' dir='ltr'>οἶκος</span> <span class='ocrx_word' id='word_1_590' title='bbox 774 2772 827 2808; x_wconf 84' lang='grc' dir='ltr'>γὰρ</span> <span class='ocrx_word' id='word_1_591' title='bbox 848 2770 952 2804; x_wconf 64' lang='grc' dir='ltr'><strong>τούτου,</strong></span> <span class='ocrx_word' id='word_1_592' title='bbox 968 2770 1021 2801; x_wconf 74' lang='lat' dir='ltr'><strong>etc.</strong></span> 
     </span>
    </p>
   </div>
   <div class='ocr_carea' id='block_1_90' title="bbox 251 2806 1022 2844">
    <p class='ocr_par' dir='ltr' id='par_1_90' title="bbox 251 2806 1022 2844">
     <span class='ocr_line' id='line_1_90' title="bbox 251 2806 1022 2844; baseline 0.004 -11"><span class='ocrx_word' id='word_1_593' title='bbox 251 2807 397 2842; x_wconf 82' lang='grc' dir='ltr'><strong>Ἐνοικήσω</strong></span> <span class='ocrx_word' id='word_1_594' title='bbox 410 2807 439 2834; x_wconf 79' lang='grc' dir='ltr'><strong>ἐν</strong></span> <span class='ocrx_word' id='word_1_595' title='bbox 450 2806 550 2840; x_wconf 79' lang='grc' dir='ltr'>αὐτοῖς,</span> <span class='ocrx_word' id='word_1_596' title='bbox 565 2806 620 2840; x_wconf 79' lang='grc' dir='ltr'>καί,</span> <span class='ocrx_word' id='word_1_597' title='bbox 632 2812 696 2841; x_wconf 82' lang='lat' dir='ltr'><strong>ctc.,</strong></span> <span class='ocrx_word' id='word_1_598' title='bbox 713 2808 760 2833; x_wconf 74' lang='grc' dir='ltr'><strong>καὶ</strong></span> <span class='ocrx_word' id='word_1_599' title='bbox 778 2806 818 2834; x_wconf 71' lang='grc' dir='ltr'><strong>ὅτι</strong></span> <span class='ocrx_word' id='word_1_600' title='bbox 833 2808 873 2839; x_wconf 76' lang='grc' dir='ltr'>εις</span> <span class='ocrx_word' id='word_1_601' title='bbox 887 2809 936 2844; x_wconf 81' lang='grc' dir='ltr'><strong>τὴν</strong></span> <span class='ocrx_word' id='word_1_602' title='bbox 948 2808 1022 2844; x_wconf 76' lang='grc' dir='ltr'>βασι-</span> 
     </span>
    </p>
   </div>
   <div class='ocr_carea' id='block_1_91' title="bbox 1112 2741 1568 2815">
    <p class='ocr_par' dir='ltr' id='par_1_91' title="bbox 1112 2741 1568 2815">
     <span class='ocr_line' id='line_1_91' title="bbox 1112 2741 1404 2778; baseline 0.007 -11"><span class='ocrx_word' id='word_1_603' title='bbox 1112 2741 1149 2776; x_wconf 73' lang='lat'><strong>(1)</strong></span> <span class='ocrx_word' id='word_1_604' title='bbox 1173 2741 1322 2778; x_wconf 77' lang='grc' dir='ltr'>Ἀμαρτιας</span> <span class='ocrx_word' id='word_1_605' title='bbox 1343 2751 1404 2778; x_wconf 85' lang='grc' dir='ltr'>μου.</span> 
     </span>
     <span class='ocr_line' id='line_1_92' title="bbox 1112 2776 1568 2815; baseline 0.007 -13"><span class='ocrx_word' id='word_1_606' title='bbox 1112 2776 1150 2802; x_wconf 65' lang='lat' dir='ltr'><strong>Nil</strong></span> <span class='ocrx_word' id='word_1_607' title='bbox 1165 2776 1274 2805; x_wconf 82' lang='grc' dir='ltr'>Ψάλατε</span> <span class='ocrx_word' id='word_1_608' title='bbox 1291 2777 1331 2812; x_wconf 82' lang='grc' dir='ltr'>τῷ</span> <span class='ocrx_word' id='word_1_609' title='bbox 1348 2777 1451 2815; x_wconf 79' lang='grc' dir='ltr'><strong>Κνρίω,</strong></span> <span class='ocrx_word' id='word_1_610' title='bbox 1468 2777 1502 2810; x_wconf 79' lang='grc' dir='ltr'><strong>οἱ,</strong></span> <span class='ocrx_word' id='word_1_611' title='bbox 1516 2783 1568 2805; x_wconf 74' lang='lat' dir='ltr'><strong>etc.</strong></span> 
     </span>
    </p>
   </div>
   <div class='ocr_carea' id='block_1_92' title="bbox 1076 2665 1555 2708">
    <p class='ocr_par' dir='ltr' id='par_1_92' title="bbox 1076 2665 1555 2708">
     <span class='ocr_line' id='line_1_93' title="bbox 1076 2665 1555 2708; baseline 0.002 -10"><span class='ocrx_word' id='word_1_612' title='bbox 1076 2671 1152 2708; x_wconf 67' lang='grc' dir='ltr'>λείαν</span> <span class='ocrx_word' id='word_1_613' title='bbox 1164 2671 1245 2708; x_wconf 80' lang='grc' dir='ltr'>αὑτοῦ</span> <span class='ocrx_word' id='word_1_614' title='bbox 1254 2672 1396 2708; x_wconf 84' lang='grc' dir='ltr'>εῑσαγάγει</span> <span class='ocrx_word' id='word_1_615' title='bbox 1407 2672 1514 2704; x_wconf 82' lang='grc' dir='ltr'>αὐτούς.</span> <span class='ocrx_word' id='word_1_616' title='bbox 1550 2665 1555 2669; x_wconf 69' lang='grc'><em>’</em></span> 
     </span>
    </p>
   </div>
   <div class='ocr_carea' id='block_1_93' title="bbox 1114 2707 1506 2741">
    <p class='ocr_par' dir='ltr' id='par_1_93' title="bbox 1114 2707 1506 2741">
     <span class='ocr_line' id='line_1_94' title="bbox 1114 2707 1506 2741; baseline 0.005 -9"><span class='ocrx_word' id='word_1_617' title='bbox 1114 2707 1151 2741; x_wconf 81' lang='lat'>(5)</span> <span class='ocrx_word' id='word_1_618' title='bbox 1167 2707 1226 2733; x_wconf 74' lang='grc' dir='ltr'><strong>Ὀτι</strong></span> <span class='ocrx_word' id='word_1_619' title='bbox 1238 2708 1287 2734; x_wconf 80' lang='grc' dir='ltr'><strong>ἀν.</strong></span> <span class='ocrx_word' id='word_1_620' title='bbox 1303 2711 1401 2735; x_wconf 80' lang='lat' dir='ltr'><strong>desunt</strong></span> <span class='ocrx_word' id='word_1_621' title='bbox 1410 2716 1434 2735; x_wconf 71' lang='lat' dir='ltr'><strong>in</strong></span> <span class='ocrx_word' id='word_1_622' title='bbox 1446 2709 1506 2735; x_wconf 88' lang='lat' dir='ltr'><strong>cod.</strong></span> 
     </span>
    </p>
   </div>
   <div class='ocr_carea' id='block_1_94' title="bbox 1140 2709 1404 2783">
    <p class='ocr_par' dir='ltr' id='par_1_94' title="bbox 1140 2709 1404 2783">
     <span class='ocr_line' id='line_1_95' title="bbox 1167 2709 1401 2735; baseline 0.013 -3"><span class='ocrx_word' id='word_1_623' title='bbox 1167 2709 1226 2733; x_wconf 77' lang='grc' dir='ltr'><strong>Ὀτι</strong></span> <span class='ocrx_word' id='word_1_624' title='bbox 1238 2709 1287 2734; x_wconf 79' lang='grc' dir='ltr'><strong>ἀν.</strong></span> <span class='ocrx_word' id='word_1_625' title='bbox 1303 2711 1401 2735; x_wconf 80' lang='lat' dir='ltr'><strong>desunt</strong></span> 
     </span>
     <span class='ocr_line' id='line_1_96' title="bbox 1140 2709 1404 2783; baseline 0 0"><span class='ocrx_word' id='word_1_626' title='bbox 1140 2709 1325 2783; x_wconf 59' lang='grc' dir='ltr'><strong>ἷᾴᾼιξαρτίαε</strong></span> <span class='ocrx_word' id='word_1_627' title='bbox 1343 2751 1404 2783; x_wconf 55' lang='grc' dir='ltr'><strong>ξου-</strong></span> 
     </span>
    </p>
   </div>
  </div>
