1919 3051
59 179 113 208 755

94 235 122 263 8.
134 235 196 261 Ὀτι
211 235 284 270 ὀργὴ
295 235 324 261 ἐν
335 233 373 269 τῷ
388 233 466 269 θυμῷ
484 235 566 261 αὑτοῦ
577 254 584 266 ,

95 280 121 307 9.
136 279 191 306 Καὶ
208 279 266 315 ζωὴ
284 280 314 306 ὲν
329 279 368 315 τῷ
382 279 515 315 θελήματι
526 280 618 308 αὐτοῦ.

96 323 140 352 10.
156 324 194 351 Τὸ
205 324 326 360 ἑσπέρας
342 324 533 361 αὐλισοήσεται
550 326 698 361 κλαυθμὸς,

96 370 139 396 11.
157 370 213 396 Καὶ
229 371 269 402 εἰς
284 370 314 396 τὸ
326 370 399 406 πρωὶ
409 371 579 404 ἀγαλλίασις.

97 416 139 442 η.
159 416 231 450 Ἐγὼ
246 413 352 443 δὲεῖπα
374 418 403 443 ἐν
417 418 450 452 τῇ
467 417 580 453 εὐθηνίᾳ
603 426 669 453 μου·
693 419 730 444 Οὐ
746 418 784 454 μὴ
798 427 846 445 σα-

59 460 146 487 λευθῶ
161 462 202 492 εὶς
210 462 255 488 τὸν
267 462 364 490 αἰῶνα.

95 505 139 532 15.
158 506 256 541 Κύριε,
269 508 298 534 ὲν
312 507 351 542 τῷ
367 507 498 543 Θελήματί
515 517 561 534 σου
577 508 714 544 παρέσχου
733 508 772 544 τῷ
781 509 845 536 κάλ-

60 549 101 577 λει
116 559 167 585 μου
184 551 299 587 δύναμιν
309 560 316 567 ·

95 596 138 622 14.
160 595 349 633 Ἀπέστρεψαζ
368 597 396 624 δὲ
413 597 442 624 τὸ
456 598 600 634 πρόσωπόν
618 607 676 632 σου,
691 599 739 626 καὶ
753 601 846 635 ἐγενή-

60 641 108 677 θην
123 643 338 678 τεταραγμένος.

96 688 138 715 15.
155 689 227 724 Πρὸς
243 690 283 722 σὲ,
302 689 399 725 Κύριε,
412 690 599 727 κεκράξομαι·

91 735 137 762 ili.
152 736 207 762 Καὶ
219 736 287 771 πρὸς
302 736 348 763 τὸν
360 737 426 763 Θεόν
444 746 495 772 μου
506 738 685 773 δεηθήσομαι.

93 781 137 808 17.
155 781 203 814 Τίς
218 782 336 817 ὠφέλεια
350 783 379 809 ὲν
390 782 429 818 τῷ
440 783 535 819 αἵματί
554 793 615 820 μου,
627 785 656 811 ὲν
664 783 702 819 τῷ
716 784 845 811 καταϐαί-

59 834 113 853 νειν
130 835 164 861 με
181 829 221 859 εἰς
229 827 395 863 διαφθοράν;

93 872 138 900 18.
152 872 198 908 Μὴ
213 873 439 908 ἐξομολογήσεται
453 883 493 901 σοι
508 874 571 910 χοῦς
584 884 590 890 ·

93 917 137 945 19.
154 918 189 945 Ἣ
203 919 349 953 ἀναγγελεῖ
364 920 413 956 τὴν
425 919 553 956 ἀλήθειάν
570 929 615 947 σου
629 929 636 953 ;

92 963 138 991 20.
158 964 277 991 Ἤκουσε
290 965 402 1000 Κύριος,
420 966 468 992 καὶ
479 966 577 1001 ἡλέησέ
593 975 626 1002 με

91 1009 136 1035 21.
153 1009 255 1045 Κύριος
268 1011 383 1046 ἐγενήθη
396 1011 492 1047 βοηθός
506 1020 567 1047 μου.

91 1054 137 1081 22.
153 1055 308 1091 Ἔστρεψας
319 1057 364 1083 τὸν
381 1058 495 1084 κοπετόν
512 1067 562 1093 μου
575 1058 615 1090 εἰς
632 1058 719 1093 χαρὰν
732 1057 792 1093 ὲμοί
802 1065 809 1072 ·

91 1101 137 1127 25.
154 1102 305 1137 Διέρῤηξας
324 1103 369 1130 τὸν
395 1104 495 1130 σάκκον
521 1113 583 1139 μου,
605 1104 652 1131 καὶ
672 1103 842 1139 περιέζωσάς

60 1154 92 1180 με
111 1147 280 1184 εὐφροσύνην

89 1194 135 1221 9.5.
150 1195 242 1228 Ὅπως
259 1197 294 1224 ἂν
305 1197 377 1233 ψάλῃ
393 1200 462 1235 σοιὴ
477 1199 540 1233 δόξα
553 1209 615 1236 μου,
631 1200 678 1227 καὶ
691 1200 722 1226 οὐ
742 1200 779 1235 μὴ
791 1209 840 1227 καθ’

57 1241 163 1274 τανυγῶ
173 1250 180 1256 ·

88 1287 133 1314 25.
143 1287 237 1324 ’Κύριε
247 1289 262 1316 ὁ
275 1289 342 1322 Θεὸς
357 1299 418 1326 μου,
433 1293 474 1324 εἰς
486 1292 532 1320 τὸν
546 1292 631 1333 αἰῶνα
646 1292 841 1329 ἐξομολογὴσο-

57 1333 102 1367 μαί
114 1342 165 1361 σοι.

504 177 550 206 DE
567 178 706 207 TlTULIS
725 179 951 208 PSALMCRUM.
973 196 1007 201 ——
1028 180 1126 208 PSAL.
1146 179 1242 207 XXIX.

1630 180 1686 209 ’1δὲ

861 239 898 266 Aw
933 237 960 264 8.
980 236 1116 270 Quoniam
1132 236 1173 263 ira
1189 236 1215 263 in
1231 235 1418 271 indignatione
1431 236 1510 271 ejus;

933 283 959 310 9.
975 283 1008 310 Et
1019 282 1074 309 vita
1088 282 1115 309 in
1131 282 1270 309 voluntate
1282 281 1361 316 ejus:

935 330 979 357 10.
995 329 1036 356 Ad
1052 336 1197 364 vesperum
1211 327 1399 355 demorabitur
1411 328 1489 356 ﬂetus
1501 337 1507 355 :

932 376 975 403 11.
993 375 1025 402 Et
1041 375 1072 402 ad
1089 374 1252 402 matutinum
1266 373 1368 400 lwtitia.

933 420 976 448 12.
1000 419 1057 455 Ego
1086 425 1176 447 autem
1197 419 1253 446 dixi
1278 418 1306 446 in
1329 419 1582 459 abundantiaprnea
1598 410 1679 448 :‘Non

896 469 1027 495 movebor
1042 466 1069 493 in
1083 470 1224 493 aeternum.

932 513 976 540 15.
993 512 1119 545 Domine,
1145 512 1172 539 in
1198 511 1338 539 voluntate
1361 515 1406 538 tua
1422 503 1575 546 praestitisti
1588 512 1679 540 decori

896 567 957 587 meo
971 559 1097 586 virtutem
1112 567 1119 585 :

931 606 975 633 M.
1002 605 1133 633 Avertisti
1156 605 1254 632 faciem
1271 609 1346 631 tuam
1366 611 1381 631 a
1398 611 1452 638 me,
1467 608 1494 631 et
1515 603 1604 632 factus
1617 612 1679 632 sum

894 651 1084 680 conturbatus.

929 698 972 725 15.
989 697 1029 724 Ad
1041 701 1078 729 te,
1096 696 1218 729 Domine,
1231 695 1356 723 clamabo
1371 704 1378 722 :

930 743 973 770 16.
989 742 1023 770 Ει
1039 742 1072 770 ad
1087 741 1173 769 Deum
1185 749 1276 768 meum
1291 741 1468 776 deprecabor.

929 789 973 817 17.
986 789 1052 822 Qum
1068 788 1172 815 utilitas
1189 788 1215 815 in
1234 787 1365 822 sanguine
1380 795 1451 821 meo,
1464 787 1527 815 dum
1543 786 1680 815 descendo

894 836 921 862 in
936 834 1141 870 corruptionem
1153 834 1165 860 ’ἶ

930 881 973 908 18.
987 879 1115 916 Nunquid
1133 879 1306 907 confitebitur
1321 879 1370 907 tibi
1386 878 1474 914 pulvis
1488 888 1495 912 ;

931 927 975 954 19.
996 927 1051 954 Aut
1067 925 1240 953 annuntiabit
1250 926 1391 953 veritatem
1409 924 1504 952 tuam?

930 971 975 999 20.
996 971 1107 999 Audivit
1124 971 1267 1004 Dominus,
1280 975 1307 998 et
1323 971 1451 998 misertus
1464 974 1506 997 est
1517 969 1587 997 mei:

930 1017 975 1044 2|.
992 1017 1124 1044 Dominus
1135 1016 1224 1045 factus
1239 1021 1280 1044 est
1292 1016 1399 1051 adjutor
1414 1023 1501 1044 meus.

933 1063 978 1090 9.2.
988 1063 1152 1091 Convertisti
1165 1063 1304 1097 planctum
1319 1070 1409 1089 meum
1421 1061 1448 1088 in
1462 1061 1589 1097 gaudium
1599 1061 1678 1089 milii.

930 1108 976 1135 ‘25.
993 1108 1158 1136 Conscidisti
1184 1115 1293 1135 saccum
1308 1115 1410 1139 meum,
1425 1111 1453 1134 et
1475 1106 1678 1134 circumdedisti

895 1162 939 1181 me
953 1154 1043 1181 laetitia
1057 1163 1064 1181 :

930 1199 975 1227 24.
1002 1198 1038 1227 Ut
1060 1203 1152 1227 cantet
1182 1199 1228 1226 tibi
1251 1199 1335 1234 gloria
1360 1207 1438 1231 mea,
1466 1204 1493 1226 et
1521 1207 1573 1226 non
1600 1205 1676 1225 com-

893 1253 999 1280 pungar
1012 1254 1018 1273 :

931 1291 976 1318 25.
1002 1291 1117 1319 Domine
1131 1291 1203 1320 Deus
1215 1299 1302 1324 meus,
1326 1292 1354 1318 in
1375 1295 1507 1318 azternum
1525 1289 1679 1318 confitebor

893 1338 953 1365 tibi.

617 1416 804 1446 ATIIANASH
825 1416 1114 1445 INTERPRETATIO.

88 1492 114 1519 8.
134 1493 177 1519 Ἐν
189 1495 222 1529 τῇ
235 1495 419 1531 ἀγανακτήσει
433 1496 515 1523 αὐτοῦ
531 1497 599 1533 ὀργὴ
614 1497 768 1534 ἐπέρχεται,
779 1497 840 1524 καθ’

56 1534 90 1564 ὧν
104 1539 265 1572 ἀγανακτεῖ.

89 1583 116 1611 9.
137 1584 182 1610 Ἐν
193 1586 254 1616 ταῖς
271 1585 391 1617 ἐντολαῖς
408 1587 501 1615 αὐτοῦ.

89 1629 132 1656 10.
155 1629 199 1656 Ἐν
214 1632 246 1666 τῇ
259 1631 379 1667 ἁμαρτίᾳ
394 1632 492 1665 πένθος
505 1634 572 1661 ἐστί.

90 1673 132 1700 11.
149 1675 204 1701 Καὶ
217 1676 246 1701 ὲν
257 1677 313 1706 τοῖς
329 1675 419 1711 ἔργοις
432 1677 478 1703 τοῦ
494 1678 582 1712 φωτὸς
597 1677 766 1712 ἀγαλλίασις.

90 1720 133 1746 12.
155 1720 225 1755 Ἐγὼ
239 1721 278 1753 δὲ,
291 1722 354 1749 ὅταν
369 1722 502 1758 ἥμαρτον,
516 1723 619 1758 ἔλεγον·
632 1725 669 1751 Οὐ
689 1725 726 1760 μὴ
738 1724 837 1761 ἐπέλθῃ

57 1764 96 1790 ἐπ’
109 1765 158 1799 ἐμὲ
178 1765 259 1792 κακά.
729 1792 732 1796 .

90 1811 130 1837 15.
146 1811 183 1838 Σὺ
196 1811 234 1843 δὲ,
247 1811 300 1847 πρὸ
313 1811 360 1838 τοῦ
385 1812 516 1848 ἁμαρτεῖν
532 1821 575 1848 με,
596 1812 700 1845 ἔδωκας
715 1815 748 1849 τῇ
765 1814 837 1849 ψυχῇ

57 1864 104 1890 μω
117 1856 167 1892 τὴν
182 1856 262 1891 χάριν
281 1865 338 1883 σου.

88 1901 130 1928 14.
146 1902 277 1938 Ὕστερον
288 1902 316 1929 δὲ
330 1903 518 1939 ἡμαρτηκότος
534 1905 781 1941 pommus-mmo;
792 1914 837 1940 με,

54 1948 98 1973 καί
110 1949 138 1974 ὲν
151 1948 238 1982 ἀγῶνι
254 1948 343 1984 πολλῷ
355 1950 488 1984 ἐγενόμην
511 1950 688 1985 μνημονεύων
704 1951 754 1986 τῆς
769 1951 836 1987 ἡμέ-

56 2001 102 2027 ρας
117 1994 164 2028 τῆς
176 1994 302 2029 κρίσεως.

89 2038 130 2066 15.
145 2039 218 2074 Πρὸς
234 2039 264 2065 σὲ
278 2039 324 2066 τὸν
337 2041 451 2075 ποιητήν
466 2049 518 2076 μου
531 2040 672 2076 βοήσομαι.

87 2084 130 2111 16.
149 2085 205 2111 Καὶ
222 2084 291 2119 πρὸς
307 2085 337 2111 σὲ
353 2085 398 2112 τὸν
411 2085 506 2121 ἔφορόν
522 2095 573 2121 μου
589 2086 764 2122 δεηθήσομαι.

87 2129 128 2155 17.
143 2129 255 2164 Ἔλεγον
271 2129 399 2166 ὲμαυτῷ⁸
413 2130 461 2163 Τίς
472 2131 591 2166 ὠφέλεια
604 2132 637 2166 τῇ
653 2132 724 2167 ψυχῇ
741 2141 790 2167 μου
807 2133 835 2159 ἐν

53 2174 89 2210 τῷ
101 2175 268 2211 ἁμαρτάνειν
280 2184 315 2211 με
329 2185 336 2208 ;

87 2221 188 2253 18,19.
209 2222 244 2248 Ἢ
276 2221 344 2257 μετὰ
367 2222 397 2249 τὸ
421 2222 567 2250 ἀποθανεῖν
589 2223 834 2259 ἐξομολογήσασθαί

55 2275 91 2293 σοι
104 2267 219 2303 δύναμαι
230 2276 237 2300 ;

928 1496 997 1525 8.1η
1014 1498 1198 1533 indignatione
1216 1498 1276 1532 ejus
1296 1497 1336 1524 ira
1353 1496 1463 1525 advenit
1483 1496 1509 1523 in
1527 1495 1587 1522 illos
1610 1500 1676 1520 con-

893 1547 933 1570 tra
947 1551 1018 1578 quos
1031 1543 1197 1579 indignatur.

928 1588 955 1616 9.
975 1589 1005 1615 In
1016 1589 1158 1624 preceplis
1175 1589 1244 1624 ejus.

929 1633 973 1661 10.
985 1633 1014 1660 In
1030 1639 1142 1669 peccato
1156 1635 1245 1661 luctus
1260 1637 1311 1661 est.

926 1679 972 1707 11.
991 1678 1025 1706 Et
1038 1679 1066 1706 in
1086 1679 1213 1714 operibus
1226 1678 1296 1706 lucis
1308 1677 1463 1704 exsultatio.

928 1724 971 1753 19..
989 1724 1044 1758 Ego
1059 1729 1149 1752 autem
1172 1732 1233 1752 cum
1258 1723 1389 1759 peccavi,
1414 1723 1491 1749 dixi:
1514 1720 1574 1748 Non
1593 1721 1674 1748 adve-

891 1770 969 1798 nient
982 1771 1010 1797 in
1025 1778 1069 1798 me
1081 1771 1163 1798 mala.

928 1816 971 1843 15.
988 1815 1028 1843 Tu
1048 1820 1153 1848 autem,
1174 1815 1333 1851 priusquam
1352 1820 1502 1849 peccarem,
1520 1811 1615 1839 dedisti
1641 1819 1673 1839 a-

891 1862 972 1898 nimae
986 1869 1055 1889 meae
1070 1862 1187 1898 gratiam
1200 1867 1286 1889 tuam.

926 1907 969 1935 M.
986 1907 1084 1936 Postea
1100 1912 1190 1935 autem
1205 1911 1335 1943 peccante
1349 1913 1403 1939 me,
1419 1908 1559 1933 aversatus
1574 1911 1603 1930 es
1618 1910 1671 1934 me,

889 1959 917 1982 et
937 1954 965 1980 in
977 1961 1080 1990 angore
1093 1954 1179 1982 multo
1194 1953 1233 1981 fui
1248 1957 1359 1990 propter
1380 1950 1596 1979 recordationem
1619 1948 1673 1975 dici

887 1998 994 2034 judicii.

925 2043 969 2071 15.
982 2043 1023 2072 Ad
1041 2048 1067 2071 te
1080 2043 1210 2072 factorem
1230 2049 1320 2070 meum
1334 2041 1468 2068 clamabo.

925 2089 967 2116 16.
982 2089 1016 2116 Ει
1030 2090 1062 2117 ad
1077 2093 1104 2117 te
1119 2089 1300 2124 inspectorem
1319 2094 1409 2114 meum
1426 2086 1598 2120 deprecabor.

924 2136 969 2163 17.
988 2135 1117 2163 Dicebam
1132 2133 1311 2168 mihimetipsi
1327 2142 1334 2160 :
1357 2132 1423 2165 Quae
1437 2132 1540 2160 utilitas
1560 2131 1587 2158 in
1608 2138 1671 2166 pec-

887 2182 975 2210 cando
989 2181 1088 2209 animte
1102 2188 1169 2208 mea:
1182 2180 1194 2207 ?

924 2227 969 2260 18,
995 2227 1039 2254 19.
1057 2227 1099 2254 An
1122 2231 1269 2262 postquam
1296 2229 1422 2253 mortuus
1449 2224 1525 2251 fuero
1546 2223 1669 2250 conﬁteri

888 2272 936 2299 tibi
949 2279 1061 2307 possum
1072 2271 1084 2298 ?

85 2312 127 2343 20,
139 2313 184 2339 2|.
199 2311 308 2346 Κύριος
323 2312 450 2348 ἐγενήθη
466 2313 579 2348 ,βοηθός
587 2322 656 2348 μου,
671 2313 757 2340 ταῦτά
783 2322 832 2349 μου
850 2335 860 2363 1

925 2317 967 2350 ΞΟ,
984 2317 1029 2344 21.
1044 2316 1082 2344 Ita
1104 2324 1148 2344 me
1164 2316 1326 2352 deprecante
1338 2338 1351 2349 ,,
1373 2316 1500 2342 Dominus
1521 2315 1606 2350 factus
1630 2318 1670 2341 est

55 2358 267 2394 προσευχομένου
279 2359 328 2394 (1).

85 2403 128 2430 22.
142 2405 179 2431 Τδ
191 2404 289 2437 πένθος
300 2405 349 2440 τῆς
360 2405 496 2442 ἁμαρτίας
516 2414 578 2440 μου.

85 2448 127 2476 25.
146 2450 201 2485 Τὴν
217 2450 356 2486 ἁμαρτίαν
370 2459 421 2486 μου
433 2451 588 2487 ὃιέρῤηξας,
601 2452 649 2478 καὶ
665 2451 834 2486 περιέζωσάς

57 2501 86 2528 με
96 2495 143 2532 τὴν
156 2497 236 2532 χάριν
251 2506 308 2525 σου.

84 2540 126 2568 24.
144 2542 237 2574 Ὅπως
248 2543 281 2570 ἂν
299 2543 372 2579 ψάλῃ
391 2552 431 2571 σοι
444 2545 461 2579 ή
479 2544 577 2579 καρδία
593 2552 655 2579 μου,
682 2544 728 2571 καὶ
744 2544 775 2570 οὐ
795 2544 832 2579 μὴ

57 2587 238 2623 μεταμεληθῶ.

86 2630 127 2658 25.
143 2633 199 2659 Οὐκ
217 2634 246 2660 ὲν
270 2633 358 2669 καιρῷ
381 2634 418 2670 μὴ
442 2634 568 2661 δουλώσω
582 2634 620 2671 (2)
639 2643 680 2661 σοι
701 2634 828 2670 ἐμαυτὸν,

54 2675 106 2704 ἀλλ’
124 2680 163 2710 εἰς
181 2679 226 2707 τὸν
241 2679 337 2708 αἰῶνα.
371 2671 374 2673 ’

887 2364 994 2398 adjutor
1007 2371 1089 2390 meus.

921 2409 966 2436 2‘2.
986 2409 1102 2437 Luctum
1117 2408 1220 2443 peccati
1240 2408 1304 2435 mei.

918 2455 964 2482 9.5.
980 2454 1124 2483 Peccatum
1138 2464 1227 2484 meum
1240 2455 1411 2487 conscidisti,
1427 2459 1453 2482 et
1467 2454 1669 2482 circumdedisti

885 2508 929 2528 me
944 2500 1030 2535 gratia
1045 2505 1102 2528 tua.

919 2545 965 2572 24.
987 2544 1024 2573 Ut
1045 2550 1135 2574 cantet
1161 2547 1208 2574 tibi
1224 2554 1271 2574 cor
1296 2554 1397 2578 mcum,
1418 2550 1445 2573 et
1467 2553 1521 2572 non
1546 2552 1589 2572 me
1611 2552 1670 2579 pa:-

885 2590 991 2618 nitebit.

918 2635 964 2662 25.
983 2633 1042 2662 Non
1061 2635 1095 2662 ad
1120 2639 1227 2671 tempus
1244 2643 1288 2663 me
1312 2636 1370 2671 ipse
1393 2635 1441 2663 tibi
1462 2634 1490 2662 in
1508 2633 1666 2662 servitutem

884 2680 1020 2715 addicam,
1036 2681 1083 2709 sed
1097 2681 1123 2708 in
1140 2686 1282 2709 aeternum.

521 2780 673 2812 Addenda
688 2785 718 2812 et
737 2781 925 2822 corrigenda
951 2789 991 2811 ex
1007 2780 1076 2812 cod.
1093 2781 1194 2813 Vatic.

86 2868 123 2909 (ι)
135 2872 225 2902 Ταῦτά
244 2882 295 2910 μου
315 2881 392 2910 προσ.
406 2874 462 2903 haec
478 2879 582 2904 tantum
598 2875 625 2904 in
638 2875 699 2905 cod.

914 2877 951 2913 (2)
967 2877 1063 2913 Καιρῷ
1080 2886 1133 2905 τινι
1148 2877 1220 2906 δουλ.
