1919 3051
227 163 282 194 755
653 169 682 194 ε.
701 164 889 196 ΑΠΙΑΝΑΞΠ
909 165 944 197 Ol
953 168 983 197 Ρ.

1086 182 1090 196 μ
1109 169 1155 198 lll.
1167 184 1201 190 -
1216 169 1421 197 EXEGETICA.
1792 169 1844 197 756

338 224 370 251 In
386 225 476 259 ﬁnem,
488 218 606 260 psiilmiu
621 225 706 253 David
722 235 769 262 pro
782 229 893 255 exstasi.
1026 232 1049 260 Α

1097 229 1150 262 Εις
1165 228 1198 256 τὸ
1213 228 1315 262 τέλος,
1332 229 1452 263 ψαλμὸς
1471 228 1511 254 τῶ
1530 228 1618 255 Δαϐὶδ
1628 227 1810 261 ἐκστάσεως.

515 271 617 299 PSAL.
634 271 725 300 XXX.

1384 277 1470 302 ΨΑΛ.
1485 278 1525 302 A'.

265 328 291 355 1.
316 327 344 354 In
371 332 412 361 te,
437 328 560 361 Domine,
585 329 703 364 speravi,
732 337 786 357 non
810 330 961 359 confundar
984 331 1011 358 in

1098 331 1125 358 Ι.
1148 331 1209 358 Ἐπὶ
1219 330 1272 364 σοὶ,
1280 330 1378 366 Κύριε,
1389 330 1501 365 ἤλπισα,
1520 329 1557 365 μὴ
1572 329 1797 365 καταισχυνθείην
1809 330 1846 360 είς

228 379 360 400 atternum
376 383 383 400 ζ
978 407 986 415 1

978 407 989 415 _
1061 375 1108 402 τὸν
1127 376 1212 403 αίῶνα
1219 384 1226 392 ·

266 420 294 447 2.
312 420 339 446 In
350 420 455 454 justitia
470 425 515 448 tua
527 420 611 448 libera
627 429 680 454 me,
693 427 720 449 et
733 422 806 457 eripe
819 430 871 450 me.

1097 421 1126 448 2.
1151 422 1194 448 Ἐν
1210 422 1245 457 τῇ
1258 421 1413 456 δικαιοσύνῃ
1431 429 1479 447 σου
1491 420 1572 456 ῥῦσαί
1584 420 1683 456 με,κσὶ
1696 419 1789 453 ἔξελοῦ
1803 429 1844 456 με.

263 465 290 492 5.
306 465 408 492 lnclina
423 466 456 493 ad
472 474 515 493 me
531 474 624 494 aurem
640 471 714 495 tuam
730 477 737 494 :

1097 468 1125 495 ὅ.
1142 468 1240 495 Κλῐνον
1253 467 1321 503 πρός
1339 476 1371 503 με
1386 467 1417 494 τὸ
1431 465 1478 499 οὖς
1490 476 1537 494 σου
1550 477 1555 483 -

265 509 293 536 4.
304 510 433 538 Accelera
445 515 475 538 ut
488 519 570 538 eruas
586 519 640 539 me.

1097 514 1126 541 4.
1143 513 1263 548 Τάχυνον
1274 512 1321 539 τοῦ
1337 513 1476 545 ἐξελέσθαι
1492 521 1535 548 με.

265 555 293 583 5.
311 555 376 583 Esto
389 556 456 583 mihi
471 557 497 583 in
513 556 598 584 Deum
614 561 806 592 protectorem,

1098 559 1126 586 5.
1142 558 1224 586 Γενοῦ
1241 567 1285 594 μοι
1297 559 1337 591 είς
1347 559 1413 586 Θεὸν
1428 559 1642 595 ὑπερασπιστὴν,

265 601 294 628 6.
312 600 344 628 Et
362 602 388 628 in
401 601 513 629 domum
534 601 644 638 refugii,
659 607 689 630 ut
707 603 812 630 salvum
829 611 872 631 me
888 603 982 632 facias.

1101 605 1129 633 6.
1146 605 1201 632 Καὶ
1217 605 1258 636 είς
1272 602 1345 631 οἷκον
1361 604 1522 639 καταφυγῆς
1534 604 1582 631 τοῦ
1598 604 1682 630 σῶσαί
1698 613 1743 640 με.

269 645 295 672 7.
316 645 452 679 Quoniam
475 646 608 674 fortitudo
629 655 689 675 mea
713 653 740 675 et
767 648 902 684 refugium
923 657 1012 677 meum

1100 651 1127 679 7.
1143 651 1206 678 Ὅτι
1221 650 1383 686 κραταιωμά
1397 659 1461 686 μου,
1478 650 1524 678 καὶ
1536 651 1679 686 καταφυγή
1696 659 1748 685 μου
1769 648 1796 676 εἴ
1807 648 1847 677 σύ·

232 701 262 720 es
277 697 326 720 tu:

267 739 294 766 8.
313 737 347 766 Et
367 743 477 774 propter
492 747 590 768 nomen
610 744 687 768 tuum
703 740 822 768 deduces
840 748 893 773 me,
908 745 936 768 et
949 749 1015 769 cnu-

1100 739 1127 768 8.
1143 739 1198 767 Καὶ
1213 739 1306 766 ἕνεκεν
1315 737 1364 765 τοῦ
1376 738 1507 774 ὀνόματός
1521 746 1567 764 σου
1578 737 1720 773 δδηγήσεις
1737 745 1771 772 με
1781 757 1789 769 ,
1805 735 1851 763 καὶ

234 783 300 811 tries
313 791 367 811 me.

1065 785 1221 822 διαθρέψεις
1238 793 1283 821 με.

268 829 295 857 9.
311 829 418 858 Educes
433 837 477 858 me
489 830 522 858 de
535 831 632 859 laoueo
644 831 706 863 hoc.
719 839 800 866 quem
816 831 1016 860 absconderunt

1101 831 1127 859 9.
1146 831 1267 865 Ἐξάξεις
1281 841 1314 868 με
1329 831 1361 858 ἐκ
1374 830 1488 866 παγίδος
1497 824 1650 865 ταύτης.ἦς
1661 827 1783 864 ἔκρυψαν
1798 835 1850 863 μοι·

263 876 301 904 ihi
314 885 320 904 :

233 884 301 904 mini
314 885 320 904 :

270 922 314 949 10.
327 921 461 956 Quoniam
475 926 504 950 tu
519 930 549 950 es
562 927 702 958 protector
718 930 806 956 meus,
820 922 946 952 Domine.

1029 919 1051 947 Β
1100 924 1144 952 10.
1162 924 1224 951 Ὅτι
1240 923 1273 950 σὺ
1289 919 1315 949 εἷ
1329 923 1343 950 6
1355 922 1560 958 ὑπερασπιστὴς
1577 920 1644 956 μου¹,
1662 919 1760 955 Κύριε.

270 967 315 994 ﬂ.
330 967 360 995 In
373 975 471 996 manus
482 973 543 996 tuas
559 968 755 996 commendabo
770 969 894 1004 spiritum
906 977 995 996 meum
1008 979 1014 996 :

1104 971 1149 997 11.
1167 970 1214 1001 Et;
1230 969 1324 1005 χεῖράς
1343 977 1389 995 σου
1401 967 1595 1002 παραθήσομαι
1613 966 1645 993 τὸ
1657 965 1767 1000 πνεῦμά
1781 973 1833 1000 μου
1845 973 1852 980 ·

270 1013 314 1040 12.
327 1011 476 1041 Redemisti
495 1022 548 1046 me.
562 1014 675 1042 Domine
688 1014 760 1042 Deus
770 1015 903 1042 veritatis.

1103 1015 1148 1043 12.
1171 1014 1332 1050 Ἑλυτρώσω
1349 1022 1392 1049 με.
1411 1013 1497 1048 Κύριε
1511 1014 1525 1039 6
1539 1012 1605 1043 Θεὸς
1616 1013 1666 1047 τῆς
1679 1011 1817 1046 ἀληθείας.

269 1059 314 1086 15.
329 1058 416 1087 Odisti
436 1059 554 1096 [omnes]
567 1060 743 1088 observantes
769 1060 902 1088 vanitates
923 1068 1017 1095 super-

1103 1061 1147 1088 15.
1170 1061 1320 1096 Ἐμίσησας
1330 1060 1393 1092 τοὺς
1402 1059 1523 1095 [πάντας
1535 1057 1614 1094 τοὺς]
1625 1057 1855 1092 διαφυλάσσοντας

235 1111 332 1132 vacue.

1071 1107 1255 1142 ματαιότητας
1269 1105 1404 1141 διακενῆς.

270 1150 316 1178 Η.
331 1149 388 1186 Ego
402 1155 492 1178 autem
508 1151 534 1178 in
550 1151 666 1180 Domino
682 1151 787 1188 speravi
801 1161 807 1179 :

1105 1152 1150 1179 14.
1170 1151 1240 1186 Ἐγὼ
1255 1151 1283 1178 δὲ
1296 1151 1342 1177 ἐπὶ
1353 1150 1393 1185 τῷ
1403 1150 1499 1186 Κυρίῳ
1510 1149 1612 1185 1ἣλπισσ.
1622 1155 1629 1163 ·

271 1196 316 1223 15.
331 1196 493 1230 Exsultabo,
504 1202 531 1225 et
546 1198 658 1225 laetabor
669 1199 696 1225 in
712 1197 900 1226 misericordia
917 1202 975 1226 tua.

1105 1198 1150 1226 15.
1167 1196 1378 1232 Ἀγαλλιάσομαι
1390 1196 1437 1223 καὶ
1451 1195 1672 1231 εὐφρανθήσομαι
1682 1193 1729 1220 ἐπὶ
1736 1192 1775 1228 τῷ
1785 1192 1856 1218 ἐλέει

1072 1251 1128 1270 σου.

275 1285 317 1313 16.
334 1285 469 1319 Quoniam
486 1286 629 1321 respexisti
644 1287 825 1314 humilitatem
845 1294 932 1314 meam
948 1296 956 1314 :

1106 1287 1150 1316 16.
1168 1287 1230 1315 Ὅτι
1238 1288 1343 1319 ἑπεϊδες
1350 1287 1396 1313 ἐπὶ
1405 1286 1462 1322 [ἐπί
1470 1285 1556 1322 deest]
1564 1285 1612 1321 τὴν
1621 1282 1785 1312 ταπείνωσιν
1793 1290 1854 1318 μου·

274 1331 317 1358 17.
332 1331 448 1359 Salvasti
467 1332 499 1359 de
514 1332 723 1359 necessitatibus
743 1333 861 1359 animam
875 1340 963 1360 meam
977 1341 984 1359 :

1108 1333 1154 1360 Π.
1168 1333 1293 1364 Ἕσωσας
1309 1333 1341 1359 ὲκ
1359 1332 1412 1358 τῶν
1423 1332 1549 1365 ἀναγκῶν
1564 1330 1611 1366 τὴν
1627 1330 1716 1365 ψυχήν
1735 1335 1800 1364 μου·

273 1376 358 1405 18.Ει
366 1384 420 1404 non
432 1377 589 1405 conclusisti
598 1385 641 1405 me
649 1378 676 1404 in
685 1377 811 1405 manibus
822 1377 996 1404 inimicorum
1010 1386 1017 1403 :

1109 1378 1153 1405 l8.
1170 1378 1226 1405 Καὶ
1241 1378 1272 1404 οὐ
1290 1377 1464 1408 συνέκλεισάς
1480 1385 1514 1412 με
1527 1377 1566 1408 είς
1581 1377 1673 1412 χεῖρας
1687 1373 1802 1410 ἐχθρῶν.

799 1432 987 1460 ATHANASH
1006 1433 1298 1462 INTERPRETATIO.

277 1490 310 1518 Ἦ
326 1490 493 1527 προκειμένη
511 1491 652 1527 ἐπιγραφὴ
668 1490 807 1527 περιέχει*
826 1491 949 1526 Ψαλμὸς
964 1491 1002 1527 (l)
1017 1491 1058 1525 τῷ
1068 1493 1168 1527 Δαϐὶδ,
1184 1493 1357 1526 ἐκστάσεως
1370 1512 1378 1525 ,
1393 1493 1516 1520 τουτέστι
1531 1492 1577 1518 τδν
1597 1490 1832 1527 ψαλμὸνιεερηκεν
1845 1490 1863 1516 6

236 1537 319 1564 Δαὸὶδ
333 1538 372 1569 είς
387 1538 450 1569 τοὺς
468 1537 577 1569 τελείως
585 1538 734 1570 ὲκστάντας
748 1537 802 1564 ἀπὸ
813 1538 862 1573 τῆς
871 1538 1020 1574 ἁμαρτίας,
1035 1539 1083 1566 καὶ
1100 1539 1317 1575 ἐπιστρέψαντας
1331 1539 1378 1565 ἐπὶ
1392 1539 1438 1566 τὸν
1454 1538 1565 1575 Κύριον.

275 1593 382 1622 Titulus
397 1595 561 1630 praepositus
575 1595 698 1622 continet
711 1604 718 1622 :
732 1595 857 1622 Psalmus
870 1595 957 1622 David
968 1603 1016 1630 pro
1028 1596 1140 1630 cxstasi,
1149 1603 1195 1624 seu
1214 1603 1264 1631 pro
1275 1596 1409 1630 discessu,
1421 1596 1473 1624 hoc
1483 1600 1534 1628 est,
1548 1595 1682 1630 psalmum
1694 1593 1761 1622 divit
1774 1593 1861 1620 David

237 1642 271 1669 de
283 1641 484 1670 discedentibus
496 1642 609 1669 omnino
624 1650 639 1669 a
660 1643 788 1677 peccatis,
803 1647 830 1670 et
845 1650 874 1670 se
889 1643 923 1670 ad
938 1643 1081 1671 Dominum
1097 1644 1331 1672 convertentibus.

271 1702 299 1729 1.
312 1700 426 1729 Omnem
446 1709 534 1730 meam
549 1702 758 1730 sollicitudinem
776 1702 880 1731 habens
894 1703 921 1730 in
936 1707 974 1731 te.

1030 1705 1053 1737 C
1103 1704 1130 1732 1.
1145 1704 1201 1740 Τὴν
1212 1703 1346 1740 μέριμναν
1366 1712 1417 1739 μου
1433 1703 1524 1729 πᾶσαν
1535 1701 1582 1728 ἐπὶ
1592 1701 1622 1727 σὲ
1639 1700 1707 1736 ἔχων
1719 1700 1768 1736 (9.).

271 1747 300 1775 2.
313 1746 352 1775 Ne
367 1747 500 1782 reprobus
515 1747 590 1780 liam,
605 1747 730 1775 Domine.

1107 1750 1134 1777 ‘2.
1149 1749 1193 1786 Μὴ
1203 1750 1331 1785 ἀδόκιμος
1339 1749 1472 1783 γένωμαι,
1489 1747 1530 1774 Κύ
1536 1756 1585 1782 ριε.

270 1793 298 1820 5.
315 1793 451 1828 Benignas
465 1801 546 1821 aures
560 1793 627 1821 mihi
644 1794 744 1829 praebe.

1107 1796 1134 1823 3.
1151 1796 1259 1831 Εὐμενῆ
1277 1804 1323 1830 μοι
1338 1794 1372 1821 τὰ
1387 1791 1443 1820 om
1455 1793 1493 1829 (5)
1507 1793 1659 1828 παράσχου.

273 1839 300 1865 Δ.
317 1838 350 1865 Et
367 1839 466 1867 festina
482 1840 516 1867 ad
533 1847 577 1867 me
593 1840 774 1879 liberandum.

1106 1840 1134 1868 ι.
1149 1842 1204 1868 Καὶ
1218 1841 1334 1868 σπεῦσον
1352 1839 1398 1867 τοῦ
1418 1839 1556 1872 ἐξελέσθαι
1570 1847 1613 1873 με.

273 1885 301 1912 5.
318 1884 385 1912 Esto
400 1886 464 1912 mihi
480 1886 508 1912 in
528 1885 613 1913 Deum
628 1885 805 1921 opitulantem
820 1885 898 1912 milii.

1109 1887 1134 1913 5.
1148 1886 1244 1913 Γενοῦ
1253 1895 1303 1920 μοι
1318 1887 1363 1919 εις
1374 1885 1448 1912 Θεὸν
1462 1883 1684 1919 ἀντιποιούμενον
1700 1892 1762 1918 μου.

273 1930 302 1957 6.
316 1930 368 1963 Qui
382 1931 456 1958 enim
470 1930 503 1958 ad
516 1935 542 1958 te
556 1931 630 1958 venit
642 1937 695 1958 non
711 1929 845 1965 ejicietur.

1108 1931 1134 1958 6.
1157 1932 1186 1958 '0
1200 1931 1254 1969 γᾴρ
1265 1931 1412 1967 ἐρχόμενος
1426 1929 1493 1966 πρὸς
1503 1929 1533 1955 σὲ
1551 1929 1581 1955 οὺ
1604 1929 1640 1964 μὴ
1660 1928 1756 1963 ἐξέλθῃ
1772 1927 1832 1960 ἔξω.

275 1974 302 2002 ’1.
318 1975 454 2008 Quoniam
468 1975 555 2003 virtus
575 1983 636 2003 mea
659 1980 686 2002 et
702 1975 902 2002 munimentum
929 1981 1020 2001 meum

940 1981 1020 2001 neum
1107 1977 1135 2003 7.
1146 1977 1207 2004 ’Ὁτι
1226 1976 1300 2012 ίσχύς
1320 1985 1369 2011 μου
1387 1976 1434 2002 καὶ
1449 1975 1538 2010 τεῖχός
1552 1982 1601 2009 μου
1616 1972 1640 2000 εἷ
1655 1973 1698 2000 σύ.

240 2025 271 2045 es
287 2023 326 2046 ιιι.

276 2063 302 2091 8.
319 2063 351 2091 Et
366 2069 476 2099 propter
497 2072 596 2092 nomen
619 2070 695 2093 tuum
720 2065 808 2093 deduc
822 2073 876 2098 me,
892 2068 919 2092 et
933 2064 1022 2092 enutri

1109 2063 1135 2091 8.
1150 2063 1204 2090 Καὶ
1214 2063 1258 2089 διὰ
1270 2061 1316 2088 τοῦ
1332 2061 1463 2096 ὀνόματός
1481 2069 1526 2086 σου
1541 2059 1578 2095 (4)
1594 2058 1726 2094 ὑδήγησόν
1751 2067 1796 2094 με,
1814 2057 1860 2084 καὶ

239 2117 284 2137 me
297 2110 325 2137 in
337 2110 581 2145 justiﬁeationibus
595 2112 659 2139 tuis.

1073 2109 1218 2144 διάθρεψόν
1235 2117 1269 2143 με
1286 2109 1315 2134 ὲν
1331 2108 1390 2138 τοῖς
1402 2106 1568 2140 δικαιώμασί
1584 2114 1635 2140 μου
1651 2105 1698 2139 (5).

275 2156 302 2184 9.
319 2156 358 2183 Ex
375 2161 487 2192 peccato
500 2157 670 2185 inhabitante
685 2157 712 2184 in
727 2157 808 2185 corde
827 2165 900 2184 meo.

1109 2156 1136 2182 9.
1150 2154 1206 2189 Τῆς
1216 2153 1375 2188 ὲνοικούσης
1391 2152 1421 2179 ὲν
1438 2153 1471 2186 τῇ
1491 2151 1588 2186 καρδίᾳ
1600 2159 1650 2186 μου
1668 2150 1813 2186 ἁμαρτίας.

275 2203 320 2230 10.
335 2202 471 2236 Quoniam
487 2208 515 2230 tu
529 2211 558 2231 es
572 2209 710 2238 protector
723 2212 810 2236 meus,
828 2203 951 2231 Domine.

933 2211 951 2230 ξ.
1110 2201 1153 2228 10.
1167 2201 1229 2226 Ὅτι
1245 2200 1277 2226 σὺ
1289 2196 1314 2226 εἷ
1324 2200 1338 2226 6
1349 2198 1506 2233 σκεπαστής
1522 2205 1583 2232 μου,
1595 2196 1691 2231 Κύριε.

275 2248 320 2275 11.
335 2249 462 2275 Animam
477 2256 578 2281 meam,
594 2249 692 2284 inquit.

1108 2247 1151 2272 H.
1167 2246 1224 2281 Τὴν
1233 2245 1323 2280 ψυχήν
1338 2253 1399 2280 μου,
1411 2243 1493 2278 λέγει.

277 2293 321 2321 12.
338 2293 486 2321 Redemisti
509 2302 552 2321 me
568 2303 600 2321 ex
623 2295 754 2322 servitute
770 2294 905 2322 mendacii
919 2298 959 2326 tu,
977 2292 1023 2328 qui

1111 2292 1154 2318 l2.
1178 2290 1338 2325 Ἐλυτρώσω
1352 2299 1385 2325 με
1402 2289 1452 2324 τῆς
1467 2288 1589 2320 δουλείας
1603 2287 1651 2314 τοῦ
1661 2287 1775 2322 ψεύδους
1786 2287 1801 2313 6
1812 2286 1862 2313 τοῦ

240 2346 270 2366 es
285 2338 357 2366 Deus
369 2339 464 2373 populi
482 2340 615 2367 veritatis.

1074 2338 1140 2365 λαοῦ
1159 2337 1209 2372 τῆς
1223 2337 1350 2372 ἀληθείας
1362 2337 1437 2367 Θεός.

276 2383 321 2411 15.
335 2383 420 2411 Odisti
437 2389 628 2419 permanentes
642 2385 668 2412 in
683 2390 803 2420 peccato.

1040 2378 1062 2406 ί)
1112 2383 1155 2410 15.
1178 2382 1328 2417 Ἐμίσησας
1341 2382 1402 2413 τοὺς
1413 2381 1589 2416 ἐπιμένοντας
1601 2381 1633 2415 τῇ
1644 2379 1773 2414 ἁμαρτίᾳ.

277 2429 320 2456 ἱδ-
337 2428 527 2457 Constituente
540 2436 616 2457 extra
631 2439 764 2458 errorem.

1115 2428 1159 2454 Η.
1173 2427 1219 2462 Τῷ
1233 2427 1318 2458 ἑκτῶς
1338 2427 1376 2461 (6)
1394 2427 1496 2461 πλάνης
1512 2426 1668 2460 παρέχοντι.

278 2475 322 2503 15.
337 2475 407 2502 Cum
424 2476 640 2504 misericordiam
659 2485 674 2504 a
699 2483 724 2505 te
749 2481 912 2504 consecutus
935 2476 1023 2508 fuero,

1115 2473 1157 2500 15.
1180 2473 1223 2499 Ἐν
1236 2472 1274 2508 τῷ
1286 2469 1417 2499 ἐλεεῖσθαι
1430 2481 1463 2508 με
1477 2472 1528 2498 ὑπὸ
1542 2471 1588 2498 σοῦ
1598 2470 1806 2506 ἁγαλλιάσομαι,
1815 2469 1863 2496 καὶ

241 2521 383 2549 cxsultabo
402 2526 431 2549 et
445 2522 558 2550 laetabor
575 2523 602 2550 in
615 2524 697 2551 corde
714 2532 784 2551 meo.

1079 2519 1305 2554 εὐφρανθήσομαι
1321 2519 1350 2544 ὲν
1362 2519 1395 2553 τῇ
1407 2517 1504 2552 καρδίᾳ
1518 2525 1567 2552 μου

277 2568 321 2594 16.
333 2567 470 2601 Quoniam
484 2568 699 2598 animadvertisti
714 2571 897 2598 inﬁrmitatem
912 2575 1009 2595 meam.

912 2575 1009 2595 meam.
1114 2563 1157 2592 16.
1173 2565 1235 2591 Ὀτι
1250 2564 1399 2599 προσέσχες
1412 2565 1445 2598 τῇ
1457 2563 1582 2598 ἀσθενείᾳ
1598 2571 1659 2598 μου.

277 2614 321 2641 17.
339 2613 379 2640 Ex
395 2614 524 2648 peccatis.

1114 2611 1157 2637 l7.
1182 2611 1229 2636 Ἐκ
1240 2609 1292 2636 τῶν
1307 2609 1457 2644 ἁμαρτιῶν.

279 2660 322 2686 18.
339 2659 456 2687 Diaboli.

1115 2656 1158 2683 18.
1175 2655 1228 2682 Τοῦ
1241 2654 1372 2681 διαϐόλου.

718 2715 870 2746 Addenda
900 2718 930 2745 et
948 2714 1133 2754 corrigenda
1150 2721 1189 2743 ex
1204 2712 1274 2743 cod.
1291 2713 1390 2742 Vatic.

279 2769 318 2803 (1)
336 2769 367 2796 Ἦ
380 2770 423 2796 διὰ
433 2770 483 2805 τῆς
497 2770 679 2805 κινναὸάρίως
694 2768 815 2804 περιέχει
825 2777 831 2782 ·
848 2769 887 2800 είς
905 2768 935 2795 τὸ
951 2769 1026 2800 τέλος
1165 2762 1235 2805 ξρτᾲ
1251 2772 1308 2805 σορ-

241 2799 422 2840 ψαλιίόςβιυ.
463 2799 480 2805 ’⁷
602 2799 618 2841 γ’
774 2799 789 2803 ﬁ
831 2839 835 2841 _
990 2839 999 2841 _

613 2799 618 2805 '
670 2799 675 2800 ί
731 2799 737 2804 ·
774 2799 789 2803 ’⁷
831 2799 885 2841 λλ
1114 2799 1369 2841 (apameae

283 2835 361 2883 (aut.
374 2841 395 2880 ~l
405 2841 477 2883 ill-1:6,,
490 2840 656 2883 (ιιι-..ἐπιαὲ
673 2839 788 2883 ἐθέμην..
857 2839 910 2870 ἀδ..
923 2844 975 2867 ριε.
990 2838 1021 2866 Ν.

472 2840 656 2883 ,σιτ-..ἒπὶάὲ
673 2839 788 2883 ἐθέμην..
857 2839 910 2870 ἀδ..
923 2844 975 2867 ριε.
990 2838 1021 2866 Ν.

245 2875 273 2903 ‘2.
286 2868 339 2900 ’Ἐν
354 2875 391 2909 τῷ
405 2868 526 2910 Υιῴ³ωυ
543 2875 621 2911 ῥῦσαί
638 2884 682 2910 με.
696 2868 741 2901 κάκ
752 2868 844 2908 iis»);
859 2884 899 2908 με.

518 2886 526 2902 J
543 2875 621 2911 ῥῦσαί
638 2884 682 2910 με,
696 2868 741 2901 κάκ
752 2868 844 2908 iis»);
859 2868 910 2908 με(
1118 2871 1154 2904 ιϐ)
1175 2868 1276 2899 Ἰὰτός.
