1919 3051
21 153 78 181 757
477 153 522 181 DE
541 154 680 183 TlTULlS
700 155 923 204 PSALlilDRUM.
952 171 986 177 —
1005 155 1102 183 PSAL.
1120 155 1205 183 XXX.
1595 154 1649 183 758

62 211 106 239 i9.
121 211 263 248 Ἔστησας
273 212 303 239 ἒν
319 211 469 250 εὐρυχώρῳ
485 214 548 246 τοὺς
564 214 648 247 πόδας
668 224 729 251 μου.

913 215 952 243 l9.
970 214 1095 242 Statuisti
1113 215 1139 242 in
1159 214 1220 242 loco
1233 213 1353 249 spatioso
1366 213 1448 248 ped‘es
1459 219 1546 240 meos.

61 258 107 285 20.
131 258 259 294 Ἐλέησόν
273 267 335 294 μου,
350 259 448 295 Κύριε,
462 260 503 287 ὅτι
520 260 662 296 θλίϐομαι·

913 261 948 287 ιο.
963 260 1091 288 Miserere
1106 259 1169 293 mei,
1188 259 1312 290 Domine.
1326 259 1455 294 quoniam
1469 258 1599 286 lribulor:

62 305 110 333 2|.
133 305 288 342 Ἐταράχθη
304 306 334 332 ὲν
350 305 428 342 θυμῷ
443 307 456 334 ὁ
471 306 610 343 ὀφθαλμός
623 316 673 343 μου
686 328 694 341 ,

913 307 948 334 tl.
965 307 1150 335 Conturbatus
1163 310 1205 334 est
1220 306 1248 334 in
1262 306 1302 333 ira
1316 305 1413 334 oculus
1425 312 1513 339 meus,

62 351 109 378 22.
129 351 162 377 Ἦ
179 351 252 386 ψυχή
268 359 329 386 μου,
347 351 420 386 καὶή
437 352 543 388 γαστήρ
559 361 621 388 μου.

913 354 949 380 ιε.
966 353 1065 380 Anima
1080 360 1150 385 mea.
1169 356 1197 380 et
1212 357 1306 380 venter
1319 359 1407 379 meus.

63 398 109 425 25.
125 397 188 424 Ὀτι
202 397 326 430 ἐξέλιπεν
337 398 367 424 ὲν
381 398 462 433 ὀδύνῃ
477 399 494 434 ἡ
507 397 563 433 ζωή
581 406 642 433 μου·

913 400 951 428 l5.
969 399 1104 433 Quoniam
1118 399 1217 427 defecit
1230 398 1257 425 in
1272 397 1365 426 dolore
1380 398 1434 425 vita
1449 404 1509 425 mea
1522 405 1529 430 ;

64 443 109 470 25.
121 443 176 470 Kal
188 443 222 470 τὰ
232 442 278 478 ἐτη
292 451 343 478 μου
359 443 388 470 ὲν
404 444 575 479 στεναγμοῖς.

913 446 949 473 M.
964 445 998 473 Et
1014 445 1077 474 anni
1094 445 1148 473 mei
1163 445 1191 472 in
1204 445 1358 480 gemitibus.

64 489 110 516 25.
135 488 298 524 Ἠσθένησεν
308 489 337 516 ἐν
351 489 474 525 πτωχείᾳ
491 491 508 525 ὴ
527 489 603 524 ίσχύς
623 497 684 525 μου·

913 492 954 519 25.
969 491 1107 519 Inﬁrmata
1124 495 1166 519 est
1182 491 1209 519 in
1221 493 1380 527 paupertate
1392 489 1479 516 virtus
1493 495 1552 516 mea
1565 497 1574 514 :

63 535 109 562 26.
133 536 190 562 Kal
203 535 236 563 τὰ
247 536 314 563 ὀστᾶ
326 545 377 572 μου
392 535 593 572 ἐταράχθησαν.

913 537 954 564 Ξϐ.
972 536 1005 564 Εῑ
1018 544 1079 565 ossa
1096 544 1154 564 mea
1170 536 1330 564 conturbata
1347 539 1419 562 sunt.

65 581 112 608 27.
137 581 218 618 Παρὰ
238 581 343 615 πάντας
373 582 438 614 τοὺς
463 581 577 617 ἐχθρούς
609 589 660 616 μου
691 580 822 616 ἐγενήθην

913 583 956 611 21.
978 583 1067 619 Super
1085 590 1181 612 omnes
1196 582 1323 610 inimicos
1335 587 1411 609 meos
1426 579 1513 607 factus
1527 585 1587 606 sum
1604 585 1654 614 op-

30 626 145 659 ϐνειδος·

913 629 1013 657 )brium
1027 639 1034 657 :

67 673 114 700 28.
128 672 184 699 Kal
200 673 256 704 τοῖς
272 672 376 707 γείτοσί
393 680 444 708 μου
461 673 573 710 σφόδρα,

913 674 956 703 28.
973 674 1006 702 Et
1016 675 1114 703 vicinis
1130 674 1198 702 meis
1210 674 1297 705 valde,

64 718 114 747 29.
130 718 186 745 Kal
198 717 279 753 φόϐος
291 719 348 750 τοῖς
360 720 489 753 γνωστοῖς
501 727 562 754 μου.

913 721 954 749 29.
967 721 1001 749 Et
1012 721 1095 749 timor
1106 721 1180 749 notis
1192 720 1270 748 meis.

67 763 114 791 ω.
130 763 163 790 Οἱ
179 762 344 799 θεωροῦντές
359 771 392 799 με
407 762 458 795 ἔξω
473 763 572 798 ἔφυγον
589 763 636 790 ἀπ’
653 763 731 799 ὲμοῖν

913 767 959 795 50.
976 767 1028 800 Qui
1040 766 1166 794 videbant
1182 773 1225 793 me
1240 764 1314 793 foras
1327 764 1454 800 fugerunt
1467 771 1482 792 a
1498 770 1542 790 me
1555 772 1563 790 :

67 809 114 837 51.
144 808 313 845 Ἐπελήσθην
326 809 392 836 ὡσεὶ
404 809 501 845 νεκρὸς
516 809 570 837 ἀπὸ
584 809 707 844 καρδίας·

913 815 957 842 51.
984 812 1120 841 Oblivioni
1149 811 1230 840 datus
1257 818 1318 838 sum
1343 815 1471 845 tanquam
1497 812 1620 836 mortuus
1641 815 1656 834 a

68 898 115 926 52.
133 898 280 934 Ἐγενήθην
292 898 358 926 ὡσεὶ
369 899 466 931 σκεῦος
482 899 630 930 ἀπολωλός.
840 889 861 917 Β
877 859 981 934 mgf]

70 945 117 972 55.
133 945 195 972 Ὀτι
208 946 313 980 ἡκουσα
326 945 408 980 ψόγον
432 945 538 972 πολλῶν
558 944 762 981 παροικούντων
778 953 825 971 κυ-

37 990 143 1017 χλόθενο

72 1037 118 1065 δι.
142 1037 186 1064 Ἔν
211 1035 251 1072 τῷ
276 1035 489 1071 ὲπισυναχθῆναι
511 1035 609 1068 αὐτοὺς
635 1035 693 1071 ἃμα
709 1035 752 1062 ἐπ’
766 1035 825 1072 ἐμὲ,

72 1083 119 1112 55.
134 1082 188 1110 Τοῦ
205 1082 297 1109 λαϐεῖν
309 1081 357 1118 τὴν
368 1082 455 1117 ψυχήν
473 1090 523 1117 μου
538 1081 739 1108 ἐϐουλεύσαντο.

71 1129 116 1157 56.
141 1128 212 1163 Ἐγὼ
223 1128 251 1155 δὲ
265 1128 311 1154 ἐπὶ
331 1128 382 1160 σοὶ,
396 1127 494 1164 Κύριε,
507 1127 618 1162 ἤλπισα.

74 1176 119 1203 57.
136 1174 218 1202 Εἴπω
233 1175 269 1202 Σὺ
282 1172 309 1201 εἴ
320 1174 334 1201 ὁ
344 1174 410 1206 Θεός
426 1181 486 1209 μου·

74 1222 119 1250 58.
140 1221 185 1250 Ἐν
196 1223 256 1254 ταῖς
271 1219 349 1256 χερσί
365 1229 411 1248 σου
429 1220 454 1247 οἱ
467 1219 564 1255 κλῆροι
582 1228 643 1255 μου.

74 1268 119 1295 59.
140 1267 235 1294 Ῥὖσαί
253 1275 287 1302 με
303 1267 336 1293 ἐκ
349 1266 440 1302 χειρὸς
455 1265 560 1302 ἐχθρῶν
577 1274 639 1301 μου,

76 1314 122 1342 ιο.
138 1313 194 1341 Καὶ
205 1314 236 1340 ὲκ
250 1312 305 1340 τῶν
319 1311 542 1340 καταδιωχόντων
557 1320 601 1347 με.

912 905 957 934 52.
975 904 1075 933 Factus
1087 912 1148 932 sum
1165 908 1295 940 tanquam
1311 911 1360 931 vas
1375 902 1520 938 perditum.

912 951 956 979 55.
985 950 1120 984 Quoniam
1148 950 1239 978 audivi
1260 949 1487 985 vituperationem
1511 946 1659 975 multorum

878 996 1111 1024 commorantium
1128 996 1156 1023 in
1169 995 1285 1024 circuitu
1301 1005 1308 1023 :

914 1042 998 1070 54.1η
1007 1050 1039 1070 eo
1048 1042 1111 1070 dum
1121 1037 1299 1070 convenirent
1308 1041 1358 1076 ipsi
1367 1040 1447 1068 simul
1457 1039 1598 1067 adversum
1605 1044 1662 1070 me,

916 1088 960 1116 55.
972 1088 1101 1123 Accipere
1119 1088 1238 1116 animam
1254 1095 1342 1116 meam
1359 1085 1496 1115 consiliati
1507 1089 1581 1113 sunt.

915 1134 961 1162 56.
980 1133 1036 1169 Ego
1047 1138 1138 1162 autem
1155 1135 1182 1162 in
1194 1138 1232 1168 te,
1244 1134 1369 1166 Domine,
1383 1131 1500 1168 speravi.

919 1179 964 1208 57.
980 1180 1052 1214 Dixi,
1067 1180 1138 1208 Deus
1152 1188 1230 1208 meus
1243 1188 1273 1208 es
1291 1184 1318 1207 tu
1334 1187 1343 1207 :
1364 1210 1370 1222 ἶ

917 1225 962 1254 58.
976 1225 1005 1253 lu
1021 1226 1149 1254 manibus
1168 1226 1223 1254 tuis
1236 1231 1323 1254 sortes
1337 1232 1414 1253 meae.

919 1271 964 1299 59.
979 1271 1060 1307 Eripe
1071 1278 1114 1299 me
1130 1271 1163 1300 de
1177 1279 1259 1299 manu
1276 1271 1449 1299 inimicorum
1465 1275 1600 1300 meorum,

918 1317 963 1345 40.
983 1317 1017 1345 Ει
1031 1325 1047 1345 a
1062 1317 1287 1354 persequentibus
1299 1324 1352 1344 me.

603 1389 789 1419 ATIIANASH
810 1391 1104 1425 INTERPRETATIO.

79 1461 122 1490 19.
146 1461 190 1488 Ἐν
203 1461 263 1493 ταῖς
279 1461 399 1493 ἐντολαῖς
412 1469 470 1488 σου.

914 1465 958 1492 19.
972 1465 1002 1493 In
1018 1465 1154 1494 mandatis
1169 1465 1234 1493 tuis.

79 1509 125 1536 20.
141 1508 202 1536 Ὀτι
215 1508 244 1535 ὲν
262 1508 319 1539 τοῖς
339 1506 505 1543 προλαϐοῦσι
529 1505 635 1542 χρόνοις
652 1515 696 1541 μοι
711 1506 825 1542 ἤμαρτόη

920 1511 965 1539 20.
987 1511 1122 1545 Quoniam
1141 1511 1285 1555 praeteritis
1299 1509 1470 1545 temporibus
1487 1507 1534 1536 tibi
1547 1505 1665 1543 peccavi.

49 1563 98 1582 σοι.

80 1600 126 1628 2i.
148 1599 218 1626 Ὑπὸ
228 1598 275 1626 τοῦ
285 1599 410 1627 διαϐόλου
425 1600 441 1634 ὴ
456 1598 560 1626 διάνοια
575 1607 636 1634 μου.

920 1601 964 1629 2|.
979 1602 1001 1628 Δ
1016 1601 1124 1629 diabolo
1143 1608 1219 1628 mens
1232 1607 1303 1628 mea.

80 1646 126 1674 22.
142 1646 199 1672 Καὶ
213 1646 229 1681 ἡ
247 1645 364 1681 γαστὴρ,
376 1645 518 1680 λέγει,τῆς
531 1645 618 1680 ψυχῆς
631 1652 691 1680 μου·
709 1644 779 1678 λέγω
791 1644 823 1680 δὴ

922 1647 967 1674 22.
986 1647 1018 1675 Et
1039 1651 1144 1680 venter,
1157 1647 1205 1679 ait,
1220 1646 1318 1673 animae
1335 1652 1402 1673 meae
1420 1652 1429 1672 ι
1452 1643 1523 1676 Ubi,
1545 1642 1667 1676 inquam,

51 1691 110 1718 ἔνθα
125 1691 271 1718 συνέλαϐον
281 1691 331 1726 τὴν
345 1690 491 1726 ἁμαρτίαν.

913 1693 1000 1728 incepi
1015 1696 1168 1728 peccatum.

81 1736 126 1778 25.
148 1736 193 1763 Ἐν
209 1736 342 1772 ἁμαρτίᾳ,
357 1735 441 1769 λέγει.

922 1740 967 1766 25.
984 1738 1012 1766 ln
1028 1744 1150 1774 peccato,
1166 1737 1241 1765 dicit.

81 1776 126 1809 Ἠ.
150 1782 180 1809 '0
192 1782 246 1814 πᾶς
259 1781 353 1817 χρόνος
369 1789 419 1816 μου
434 1780 600 1816 βαρούμενος
617 1780 669 1807 ὑπὸ
686 1777 825 1814 ἁμαρτιῶν

923 1784 968 1811 25.
986 1783 1073 1811 Omne
1088 1790 1179 1810 meum
1195 1787 1301 1816 tempus
1315 1785 1455 1816 gravatum
1471 1787 1485 1806 ιι
1499 1776 1626 1814 peccatis.

82 1827 127 1854 25.
152 1827 198 1853 Ἐν
212 1826 372 1862 ἀϐοηθησίᾳ.

924 1829 970 1857 25.
987 1828 1015 1856 ln
1030 1828 1125 1856 auxilii
1140 1828 1243 1863 inopia.

82 1872 127 1900 26.
141 1872 344 1908 Συμπέφυρμαι
357 1873 391 1907 τῇ
403 1871 534 1907 ἁμαρτίᾳ.

923 1875 970 1904 26.
986 1875 1132 1911 Subjectus
1147 1879 1174 1902 et
1191 1873 1353 1901 commistus
1366 1879 1426 1899 sum
1442 1874 1564 1906 peceato.

84 1921 129 1948 27.
146 1920 185 1956 (Ι)
199 1919 314 1952 Πάντες,
336 1918 421 1953 λέγει,
436 1919 459 1945 οί
476 1916 567 1953 ἐχθροί
589 1924 650 1951 μου,
663 1916 800 1942 τουτέστιν
815 1922 825 1940 c

926 1921 971 1949 27.
985 1920 1097 1953 Omnes,
1120 1919 1219 1956 inquit,
1238 1917 1341 1946 inimici
1357 1917 1422 1949 mei,
1447 1916 1498 1942 hoc
1516 1918 1558 1942 est
1572 1914 1679 1941 (ῐωῐηοι

53 1966 176 2002 δαίμονες
196 1964 265 2001 μετὰ
277 1965 307 1991 τὸ
322 1963 480 2000 ἁμαρτῆσαί
499 1971 543 1998 με,
566 1961 721 1995 ὀνειδίζουσί
733 1969 775 1996 με.

913 1974 950 1997 es,
969 1971 1115 2001 postquam
1139 1973 1189 2001 ego
1204 1964 1324 2000 peccavi,
1347 1970 1391 1990 me
1402 1961 1513 1997 probris
1524 1960 1652 1988 afﬁciunt.

87 2013 132 2040 28.
148 2013 180 2039 Οἱ
196 2013 225 2038 ὲν
239 2011 300 2046 ἐμοὶ
317 2010 453 2046 μένοντες.

926 2011 972 2038 ‘28.
986 2011 1037 2044 Qui
1055 2011 1083 2038 in
1100 2018 1143 2038 me
1155 2014 1276 2043 manent,

87 2059 130 2086 29.
151 2058 184 2085 Οῑ
201 2058 229 2085 δὲ
242 2057 342 2092 γνῶσιν
371 2057 478 2092 ἔχοντες
492 2055 609 2090 ὁρῶντές
627 2062 659 2089 με
685 2052 825 2087 φοϐοῦνται

927 2056 973 2084 29.
990 2056 1041 2090 Qui
1058 2060 1147 2084 autem
1164 2059 1343 2091 cognoscunt,
1358 2054 1479 2082 videntes
1500 2060 1545 2080 me
1568 2052 1676 2083 timent,»

59 2105 92 2139 μὴ
106 2104 133 2131 δὲ
145 2104 223 2131 αὐτοὶ
237 2103 323 2135 οὕτως
332 2102 495 2138 ἡττηθῶσιν.

913 2111 928 2129 e
941 2103 993 2138 ipsi
1009 2102 1175 2138 quandoque
1182 2102 1309 2130 similiter
1321 2100 1509 2129 succumbant.

91 2149 133 2176 50.
149 2150 182 2177 Οἱ
193 2149 303 2184 ἄγγελοί
315 2136 361 2175 σου
373 2136 520 2183 ἀφίσταντο
537 2146 583 2173 ἀπ’
600 2144 677 2180 ἐμοῦ.

926 2136 970 2176 56.
984 2136 1078 2184 Angeli
1093 2136 1138 2176 tui
1152 2157 1168 2176 a
1181 2156 1224 2176 me
1241 2148 1435 2176 discesserunt.

89 2195 131 2223 5L
149 2196 222 2222 Ὧσεὶ
236 2195 273 2231 (2)
299 2195 394 2231 νεκρὸς
422 2193 491 2229 λήθη
515 2192 619 2227 γίνεται
647 2190 700 2217 ἀπὸ
728 2187 824 2223 καρδία

928 2195 973 2222 5|.
988 2194 1066 2223 Sicut
1081 2200 1207 2223 mortuus
1221 2194 1351 2222 oblivioni
1368 2193 1482 2220 traditur
1494 2191 1521 2218 in
1538 2190 1619 2219 corde
1633 2189 1675 2218 vl—

59 2241 108 2267 τῶν
120 2241 239 2274 ζώντων,
261 2240 345 2271 οὕτως
359 2239 436 2274 κάγὼ
452 2239 593 2274 ἐγενόμην.

913 2242 1027 2275 enlium,
1042 2242 1079 2269 ita
1091 2245 1118 2268 et
1128 2249 1179 2277 ego
1195 2241 1283 2268 factus
1300 2248 1372 2268 sum.

92 2290 134 2317 52.
152 2290 306 2325 Ἀχρηστον
316 2288 401 2322 λέγει.

929 2287 973 2315 52.
991 2287 1099 2320 Inutile,
1114 2288 1212 2323 inquit.

91 2336 134 2362 55.
153 2335 192 2370 (5)
204 2335 266 2361 Ὀτι
279 2333 370 2361 ἀκούω
385 2333 439 2360 τῶν
451 2332 585 2368 δαιμόνων
600 2331 781 2363 ὀνειδιζόντων
808 2340 825 2366 μ

931 2333 977 2360 55.
990 2333 1127 2366 Quoniam
1150 2334 1232 2361 audio
1250 2334 1387 2362 danuones
1401 2331 1596 2368 opprobrantes
1611 2329 1682 2357 mihi

62 2379 87 2404 ὲν
97 2381 128 2415 τῇ
142 2378 242 2414 καρδίᾳ.
257 2386 318 2413 μου.

916 2389 922 2406 ι
935 2379 1017 2407 corde
1032 2388 1104 2408 meo.
1353 2410 1356 2416 _

95 2423 138 2454 54,
158 2423 204 2451 55.
237 2423 299 2449 Ἐπὶ
324 2423 356 2450 τὸ
382 2423 449 2450 αὐτὸ
462 2421 590 2456 γεγόνασι
609 2421 656 2448 τοῦ
679 2422 825 2457 αἰχμαλωτί

931 2425 978 2458 54,
992 2425 1037 2453 55.
1050 2425 1118 2453 Cum
1134 2425 1216 2453 simul
1229 2425 1385 2460 congregati
1400 2428 1474 2458 sunt,
1489 2428 1520 2451 ut
1535 2431 1578 2450 mc
1593 2422 1679 2457 capti-

63 2476 103 2496 σαι
119 2477 162 2504 με.

914 2477 960 2497 um
974 2470 1114 2498 ducerent.

94 2514 136 2546 56,
150 2515 196 2542 57.
219 2515 290 2549 Ἐγὼ
303 2515 331 2541 δὲ
346 2514 392 2541 ἐπὶ
413 2514 454 2541 col
480 2513 593 2550 ἧλπισα,
605 2514 645 2540 ὅτι
661 2513 690 2546 ἐξ
699 2513 787 2539 αὐτῶν
798 2513 825 2539 λυ

931 2515 976 2548 56,
990 2515 1035 2543 57.
1056 2515 1112 2551 Ego
1125 2521 1214 2544 autem
1231 2515 1257 2542 in
1274 2519 1310 2548 te,
1327 2513 1452 2545 Domine,
1474 2521 1591 2548 speravt,
1608 2511 1682 2547 quod

68 2559 148 2597 τρώσῃ
169 2570 203 2596 με
219 2560 268 2595 (ι).
280 2561 313 2587 σὺ
327 2559 381 2595 γὰρ
393 2557 418 2586 εἴ
427 2561 441 2586 ὁ
455 2559 521 2592 Θεός
532 2568 593 2595 μου.

913 2570 942 2589 ne
954 2562 988 2590 ab
1002 2562 1055 2590 illis
1071 2562 1200 2589 liberabis
1212 2571 1218 2592 ;
1231 2567 1259 2589 tu
1275 2561 1347 2588 enim
1359 2568 1389 2588 es
1403 2559 1474 2587 Deus
1488 2567 1574 2586 meus.

97 2605 139 2632 58.
161 2606 206 2632 Ἐν
219 2607 278 2637 ταῖς
292 2606 369 2641 χερσί
386 2614 432 2631 σου
446 2604 532 2640 ἔθηκα
541 2605 590 2640 τὴν
601 2604 688 2639 ψυχήν
704 2612 764 2639 μου.

935 2607 980 2634 58.
996 2606 1024 2634 ln
1040 2607 1166 2634 manibus
1182 2607 1235 2634 tuis
1249 2605 1326 2641 posui
1342 2605 1460 2632 animam
1476 2611 1574 2630 meam.

97 2650 138 2684 59,
152 2651 197 2679 40.
211 2651 272 2678 Τῶν
285 2650 414 2678 ἐναντίων
428 2651 576 2686 δυνάμεων,
591 2650 676 2684 λέγει.

936 2650 981 2684 59,
997 2650 1042 2678 40.
1056 2651 1079 2677 Δ
1094 2651 1240 2678 contrariis
1255 2649 1435 2685 potestatibus
1464 2647 1562 2681 inquit.

535 2708 689 2739 Addenda
705 2711 736 2739 et
751 2708 941 2748 corrigenda
965 2719 1004 2740 ex
1020 2710 1090 2741 cod.
1109 2709 1208 2741 Vatia.

101 2758 138 2794 (Ι)
153 2759 240 2792 N.27,
254 2760 301 2792 28.
315 2760 360 2788 ‘29.
377 2759 501 2794 Λέγει,οί
515 2757 606 2793 ἐχθροί
624 2767 685 2792 μου,
700 2762 764 2794 είς..
777 2758 820 2784 ὸνε

937 2760 976 2794 (5)
997 2759 1031 2787 Ν.
1046 2760 1090 2787 55.
1107 2759 1220 2790 Ἀκούω,
1231 2763 1295 2793 etc.,
1311 2766 1354 2794 με.
1368 2756 1400 2784 Ν.
1416 2756 1459 2789 δι,
1478 2754 1522 2781 Ἐν
1535 2754 1568 2790 τῇ
1586 2751 1686 2789 καρδίᾳ

71 2792 164 2831 δῑζορσί
180 2804 236 2830 μοι,
254 2796 278 2822 οἱ
297 2796 325 2822 ὲν
339 2795 409 2831 ἐμοί,
421 2792 487 2827 οἱα,
504 2792 600 2830 Mm
610 2794 685 2820 αὐτοὶ
699 2793 784 2825 οὕτως
799 2794 825 2828 ὴε

913 2792 971 2831 mu.
981 2795 1014 2822 N.
1027 2795 1083 2831 55.,
1093 2795 1120 2821 ‘E
1127 2795 1163 2828 πί,
1174 2799 1226 2822 elc.

73 2829 204 2899 τηὶιξςσινὸς
225 2866 239 2892 ὁ
356 2829 361 2831 ⁷
907 2829 911 2831 ’
941 2830 980 2866 (4)
994 2829 1147 2865 Λυτρώσεις
1168 2838 1210 2865 με.

1292 2905 1321 2914 ,μ
1350 2907 1382 2914 .,«
