1919 3051
243 181 294 211 759

277 243 321 269 4i.
335 241 441 269 lllustra
461 241 557 269 faciem
574 244 648 268 tuam
663 248 744 274 super
763 247 872 267 servum
888 244 962 266 tuum
977 248 984 265 :

275 331 321 359 42.
339 330 449 358 Salvum
466 339 508 358 me
517 330 560 357 l'ac
571 329 598 356 in
610 329 796 356 misericordia
812 334 865 356 tua.

276 378 320 405 45.
335 377 458 409 Domine,
471 384 524 404 non
537 375 699 409 confundar,
708 376 836 411 quoniam
849 376 972 403 invocavi
985 382 1019 404 te.

275 474 320 502 44.
332 473 501 502 Erubescant
511 473 596 508 impii,
610 477 636 500 et
649 472 817 500 deducantur
827 472 854 499 in
867 472 1018 500 infernum:

275 560 320 588 45.
336 560 409 587 Muta
423 561 489 588 iiant
501 561 572 588 labia
587 562 692 593 dolosa,

275 606 318 633 46.
334 605 400 639 Qua:
412 607 561 641 loquuntur
572 608 703 636 adversus
719 609 822 644 justum
838 609 1020 644 iniquitatem,

274 650 319 676 47.
335 651 363 677 In
376 652 501 686 superbia
516 657 543 679 et
559 657 726 687 contemptu.

274 695 318 722 48.
335 695 421 728 Quam
440 705 537 733 magna
554 699 699 726 multitudo
722 698 874 727 dulcedinis
888 703 950 731 “13?,
967 697 1018 726 Do-

241 749 314 768 mine
329 751 335 768 Σ

275 787 320 814 49.
339 786 426 820 Quam
440 788 608 815 abscondisti
625 789 783 817 timentibus
798 794 823 818 te
836 799 843 817 :

275 832 319 860 50.
334 832 476 861 Perfecisti
489 834 539 867 eis,
553 835 599 869 qui
614 841 724 870 sperant
738 837 764 863 in
780 841 816 869 te,

275 879 319 906 5i.
337 879 364 906 lu
379 887 527 915 conspectu
547 882 662 909 ﬁliorum
677 883 829 911 hominum.

273 924 317 952 ΒΞ.
333 926 490 955 Abscondes
506 936 554 956 eos
571 929 598 956 in
612 930 771 958 abscondito
789 929 866 957 faciei
879 933 942 963 tuae,

271 1013 316 1042 55.
330 1015 351 1041 Α
367 1016 574 1043 conturbatione
589 1017 728 1045 hominum
744 1027 750 1045 :

274 1059 319 1086 54.
336 1060 464 1096 Protegcs
481 1069 528 1089 cos
540 1063 566 1089 in
583 1063 759 1091 tabernaculo
771 1071 786 1090 a
802 1063 1019 1091 contradictione

237 1105 403 1140 linguarum.

274 1151 318 1178 55.
345 1151 506 1181 Benedictus
531 1155 683 1195 Dominus,
709 1156 839 1190 quoniam
865 1155 1020 1183 miriﬁcavit

239 1197 454 1226 misericordiam
472 1208 550 1227 suam
567 1202 593 1228 in
606 1203 715 1229 civitate
728 1203 841 1230 munita.

273 1243 316 1270 56.
332 1243 389 1279 Ego
403 1251 493 1273 autem
508 1247 563 1274 dixi
579 1247 606 1274 in
624 1256 736 1275 excessu
752 1249 852 1275 mentis
868 1255 935 1275 mea:
949 1257 955 1274 :

273 1289 317 1316 57.
331 1289 471 1326 Projectus
488 1300 548 1319 sum
564 1302 580 1320 a
595 1294 663 1322 faeie
677 1295 818 1322 oculorum
832 1299 951 1322 tuorum.

273 1335 317 1362 58.
334 1335 397 1364 Ideo
422 1339 558 1366 exaudisti
583 1347 676 1367 vocem
701 1341 833 1368 orationis
854 1349 930 1374 meae,
954 1342 1018 1368 dum

238 1379 385 1407 clamarem
403 1382 435 1408 ad
449 1386 485 1409 te.

273 1425 318 1452 59.
336 1425 444 1461 Diligitc
458 1427 615 1462 Dominum,
628 1437 723 1457 omnes
737 1431 824 1458 sancti
840 1431 914 1466 ejus:

661 179 688 207 S.
713 178 898 207 ATHANASII
918 179 992 207 OPP.
1014 179 1104 206 PARS
1121 179 1164 206 Ill.
1185 194 1218 199 —-
1239 176 1444 204 EXEGli'IlCA.

1807 175 1851 202 760

1037 245 1060 269 Α
1109 249 1153 275 4|.
1189 248 1335 281 Ἐπὶφανον
1361 245 1391 272 τδ
1416 243 1559 280 πρόσωπόν
1584 252 1629 270 σου
1664 243 1712 270 ἐπὶ
1735 243 1780 270 τὸν
1799 243 1852 270 δρῦ-

1072 295 1116 321 λόν
1129 303 1174 320 σου
1182 303 1188 308 ·

1109 339 1154 365 4‘2.
1167 338 1258 364 Σῶσόν
1273 346 1305 372 με
1323 338 1353 364 ὲν
1366 336 1405 372 τῷ
1421 335 1490 362 ἐλέει
1500 344 1557 362 σου.
1600 356 1603 358 .

1108 385 1153 412 45.
1174 383 1271 420 Κύριε,
1302 383 1339 418 μὴ
1367 382 1602 417 καταισχυνθείην.
1632 381 1671 408 ὅτι
1694 381 1854 408 ἐκκαλεσά-

1073 438 1382 510 μηέιίῗελλίσχυνθείησαν
1395 473 1513 505 ἀσεϐεῖς,
1531 480 1578 500 και
1605 473 1805 508 καταχθείησαν
1817 474 1853 504 Li;

1118 531 1143 548 υ.

1171 567 1275 594 Ἀλαλα
1289 566 1429 602 γενηθήτω
1441 565 1476 592 τὰ
1492 565 1568 600 χείλη
1582 564 1616 591 τὰ
1635 565 1722 595 δόλια,

1106 613 1150 640 46.
1163 613 1203 639 Τὰ
1221 612 1352 640 λαλοῦντα
1365 611 1435 638 κατὰ
1460 610 1508 637 τοῦ
1522 611 1625 637 δικαίου
1642 611 1770 645 ἀνομίαν,

1106 659 1150 686 47.
1168 659 1212 685 Ἐν
1225 657 1399 694 ὑπερηφανίᾳ⁵
1419 657 1466 684 καὶ
1479 656 1662 690 ἐξουδενώσει.

1106 705 1150 732 48.
1170 705 1215 736 Ὠς
1236 704 1304 730 πολὺ
1331 703 1362 730 τὸ
1389 703 1490 738 πλῆθος
1516 703 1565 738 τῆς
1586 702 1771 738 χρηστότητός
1799 710 1854 734 σου,

1069 753 1164 787 Κύριε·

1074 792 1077 795 .
1104 799 1148 826 49.
1168 797 1222 831 ἾΙς
1236 798 1357 835 ἔκρυψας
1370 798 1426 829 τοῖς
1441 795 1617 832 φοϐουμένοις
1631 804 1672 824 σε.

1103 845 1147 872 50.
1165 845 1328 879 Ἐξειργάσω
1341 845 1396 874 τοῖς
1409 842 1562 874 ἐλπίζουσιν
1575 842 1621 868 ἐπὶ
1639 841 1678 874 σὲ,

1045 913 1055 925 ,
1105 891 1148 918 5i.
1171 890 1306 917 Ἐναντίον
1320 889 1374 916 τῶν
1389 888 1454 915 υἱῶν
1467 888 1521 914 τῶν
1535 887 1694 922 ἀνθρώπων.

1108 937 1152 963 5‘2.
1166 935 1360 971 Κατακρύψεις
1372 934 1470 965 αὐτοὺς
1485 934 1512 960 ἐν
1534 933 1684 969 ἀποκρύφῳ
1708 932 1758 959 τοῦ
1774 941 1856 969 προσ-

1072 985 1146 1010 ώπου
1161 991 1218 1013 σου,

1105 1031 1149 1057 53.
1171 1029 1238 1056 Ἀπὸ
1252 1028 1290 1064 (a)
1305 1028 1426 1063 ταραχῆς
1438 1027 1486 1054 ἀνο
1492 1026 1599 1062 ρώπων·

1105 1077 1149 1103 54.
1169 1075 1321 1106 Σχεπάσεις
1342 1074 1441 1105 αὐτοὺς
1465 1074 1494 1100 ὲν
1520 1074 1605 1109 σκηνῇ
1630 1072 1684 1099 ἀπὸ
1702 1070 1856 1105 ἀντιλογίας

1074 1122 1209 1154 (λωσσῶν.

1161 1167 1313 1203 Εὐλογητὸς
1324 1167 1434 1202 Κύρίος,
1460 1167 1501 1193 ὅτι
1525 1165 1721 1200 ἐθαυμάστωσε
1736 1163 1769 1190 τὸ
1785 1163 1858 1194 ἕλεος

1066 1214 1148 1241 αὑτοῦ
1159 1215 1188 1240 ἐν
1200 1214 1275 1240 πόλει
1290 1206 1443 1249 περιοχῆς.⁴

1102 1261 1146 1288 56.
1163 1260 1233 1294 Ἐγὼ
1243 1260 1271 1286 δὲ
1284 1258 1349 1286 εἶπα
1360 1261 1389 1286 ὲν
1401 1261 1433 1294 τῇ
1446 1259 1570 1286 ἐκστάσει
1585 1265 1646 1294 μου·

1101 1307 1146 1333 57.
1162 1306 1349 1342 Ἀπέρῤιμμαι
1361 1305 1415 1332 ἀπὸ
1423 1305 1568 1340 προσώπου
1582 1304 1634 1331 τῶν
1641 1301 1790 1338 ὀφθαλμῶν
1801 1310 1858 1327 σου.

1108 1351 1152 1378 58.
1165 1352 1213 1378 Διὰ
1224 1351 1302 1377 τοῦτο
1319 1351 1481 1383 εἱσήκουσας
1494 1350 1544 1385 τῆς
1569 1349 1661 1384 φωνῆς
1675 1348 1726 1383 τῆς
1738 1346 1857 1383 δεήσεώς

1075 1406 1136 1432 μου⁹
1148 1398 1176 1423 ὲν
1189 1396 1227 1431 τῷ
1243 1396 1406 1431 κεκραγέναι
1423 1405 1455 1431 με
1474 1395 1540 1430 πρὸς
1552 1395 1591 1422 σέ.

1109 1441 1153 1468 59.
1187 1440 1359 1475 Ἀγαπήσατε
1394 1440 1438 1466 τὸν
1466 1439 1582 1475 Κύριον,
1611 1438 1711 1470 πάντες
1740 1438 1767 1464 οἱ
1793 1437 1862 1464 ὅσιοι

1073 1495 1166 1513 αυτου·

275 1523 312 1558 (α)
338 1523 370 1551 γ.
471 1527 546 1560 Ἀπό,
573 1533 643 1562 etc.,
672 1529 779 1561 αὐτούς.
798 1530 831 1556 ν.
857 1531 900 1558 54.
933 1531 977 1558 Ἑν
997 1539 1048 1566 σκη

1112 1537 1164 1559 etc.

796 1587 982 1615 ATIIANASII
1002 1587 1289 1616 lNTEBPRETATlO.

274 1637 318 1669 Η,
334 1638 380 1666 42.
396 1639 481 1667 Visita
498 1648 543 1669 me
555 1650 662 1670 servum
687 1649 773 1677 tuum,
794 1650 821 1672 et
840 1646 913 1672 salva
931 1653 974 1673 me
992 1647 1018 1673 in
1034 1649 1048 1679 (

1107 1646 1151 1679 4i,
1166 1646 1210 1673 42.
1232 1646 1397 1682 Ἐπισκοπὴν
1424 1645 1537 1681 ποίησόν
1554 1653 1605 1680 μου
1624 1643 1672 1671 τοῦ
1686 1643 1783 1670 δούλου
1805 1651 1865 1672 οων

239 1683 425 1712 misericordia
437 1690 493 1712 tua.

274 1729 319 1757 43.
340 1729 378 1758 Ne
395 1731 530 1766 despicias
545 1741 598 1761 me.

274 1776 319 1802 44.
333 1775 484 1805 Dazmones.

273 1822 317 1850 45.
336 1823 487 1858 Aggressus
500 1825 704 1852 immundorum
723 1827 879 1862 spirituum.

272 1869 318 1896 46.
332 1868 434 1897 Contra
450 1870 534 1898 Deum
552 1876 580 1898 ct
597 1879 690 1900 servos
704 1873 772 1907 ejus.

274 1915 320 1942 47.
338 1915 368 1942 1n
381 1916 512 1950 jactantia
523 1922 549 1944 et
563 1918 751 1952 despicientia.

274 1961 319 1994 48,
337 1962 382 1989 49.
404 1962 542 1990 Bonorum
565 1968 674 1991 tuorum
685 1985 692 1997 ,
708 1973 770 2000 qum
786 1968 944 2001 praeparasti
961 1976 1022 1995 san-

239 2009 292 2036 ctis
308 2009 373 2036 tuis.

275 2054 320 2081 50.
338 2053 563 2089 lncomparabilia
581 2057 682 2091 parasti
696 2058 868 2092 sperantibus
883 2060 909 2086 in
924 2064 959 2086 te.

276 2100 321 2127 5i.
337 2099 366 2126 ln
381 2106 529 2135 conspectu
550 2109 645 2128 eorum
661 2103 708 2137 qui
724 2110 739 2129 a
754 2103 873 2131 sinistris
901 2105 1021 2132 stabunt.

277 2146 322 2173 52.
335 2146 479 2174 Custodies
494 2154 542 2174 eos
556 2149 584 2174 in
600 2148 670 2175 Filio
684 2154 740 2176 tuo.

274 2191 318 2219 55.
330 2192 351 2218 A
363 2195 497 2226 potestate
511 2193 652 2220 hominum
666 2195 785 2229 eripiens
798 2195 883 2230 gratia
903 2201 961 2222 tua.

275 2281 320 2310 54.
334 2281 478 2309 Custodies
491 2289 539 2310 eos
552 2283 579 2310 in
596 2284 782 2317 tabernaculo,
799 2285 871 2319 quod
889 2285 1024 2320 compegit

241 2328 372 2355 Dominus
389 2329 416 2355 in
432 2328 518 2355 caelis.

277 2374 322 2401 55.
341 2373 531 2408 Multiplicavit
547 2375 763 2403 miscricordiam
784 2384 861 2402 suam
878 2383 958 2410 super
975 2385 1023 2411 po-

241 2420 334 2454 pulum
346 2420 473 2446 ﬁdelem.‘

275 2465 321 2498 56,
338 2465 383 2493 57.
398 2464 454 2499 Ego
465 2469 555 2491 autem
569 2465 626 2491 dixi
642 2465 669 2492 in
682 2470 793 2499 peccato
806 2474 878 2494 meo.

276 2511 321 2538 58.
339 2511 408 2544 Quia
426 2511 568 2539 confessus
581 2518 641 2538 sum
654 2511 700 2538 tibi
715 2517 824 2546 peccata
848 2521 907 2540 mea
921 2513 947 2540 in
969 2513 1021 2540 bu-

242 2558 355 2586 militate
383 2558 474 2586 cordis
504 2558 578 2592 mei,
605 2558 741 2586 exaudisti
770 2559 898 2594 gemitum
925 2561 1023 2586 anima:

242 2612 317 2631 mea).

275 2650 320 2678 59.
345 2650 446 2679 Omnes
477 2652 524 2687 qui
547 2651 644 2679 odistis
665 2651 809 2686 improba,
829 2651 934 2686 diligite
971 2651 1024 2678 Do-

242 2703 355 2732 mnium.

1071 1692 1118 1719 καὶ
1133 1692 1218 1718 σῶσόν
1235 1700 1268 1727 με
1280 1693 1309 1718 ὲν
1322 1692 1361 1727 τῷ
1377 1692 1445 1718 ἐλέει
1458 1700 1515 1718 σου.

1105 1738 1150 1764 43.
1168 1738 1213 1772 Μὴ
1225 1737 1384 1773 παρακούῃς
1397 1745 1448 1772 μου
1461 1736 1514 1771 (1).

1108 1784 1153 1811 44.
1174 1784 1206 1810 Οἱ
1218 1784 1355 1818 δαίμονες.

1107 1829 1152 1856 43.
1167 1830 1201 1856 At
1221 1829 1340 1856 εἰσϐολαὶ
1357 1829 1395 1863 (2)
1419 1828 1474 1855 τῶν
1500 1827 1662 1863 ἀκαθάρτων
1688 1826 1863 1862 πνευμάτων.

1109 1875 1152 1901 46.
1170 1875 1248 1901 Κατὰ
1262 1874 1308 1901 τοῦ
1322 1874 1389 1900 Θεοῦ
1408 1875 1454 1901 καὶ
1469 1874 1523 1900 τῶν
1535 1874 1628 1900 αὐτοῦ.

1107 1921 1150 1948 47.
1170 1921 1213 1946 Ἐν
1224 1920 1368 1955 ἀλαζονεία
1381 1921 1429 1946 καὶ
1444 1920 1588 1955 ὑπεροψίᾳ.

1107 1966 1151 1998 48,
1165 1966 1210 1993 49.
1225 1965 1284 1992 Τῶν
1298 1965 1407 1999 ἀγαθῶν
1421 1974 1478 1998 σου,
1493 1962 1530 1992 ὦν
1542 1965 1692 2000 ἡτοίμασας
1710 1968 1768 1998 τοῖς
1779 1968 1867 2002 ἁγίοις

1072 2019 1131 2037 σου.

1109 2056 1154 2084 50.
1170 2056 1334 2092 Ἀσύγκριτα
1350 2056 1518 2092 ηὑτρέπισας
1529 2057 1586 2087 τοῖς
1597 2056 1752 2088 ἐλπίζουσιν
1763 2059 1810 2085 ἐπὶ
1825 2059 1864 2085 σὲ.

1109 2102 1153 2129 5|.
1175 2101 1305 2128 Ἐνώπιον
1318 2102 1372 2128 τῶν
1387 2101 1416 2134 ἐξ
1431 2101 1583 2137 ἀριστερῶν
1597 2101 1722 2128 ἑστώτων

1109 2147 1152 2174 5‘2.
1169 2147 1298 2180 Φυλάξεις
1314 2148 1412 2179 αὐτοὺς
1428 2148 1457 2173 ὲν
1469 2147 1509 2183 τῷ
1521 2147 1577 2181 Υίῴ
1590 2156 1645 2173 σου.

1109 2193 1152 2220 55.
1169 2193 1207 2228 (5)
1240 2193 1306 2220 Ἀπὸ
1339 2193 1497 2225 δυναστείας
1528 2185 1678 2228 ἁνθρώῆων
1710 2194 1866 2230 ῥυσάμενος

1075 2241 1106 2274 τῇ
1122 2239 1212 2274 χάριτί
1226 2248 1283 2265 σου.

1110 2285 1153 2311 54.
1182 2284 1312 2316 Φυλάξεις
1340 2285 1440 2316 αὐτοὺς
1454 2286 1483 2310 ὲν
1496 2285 1529 2320 τῇ
1554 2286 1650 2320 σκηνῇ,
1678 2285 1712 2311 ἦν
1736 2286 1837 2321 ἔπηξεν
1855 2288 1868 2313 ὀ

1076 2330 1176 2365 Κύριος
1193 2331 1221 2356 ἐν
1233 2331 1289 2362 τοῖς
1300 2330 1434 2366 οὐρανοῖς.

1176 2375 1324 2411 Ἐπλήθυνε
1339 2376 1370 2402 τὸ
1391 2376 1463 2407 ἔλεος
1489 2375 1572 2402 αὑτοῦ
1598 2375 1645 2403 ἐπὶ
1669 2376 1715 2402 τὸν
1741 2375 1808 2403 λαὸν
1821 2377 1868 2404 τὸν

1073 2423 1174 2449 πιστόν.

1108 2469 1153 2501 56,
1170 2469 1213 2496 57.
1238 2468 1307 2503 Ἐγὼ
1318 2469 1346 2495 δὲ
1358 2467 1424 2495 εἶπα
1435 2469 1463 2496 ἐν
1477 2471 1509 2504 τῇ
1524 2468 1645 2504 ἁμαρτίᾳ
1660 2477 1720 2503 μου.

1112 2515 1155 2542 58.
1169 2515 1219 2542 Διὰ
1232 2515 1262 2541 τὸ
1279 2515 1525 2550 ἐξομολογήσασθαι
1542 2523 1583 2541 σοι
1595 2514 1644 2545 τὰς
1658 2515 1798 2550 ἁμαρτίας
1813 2524 1866 2550 μου

1075 2560 1105 2587 ὲν
1127 2559 1289 2586 ταπεινώσει
1312 2561 1361 2595 τῆς
1391 2560 1505 2596 καρδίας
1530 2568 1598 2594 μου,
1626 2561 1791 2596 είσήκουσας
1819 2561 1866 2587 τοῦ

1076 2606 1176 2641 δερμοῦ
1188 2605 1226 2640 (4)
1237 2606 1286 2640 τῆς
1301 2606 1391 2641 ψυχῆς
1406 2615 1467 2641 μου.

1113 2651 1156 2678 59.
1174 2651 1277 2683 Πάντες
1291 2653 1322 2678 'ot
1341 2652 1484 2687 μισοῦντες
1503 2651 1608 2688 πονηρὰ
1630 2651 1680 2687 (5),
1699 2651 1866 2687 ἀγαπήσατε

1077 2696 1123 2723 τὸν
1139 2697 1250 2732 Κύριον.

716 2753 870 2785 Addenda
889 2758 918 2784 ct
934 2754 1121 2794 corrigenda
1138 2763 1177 2785 ex
1195 2755 1265 2785 cod.
1285 2755 1386 2786 Vatic.

338 2849 471 2880 Ἐκϐολαί,
485 2855 536 2877 etc.

277 2884 317 2920 (3)
330 2884 361 2911 N.
375 2884 512 2923 55.1116,
527 2891 590 2919 ctc.,
606 2885 731 2920 φυλάξεις
752 2885 857 2917 αὐτοῦς.
877 2885 908 2914 Ν.

276 2814 315 2872 $3,)
329 2814 426 2858 Ιςιῖρριεζ
441 2823 477 2857 μῖη
496 2815 671 2851 παρικούσῃς
686 2823 747 2850 μου.

292 2852 316 2881 ..)
346 2850 471 2880 Εκϐολαι,
485 2855 536 2877 etc.

1079 2817 1215 2859 152.9%»
1291 2849 1300 2854 -

1116 2850 1153 2882 (4)
1173 2850 1313 2884 Ὀδυρμιιῡ.

1117 2885 1154 2920 (εἰ)
1171 2886 1228 2912 Πᾶν
1245 2885 1367 2920 πςνηρόν.
