1919 3051
58 167 105 194 76!
505 163 549 191 DE
569 163 709 193 TITULIS
730 163 957 191 PSALMORUM.
977 177 1013 184 —
1031 162 1130 192 PSAL.
1156 162 1252 190 XX-Xl.
1639 163 1691 192 762

93 226 141 253 60.
153 225 215 251 Ὀτι
231 223 360 260 ἀληθείας
374 223 484 259 ὲκξητεϊ
499 224 610 259 Κύριος.

93 272 139 298 (il.
171 271 227 297 Καὶ
251 270 447 298 ἀνταποδίδωσι
474 272 530 302 τοῖς
559 270 696 306 περισσῶς
730 269 853 296 ποιοῦσιν

59 317 110 343 ima
116 316 261 352 ρηφανίαν.

95 363 143 390 62.
164 361 346 398 Ἀνδρίζεσθε,
362 361 409 388 καὶ
423 361 614 397 κραταιούσθω
628 362 644 396 ἡ
657 361 756 397 καρδία
767 360 855 396 ὑμῶν,

93 409 138 435 63.
151 409 256 440 Πάντες
269 409 293 434 οἱ
309 407 463 439 ἐλπίζοντες
477 408 524 433 ἐπὶ
534 407 646 443 Κύριον.

115 454 238 489 Ψαλμὸς
254 453 296 486 τῷ
317 453 415 480 Δαϐίδ·
436 454 602 486 συνέσεως.
620 454 706 480 ΨΑΛ.
720 452 785 480 AA'.

94 499 121 526 1.
134 499 285 534 Μακάριοι,
301 495 338 525 ὧν
359 499 499 534 ἀφέθησαν
514 499 541 525 αἱ
554 499 676 533 ἀνομίαι·

92 544 121 572 2.
132 544 188 570 Καὶ
201 541 238 570 ὢν
252 543 484 579 ὲπεκαλύφοησαν
497 545 525 570 αἱ
538 545 680 580 ἁμαρτίαι.

93 590 121 616 5.
151 589 296 625 Μακάριος
314 590 393 626 ἀνὴρ,
424 587 446 624 ᾧ
469 590 500 616 οὐ
528 590 564 626 μὴ
587 590 728 625 λογίσηται
754 590 855 626 Κύριος

61 635 211 670 ἁμαρτίαν·

93 681 120 708 4.
138 680 207 707 Οὐδὲ
221 681 297 707 ἐστιν
310 682 339 708 ἐν
352 681 390 716 τῷ
403 682 516 716 στόματι
536 681 617 708 αὐτοῦ
634 681 718 713 δόλος.

91 727 117 754 5.
134 728 197 753 Ὀτι
211 727 338 763 ὲσίγησα,
353 727 508 763 ὲπαλαιώϐη
524 727 559 753 τὰ
569 728 636 754 ὀστᾶ
651 736 714 762 μου,

89 774 115 801 6.
143 774 208 800 ’Δπὺ
224 774 272 801 τοῦ
287 774 398 809 κράζειν
417 782 449 809 με
461 774 525 809 ὅλην
537 774 586 808 τὴν
602 773 719 809 ἡμέραν.

94 821 120 847 7.
136 821 197 846 Ὅτι
227 820 337 856 ἡμέρας
354 821 402 846 καὶ
419 819 515 851 νυκτὸς
546 819 681 855 ἐϐαρύνθη
709 819 753 845 ἐπ’
773 819 853 854 ἑμὲή

55 866 118 902 χείρ
132 875 189 892 σου·

871 228 894 254 Α
944 223 988 250 60.
1003 223 1138 256 Quoniam
1152 223 1281 250 veritates
1297 222 1412 257 requirit
1426 221 1574 255 Dominus;

944 269 989 296 6].
1010 270 1042 296 Et
1071 269 1197 296 retribuit
1218 268 1388 296 abundanter
1412 268 1573 295 facientibus
1597 273 1692 302 ευριπ,

906 315 988 342 biam.

942 361 986 387 6‘2.
1005 360 1127 387 Viriliter
1151 360 1239 394 agile,
1263 363 1290 386 et
1309 359 1477 386 conlortetur
1496 366 1544 386 cor
1558 363 1691 391 vestrum,

941 406 986 434 63.
1004 406 1106 434 Omnes
1121 406 1166 440 qui
1182 406 1297 440 speratis
1312 405 1338 432 in
1353 405 1479 432 Domino-

969 451 1093 478 Paulinus
1105 450 1191 477 David
1204 459 1212 483 ;
1225 451 1382 477 intellectus.
1395 449 1495 476 ρδΑι.
1512 447 1620 476 XXXI.

942 499 968 525 1.
985 498 1074 529 Beati,
1090 505 1207 532 quorum
1222 497 1343 524 remissa:
1358 501 1422 523 sunt
1436 496 1614 530 iniquitates;

906 554 911 559 ·
941 545 969 571 2.
985 543 1018 570 Et
1033 551 1149 577 quorum
1166 548 1235 570 tecta
1252 547 1316 569 sunt
1332 546 1454 576 peccata.

942 590 969 616 5.
988 589 1088 617 Beatus
1103 589 1155 622 vir,
1170 590 1214 616 cui
1237 596 1290 615 non
1309 587 1454 623 imputabit
1473 585 1604 614 Dominus
1625 593 1690 621 pec-

905 640 996 663 catum
1012 643 1019 667 ;

939 682 967 708 4.
983 681 1037 708 Nec
1050 685 1092 708 est
1108 680 1135 707 in
1150 687 1197 708 ore
1211 679 1271 715 ejus
1286 679 1376 706 dolus.

937 728 964 755 5.
981 727 1116 760 Quoniam
1130 727 1213 759 tacui,
1235 726 1453 753 inveteraverunt
1467 731 1530 752 ossa
1542 731 1613 756 mea,

941 774 969 800 6.
989 773 1057 800 Dum
1072 773 1219 800 clamarem
1237 776 1292 799 tota
1309 772 1362 798 die.

941 819 968 846 7.
986 819 1123 852 Quoniam
1140 819 1184 845 die
1207 826 1239 846 ac
1262 822 1341 845 nocte
1354 818 1464 853 gravata
1485 820 1526 844 est
1543 824 1626 851 super
1647 823 1690 843 me

904 873 1002 893 manus
1015 869 1060 892 tua
1076 874 1082 892 :

93 897 119 938 έ.
139 912 296 947 Ἑστράφην
309 911 349 943 εἰς
369 911 569 946 ταλαιπωρίαν,
586 911 615 937 ἐν
638 910 678 946 τῷ
695 911 842 946 ἐμπαγῆνα

943 911 970 938 8.
994 910 1151 938 Conversus
1175 916 1237 936 sum
1253 908 1282 935 in
1304 915 1437 941 aerumna,
1463 907 1527 935 dum
1545 907 1689 944 conﬁgitur

56 968 103 995 μοι
113 959 246 986 ἄκανθαν.

92 1006 118 1033 9.
133 1005 188 1040 Τὴν
199 1004 316 1039 ἀνομίαν
332 1013 384 1039 μου
403 1004 549 1040 ἐγνώρισα·

92 1049 136 1076 10.
150 1050 204 1076 Καὶ
220 1050 270 1085 τὴν
282 1050 418 1085 ἁμαρτίαν
431 1058 482 1085 μου
499 1052 549 1077 οὐκ
561 1050 693 1086 ἐκάλυψα.

93 1096 136 1123 Η.
156 1094 247 1122 Ἐἴπω
269 1096 456 1132 Ἐξαγορεύσω
480 1098 541 1123 κατ’
564 1096 632 1132 ἐμοῦ
659 1097 708 1132 τὴν
736 1097 850 1132 ἀνομίαν

55 1152 107 1179 μου
125 1143 164 1178 τῷ
178 1144 283 1178 Κυρίῳ”

91 1189 134 1216 12.
150 1190 205 1216 Καὶ
219 1190 250 1216 σὺ
262 1190 371 1225 ἀφῆκας
383 1188 432 1224 τὴν
445 1189 572 1215 ἀσέὃειαν
587 1189 638 1224 τῆς
658 1189 771 1224 καρδίας
786 1198 846 1223 μοιν

91 1236 134 1262 15.
159 1235 245 1271 ’Υπὲρ
260 1235 362 1271 ταύτης
384 1234 564 1270 προσεύξεται
581 1235 649 1270 πρὸς
665 1235 694 1261 σὲ
708 1236 761 1266 πᾶς
776 1235 850 1267 ὅσιος

52 1281 84 1307 ἐν
96 1281 184 1316 καιρῷ
200 1280 317 1315 εὐθέτῳ
506 1272 508 1275 ’

905 960 972 988 milii
988 960 1077 994 spina.

938 1007 964 1034 9.
978 1005 1112 1032 Delictum
1130 1012 1220 1032 meum
1233 1004 1372 1040 cognitum
1389 1003 1440 1032 feci
1454 1013 1460 1031 :

942 1050 986 1078 l0.
1002 1049 1035 1076 Et
1050 1049 1214 1082 injustitiam
1234 1057 1322 1076 meam
1340 1057 1394 1076 non
1413 1048 1553 1076 abscondi.

940 1097 983 1123 Η.
1001 1095 1081 1122 Dixi:
1108 1095 1265 1122 Conlitebor
1289 1095 1433 1123 adversum
1458 1102 1501 1121 me
1527 1093 1688 1129 injustitiam

903 1150 991 1170 meam
1007 1141 1124 1169 Domino
1139 1151 1145 1168 :

939 1188 982 1215 12.
1002 1187 1034 1215 Et
1051 1193 1078 1215 tu
1096 1187 1227 1215 remisisti
1242 1186 1410 1220 impietatem
1424 1185 1514 1212 cordis
1531 1184 1582 1212 mei
1596 1194 1604 1218 ;

939 1234 984 1261 15,
999 1233 1051 1260 Pro
1064 1233 1114 1260 bac
1129 1233 1219 1260 orabit
1230 1232 1264 1259 ad
1282 1238 1309 1260 te
1331 1232 1421 1260 omnis
1442 1236 1553 1260 sanctus
1575 1231 1603 1258 in
1622 1236 1689 1258 tem-

903 1287 969 1314 pore
986 1283 1140 1314 opportuno
1153 1287 1160 1305 :
1332 1288 1334 1290 τ

619 1324 809 1353 ATHANASII
830 1323 1126 1352 INTERPRETATIO.

89 1373 135 1400 60.
155 1372 257 1407 ’Δγαθὰ
272 1373 350 1407 ἔργα.

88 1419 133 1446 6|.
153 1419 216 1450 Τοῖς
244 1418 368 1445 ποιοῦσιν
383 1418 531 1454 ἁμαρτίαν,
553 1418 638 1452 λέγει.

89 1464 134 1491 62.
156 1465 201 1500 Μὴ
215 1464 390 1491 ὲκλύσθωσαν
411 1464 449 1500 (1)
465 1463 542 1499 ὑμῶν
565 1465 593 1490 αἱ
622 1464 743 1501 καρδίαι,
781 1463 849 1492 ἀλλὰ

50 1511 294 1546 δυναμούσθωσαν.

88 1557 132 1585 65.
147 1558 251 1590 Πάντες
266 1558 291 1584 οἱ
309 1556 357 1592 τὴν
372 1557 468 1584 ἐλπίδα
485 1557 592 1593 ἔχοντες
603 1557 650 1583 εὶϊι)⁸
662 1556 776 1592 Κύριον.

937 1373 981 1399 ϐυ.
996 1371 1071 1399 Bona
1086 1379 1179 1407 opera.

936 1418 980 1445 6|.
996 1417 1172 1445 Faeientibus
1188 1423 1343 1452 peccatum,
1357 1419 1434 1447 dicit.

936 1464 980 1491 6'2.
1007 1464 1045 1492 Ne
1066 1465 1251 1493 dissolvantur
1274 1466 1356 1493 corda
1381 1471 1470 1493 vestra
1485 1486 1492 1499 ,
1519 1465 1565 1492 sed
1588 1464 1688 1493 conﬁr-

901 1515 1022 1537 mentur.

942 1555 987 1584 6'5.
1005 1555 1118 1588 Omnes,
1133 1556 1181 1591 qui
1196 1564 1271 1591 spem
1287 1557 1393 1584 habetis
1406 1557 1432 1584 in
1448 1556 1574 1584 Domino.

92 1604 125 1630 Ἡ
136 1603 305 1639 προκειμένη
319 1604 458 1639 ἐπιγραφὴ
474 1603 594 1640 περιέχει
605 1602 643 1639 (‘2)
655 1611 661 1617 '
674 1602 812 1639 [Ψαλμὸς
824 1601 864 1634 τῷ
875 1602 975 1638 Δαὸὶδ]
987 1602 1040 1629 τοῦ
1055 1602 1145 1629 Δαϐῑδ
1159 1603 1325 1636 συνέσεως.
1339 1603 1424 1630 Τοῦτο
1434 1602 1480 1630 οὖν
1496 1603 1632 1639 σημαίνει,
1650 1603 1689 1630 ὅτι

51 1651 77 1678 οἱ
93 1651 286 1687 ἡμαρτηκότες
305 1651 345 1682 εἰς
369 1651 475 1677 σύνεσιν
489 1650 629 1686 ἐρχόμενοι
651 1650 856 1686 ἐπιστρέφουσι.
873 1649 953 1676 Δαϐὶδ
972 1648 1027 1684 γὰρ
1039 1649 1220 1685 ἑρμηνεύεται
1239 1649 1438 1684 ἑξουὸένωμα,
1451 1650 1519 1685 ὅπερ
1530 1649 1603 1676 ἐστὶν
1612 1649 1649 1685 (5)
1665 1650 1690 1675 οἱ

51 1699 68 1733 ή
75 1697 257 1733 μαρτηκότες.

91 1744 202 1772 Titulus
218 1744 383 1779 prmpositus
394 1744 519 1771 continet
534 1753 540 1770 :
559 1743 686 1770 Psatmux
705 1743 802 1777 David,
818 1742 978 1770 intellectus.
994 1741 1052 1770 Hoc
1063 1743 1147 1777 igitur
1162 1743 1307 1779 signiﬁcat,
1332 1744 1404 1779 quod
1419 1748 1577 1779 peccatores
1594 1743 1621 1770 in
1645 1742 1691 1770 in-

51 1792 191 1821 tellectum
206 1793 348 1819 venientes
362 1796 568 1820 convertuntur.
582 1791 668 1819 David
684 1792 758 1819 enim
774 1793 970 1826 interpretatur
984 1791 1155 1826 contemptio,
1169 1791 1266 1826 quales
1281 1797 1346 1819 sunt
1361 1797 1529 1826 peccatores.

92 1839 118 1871 1,
134 1840 160 1866 2.
178 1839 249 1871 Τοὺς
263 1840 292 1866 ὲν
302 1839 340 1874 τῷ
355 1839 523 1875 βαπτίσματι
537 1839 623 1874 λέγει.

90 1884 120 1911 5.
144 1884 189 1910 Ἐν
207 1883 298 1919 ἡμέρᾳ
318 1883 444 1919 κρίσεως.

90 1930 118 1956 4.
134 1929 239 1960 Ψεῦδος
256 1929 339 1963 λέγει.

87 1975 115 2007 5,
137 1975 163 2002 ὕ.
179 1975 219 2010 (4)
246 1975 307 2002 Ὅτι
320 1975 434 2010 ὲσίγησα
448 1976 502 2002 ἀπὸ
513 1975 560 2003 τοῦ
578 1975 706 2011 εὔχεσθαι
725 1984 758 2011 με
773 1975 848 2002 ἀδια-

49 2020 180 2054 λείπτως,
194 2022 242 2048 καὶ
261 2021 413 2057 ἠφανίσθην
428 2022 482 2048 ἀπὸ
500 2023 549 2057 τῆς
562 2022 709 2058 ἁμαρτίας.

90 2067 114 2092 7.
140 2067 196 2093 Καὶ
210 2066 302 2093 λοιπὸν
319 2066 414 2098 νυκτὸς
428 2067 475 2093 καὶ
497 2067 605 2102 ἡμέρας
618 2066 737 2102 ὼργίζου
754 2074 810 2100 μοι.

87 2111 114 2138 8.
135 2111 306 2146 ’Ea'rpdgpnr
330 2113 374 2145 εὶς
389 2112 601 2146 ταλαιπωρίαν·
619 2113 660 2143 εἰς
680 2111 729 2147 τὴν
759 2113 848 2146 ἀμαρ-

51 2158 131 2190 τὶαν,
158 2157 189 2189 ἐξ
218 2155 251 2193 ἦς
268 2157 306 2194 (5)
327 2157 435 2193 ὲρῤὑσω
455 2166 506 2193 με·
532 2158 578 2185 καὶ
592 2157 776 2193 ὲκολλήθησάν
804 2165 848 2192 μοι

52 2205 198 2240 ἁμαρτίαι.

86 2252 115 2283 9,
143 2252 186 2278 ιι.
218 2248 290 2278 Εἴπα.
317 2251 483 2286 ἐπιστρέψας
511 2252 579 2287 πρὸς
609 2251 650 2277 σὲ·
672 2244 848 2286 Ἐξομολογή-

53 2297 135 2333 caput
148 2297 188 2333 (6)
204 2306 246 2324 σοι
265 2297 363 2331 λέγων·
391 2296 497 2331 Πάτερ,
514 2297 648 2332 ἥμαρτον
661 2298 704 2329 εὶς
719 2297 771 2323 τὸν
796 2298 847 2323 οὺ-

49 2343 157 2377 ρανὸν,
174 2342 225 2370 καὶ
238 2342 366 2369 ἐνώπιόν
386 2350 453 2369 σου·
468 2343 523 2369 οὐκ
543 2343 587 2369 ἐτι
600 2342 657 2377 εἰμὶ
679 2342 763 2374 ἄξιος
775 2343 849 2376 κλη-

52 2388 140 2423 θῆναι
155 2389 221 2421 υἱός
240 2396 308 2415 σου.

88 2434 132 2462 12.
150 2434 187 2460 Σὺ
199 2434 227 2460 δὲ
241 2434 320 2469 μόνον
334 2432 454 2465 ἀκούσας
462 2434 499 2469 (7)
512 2433 598 2468 ταῦτα
608 2432 742 2467 λέγοντος,
756 2429 845 2464 εἶπας·

54 2479 148 2513 Οὗτος
164 2482 180 2506 ό
195 2480 260 2512 υἱός
272 2488 332 2514 μου
346 2479 452 2513 νεκρὸς
472 2478 522 2515 ἦν,
550 2479 599 2506 καὶ
615 2478 771 2512 ἀνέζησεν-
789 2479 846 2505 άπ-

54 2525 174 2558 ολωλὼς
186 2524 235 2559 ἦν,
253 2525 301 2552 καὶ
316 2524 434 2559 εὑρέθη.

89 2569 132 2596 15.
157 2570 214 2596 Καὶ
240 2569 332 2596 λοιπὸν
356 2568 457 2600 πάντες
478 2569 503 2595 οἱ
523 2567 634 2602 ἄγγελοί
662 2575 709 2593 σου
740 2566 848 2603 χαίρον-

55 2620 99 2644 τες
112 2613 149 2648 (8)
175 2613 305 2645 ἐδόξασάν
320 2621 350 2639 σε
367 2612 400 2639 δι’
418 2612 479 2648 ἐμέ.

89 2660 113 2676 ⁵⁸
127 2660 194 2688 Luc.
207 2669 253 2695 xv,
268 2660 314 2688 21.
350 2660 373 2676 ⁸¹
393 2659 460 2687 ibid.
477 2659 522 2687 52.

861 1844 882 1872 ο
931 1840 958 1871 1,
970 1839 997 1866 2.
1012 1839 1065 1866 Eos
1076 1839 1152 1871 dicit,
1168 1839 1215 1874 qui
1231 1839 1361 1874 baptizati
1379 1844 1454 1867 sunt.

935 1886 962 1913 3.
981 1885 1009 1912 In
1029 1886 1192 1921 diejudicii.

934 1931 961 1958 ι.
976 1930 1159 1965 Mendacium,
1176 1932 1274 1966 inquit.

938 1977 965 2010 5,
986 1977 1012 2004 6.
1039 1977 1176 2010 Quoniam
1206 1978 1267 2005 silui
1291 1978 1427 2007 desistens
1451 1979 1484 2006 ab
1506 1979 1688 2010 indesinenter

902 2023 1017 2054 orando,
1033 2022 1094 2050 ideo
1104 2028 1283 2058 consumptus
1293 2031 1353 2050 sum
1366 2031 1381 2050 a
1397 2028 1518 2058 peccato.

938 2068 964 2094 7.
976 2068 1009 2095 Et
1024 2068 1154 2104 deinceps
1169 2069 1213 2096 die
1230 2077 1263 2097 ac
1278 2073 1357 2096 nocte
1370 2070 1456 2097 iratus
1467 2078 1497 2098 es
1511 2071 1589 2098 mihi.

938 2113 964 2140 8.
979 2113 1126 2141 Conversus
1139 2122 1197 2141 sum
1210 2115 1238 2141 in
1260 2123 1379 2142 aerumna
1393 2123 1401 2142 :
1417 2116 1444 2142 in
1462 2122 1583 2150 peccato,
1601 2124 1616 2143 ει
1633 2124 1687 2151 quo

902 2166 945 2186 me
957 2159 1091 2192 liberasti,
1108 2164 1135 2187 et
1152 2161 1342 2196 conglutinata
1356 2165 1419 2188 sunt
1432 2161 1497 2198 mihi
1513 2166 1632 2196 peccata.

936 2251 963 2283 9,
982 2251 1025 2278 ll.
1052 2251 1112 2279 Dixi
1138 2261 1286 2281 conversus
1303 2254 1335 2281 ad
1360 2258 1394 2287 te,
1408 2253 1564 2281 Confitebor
1581 2254 1628 2282 tibi
1644 2254 1686 2282 di-

901 2305 967 2325 cens
980 2306 988 2325 :
1003 2297 1096 2331 Pater,
1108 2300 1213 2332 peccavi
1227 2301 1253 2326 in
1267 2300 1360 2327 caelum
1375 2305 1399 2327 et
1410 2309 1500 2328 coram
1515 2305 1555 2328 Ie:
1565 2301 1625 2337 jam
1636 2309 1687 2329 non

901 2353 960 2370 sum
976 2345 1073 2380 dignus
1089 2347 1177 2372 vocari
1198 2346 1270 2380 ﬁlius
1283 2351 1342 2374 tuus
1354 2347 1387 2374 ⁸³.

937 2434 980 2461 12.
1015 2434 1055 2462 Tu
1080 2440 1171 2464 autem
1201 2436 1289 2464 solum
1316 2437 1430 2465 audiens
1461 2437 1519 2465 hare
1541 2437 1674 2465 dicentem

900 2480 992 2508 dixisti
1006 2491 1012 2509 :
1030 2481 1082 2508 llic
1097 2483 1169 2517 ﬁlius
1183 2491 1255 2510 meus
1266 2488 1385 2510 mortuus
1398 2488 1453 2511 erat
1466 2489 1490 2510 et
1506 2484 1614 2516 revixit;
1628 2490 1687 2517 per-

865 2525 887 2553 D
902 2526 980 2557 ierat,
996 2532 1021 2552 et
1033 2527 1152 2555 inventus
1163 2534 1201 2556 est
1213 2529 1246 2556 ⁸⁵.

937 2571 980 2598 l5.
1007 2571 1041 2599 Et
1063 2574 1177 2608 proinde
1199 2583 1295 2604 omnes
1319 2576 1408 2612 angeli
1430 2575 1468 2604 tui
1491 2575 1640 2611 gaudentes
1663 2579 1688 2602 te

902 2615 1020 2651 gloriﬁca
1026 2624 1121 2646 verunt
1133 2626 1242 2655 propter
1254 2629 1306 2649 me.

530 2704 687 2737 Addenda
705 2707 737 2736 et
761 2704 949 2744 corrigenda
966 2719 1005 2740 ex
1021 2711 1093 2742 cod.
1111 2711 1211 2743 Vatic.

91 2757 128 2792 (l)
145 2757 360 2784 Ἑκλυέσϐωσαν.

193 2793 238 2835 ’ῥιὶι
250 2794 300 2828 τῆς
315 2791 499 2827 κινναϐάρεως
514 2791 646 2826 περιέχει.

91 2827 130 2861 (3)
144 2827 230 2854 Εξαίν.

91 2861 128 2895 (4)
141 2863 169 2888 Ν.
180 2863 207 2894 5,
225 2863 252 2895 6,
271 2862 296 2889 7.
316 2863 388 2891 Ὅτι,
403 2882 409 2890 .
424 2881 430 2890 .

450 2862 498 2890 καί
510 2871 515 2878 ·
535 2860 617 2895 deest:
631 2859 658 2888 in
682 2859 739 2889 cod.
758 2858 843 2896 ὠργί-

59 2895 103 2928 CW
120 2905 174 2927 μοι.

983 2759 1043 2797 ’ξοτι
1057 2761 1196 2797 ὲστράφην
1208 2761 1247 2792 είς
1263 2761 1312 2796 τὴν
1324 2761 1449 2797 ἀνομίαν,
1462 2759 1491 2794 ἐξ
1503 2756 1547 2797 ἧς,
1562 2761 1615 2786 etc.

931 2793 968 2832 (ρ)
992 2793 1265 2832 Ἐξωμολογὴάάμην.

932 2829 970 2863 (7)
986 2829 1133 2862 Ἠκούσας.

933 2865 971 2900 (8)
993 2867 1119 2900 Ἄγγελοι
1135 2867 1336 2902 συγχαὲροντες.
