1919 3051
243 155 296 183 783

670 155 698 182 S.
719 153 904 182 ATHANASH
920 154 995 182 OPP.
1017 154 1106 182 PARS
1126 154 1172 181 Ill.
1189 168 1222 174 -—
1241 149 1447 180 EXEGETICA.
1813 145 1857 172 764

278 214 321 241 11».
339 207 532 241 verumtamen
553 213 579 240 in
595 212 698 240 diluvio
723 221 857 248 aquarum
875 213 1021 239 multarunt

1111 211 1152 238 Η.
1168 209 1240 245 Πλὴν
1269 210 1296 235 ὲν
1324 203 1508 240 κατακλυσμῷ
1529 203 1632 230 ὑδάτων
1663 201 1780 232 πολλῶν,
1798 201 1856 236 πρὸς

241 259 350 288 adeum
366 267 420 287 non
436 259 673 294 approximabunt.

278 305 322 333 15.
339 305 379 332 Tu
406 313 495 332 meum
520 313 549 333 es
573 305 735 340 refuginma
755 305 940 338 tribulatione,
965 312 1025 339 qua:

240 350 422 379 circumdedit
437 358 490 377 me.

278 396 486 424 16.Exsultatio
501 404 570 428 mea,
595 404 661 424 erue
686 404 730 424 me
752 405 767 424 a
790 396 1025 424 circumdantibns

243 450 296 469 me.

277 486 321 514 17.
337 485 508 514 Intellectum
534 487 584 514 tibi
602 487 683 519 dabo,
699 492 725 514 ot
749 487 883 515 instruam
900 492 925 515 te
938 487 965 514 in
982 486 1024 514 via

242 531 304 563 hac,
321 540 374 566 qua
389 532 525 567 gradieris
539 542 545 559 :

279 578 323 604 18.
340 578 470 606 Firmabo
485 586 568 613 super
586 583 612 606 te
627 579 722 606 oculos
734 586 820 605 meos.

277 622 321 650 19.
336 622 426 651 Nolite
441 623 499 651 ﬁeri
515 623 588 651 sicut
601 630 689 658 equus
705 627 732 650 et
745 623 846 656 mulus,
858 621 958 657 quibus
973 629 1026 649 non

242 673 284 696 est
300 668 463 697 intellectus.

279 713 326 740 20.
342 713 371 741 In
390 722 470 742 canto
486 720 513 743 et
525 715 602 744 freno
617 716 743 744 maxillas
760 723 856 744 eorum
871 714 1028 748 constringe

245 758 307 795 [con
311 759 358 787 stri
363 760 438 796 nges]
443 780 450 791 ,

279 805 324 833 21.
338 806 389 839 Qui
404 814 458 834 non
473 807 663 842 approximant
680 806 713 834 ad
733 811 769 834 te.

279 852 325 881 22.
344 853 426 880 Multa
444 853 549 889 ﬂagella
566 854 736 888 peccatoris:

1075 257 1155 284 αὑτὸν
1173 256 1222 282 οὐκ
1235 253 1366 288 ὲγγιοῦσι.

1112 303 1145 329 15
1167 302 1202 328 Σύ
1215 310 1265 336 μου
1280 299 1305 327 εῐ
1316 299 1459 334 καταφυγὴ
1476 297 1529 325 ἀπὸ
1541 296 1655 331 θλίψεως
1667 296 1716 330 τῆς
1727 304 1760 321 πε
1766 294 1858 331 ριεχθύ-

1077 357 1125 374 πε
1144 356 1187 374 με.

1104 357 1163 421 ‘16?
1181 368 1224 419 ,Τὸ
1249 390 1403 427 ἀγαλλίαμά
1428 399 1491 426 μου,
1514 388 1650 424 λύτρωσαί
1678 395 1712 423 με
1741 386 1795 413 ἀπὸ
1809 385 1859 412 τῶν

1076 439 1274 467 κυκλωσάντων
1293 447 1336 473 με.

1112 486 1155 513 17.
1173 484 1290 511 Συνετιῶ
1317 492 1358 516 σε,
1376 483 1422 510 καὶ
1437 480 1562 517 συμὸιὸὦ
1577 489 1606 506 σε
1619 481 1647 506 ὲν
1666 478 1720 514 ὁδῷ
1736 474 1858 514 ταύτῃ,ᾗ
1905 476 1906 479 “

1077 532 1206 568 πορεύσῃ·

1113 578 1157 605 18.
1183 575 1350 612 Ἐπιστηριῶ
1362 574 1407 602 ἐπὶ
1423 573 1453 600 σὲ
1462 573 1526 605 τοὺς
1536 571 1691 608 ὀφθαλμούς
1705 579 1767 606 μου.

1112 624 1156 651 19.
1168 623 1214 659 Μὴ
1226 622 1332 657 γίνεσθε
1345 621 1383 653 ὡς
1394 621 1477 652 ἵππος
1497 619 1544 646 καὶ
1558 618 1678 654 ἡμίονος,
1691 614 1733 648 οἷς
1747 616 1798 643 οὐκ
1809 615 1860 642 ἔστι

1078 670 1196 702 σύνεσις.

1111 715 1157 742 20.
1186 715 1229 742 Ἐν
1242 713 1324 751 κημῷ
1337 713 1384 740 καὶ
1399 710 1499 748 χαλινῷ
1510 709 1560 742 τὰς
1578 709 1704 743 σιαγόνας
1714 707 1804 735 αὐτῶν
1818 708 1861 741 ἄγ-

1079 761 1138 795 ξαις
1152 761 1254 798 [ἄγξαι,
1272 761 1299 788 in
1317 767 1403 794 marg.
1419 758 1481 786 eod.
1497 755 1612 792 ἄγξεις],

1113 807 1156 834 21.
1170 807 1230 834 Τῶν
1246 806 1282 842 μὴ
1293 805 1457 840 ἐγγιζόντων
1469 803 1537 838 πρὸς
1548 802 1588 829 σέ.

1113 853 1158 881 22.
1177 852 1275 879 Πολλαὶ
1286 852 1314 878 αἱ
1328 851 1458 886 μάστιγες
1479 848 1526 875 τοῦ
1551 846 1725 883 ἀμαρτωλοῦ·

281 897 327 924 25.
344 887 504 933 Sperantem
529 887 620 926 autem
649 899 676 926 in
701 897 818 925 Domino
842 894 1028 924 misericordia

1113 898 1159 925 25.
1173 898 1225 924 Τὸν
1237 897 1265 924 δὲ
1279 895 1423 928 ἐλπίζοντα
1437 895 1484 921 ἐπὶ
1493 894 1595 930 Κύριον
1608 893 1681 924 ἕλεος
1693 891 1838 919 κυκλώσει.

246 943 437 971 circumdabit.

283 991 328 1019 24.
343 991 485 1019 Lmtamini
500 992 528 1018 in
544 989 671 1022 Domino,
686 993 714 1018 et
728 989 874 1023 exsultate,
887 988 954 1024 justi
967 997 974 1021 ;

276 1083 322 1111 ‘25.
340 1082 372 1110 Et
383 1082 549 1118 gloriamini,
566 1089 663 1110 omnes
676 1081 742 1110 recti
758 1081 852 1109 corde.

270 1138 397 1167 Pcalmu:
412 1138 508 1167 David.
523 1138 585 1166 Sine
599 1138 769 1173 inscriptione
782 1137 852 1172 apud
869 1135 1004 1164 Hebrum.

522 1183 627 1211 PSAL.
644 1182 770 1209 XXXII.

283 1229 309 1256 1.
325 1228 477 1262 Exsultate,
489 1230 568 1265 justi,
584 1230 611 1256 in
626 1229 759 1256 Domino:

283 1275 301 1302 2
327 1275 425 1304 Rectos
440 1276 519 1304 decet
530 1276 704 1304 collaudatio.

285 1322 311 1348 5.
326 1322 500 1350 Conﬁtemini
515 1322 632 1350 Domino
644 1323 671 1350 in
686 1322 791 1350 cithara
805 1341 812 1349 .

1114 986 1159 1013 ΞΔ.
1187 984 1365 1021 Εὐφράνθητε
1398 983 1445 1011 ἐπὶ
1474 983 1594 1015 Κύριον.
1622 981 1670 1007 καὶ
1693 978 1864 1013 (Infantiam,

1080 1033 1179 1061 δίκαιοι
1188 1041 1196 1050 ο

1115 1079 1160 1106 25.
1177 1079 1233 1106 Kal.
1247 1076 1396 1113 καυχᾶσθε,
1411 1076 1511 1107 πάντες
1524 1074 1548 1101 οἳ
1563 1073 1652 1105 εὑθεῖς
1662 1074 1695 1108 τῇ
1706 1071 1816 1108 καρδίᾳ.

1085 1135 1209 1172 Ψαλμὸς
1223 1135 1262 1168 τῷ
1276 1133 1373 1162 Δαϐίδ.
1391 1133 1606 1166 Ἀνεπιγραφος
1628 1130 1696 1164 παρ’
1720 1126 1861 1162 Ἑϐραίοις.

1387 1180 1474 1206 ΨΑΛ.
1489 1179 1555 1205 AB’.

1119 1228 1144 1255 1.
1164 1226 1351 1261 Ἀγαλλιᾶσθε,
1366 1225 1476 1258 δίκαιοι,
1493 1225 1522 1250 ὲν
1537 1222 1640 1259 Κυρίῳ·

1119 1274 1146 1301 2.
1162 1273 1223 1305 Τοῖς
1240 1273 1330 1300 εὒθέσι
1348 1272 1447 1307 πρέπει
1463 1271 1574 1302 αἴνεσις.

1120 1319 1147 1347 '5.
1171 1317 1389 1354 Ἐξομολογεῖσθε
1401 1316 1440 1352 τῷ
1452 1316 1547 1351 Κυρίῳ
1561 1315 1589 1342 ὲν
1600 1314 1710 1350 κιθάρᾳ·

813 1378 1003 1407 ATHANAS“
1022 1377 1313 1406 INTERPRETATIO.

289 1438 333 1466 Η.
352 1438 494 1473 Lacrymis
505 1437 563 1465 suis
577 1437 701 1464 delentur
716 1441 826 1471 peccata
843 1444 904 1463 sua.

287 1529 331 1556 15.
347 1529 411 1556 Haec
424 1528 525 1555 clamat
536 1534 565 1555 se
581 1531 744 1554 convertens
759 1532 821 1552 cum
835 1523 975 1560 lacrymis.

286 1575 330 1602 16.
343 1574 364 1601 A
378 1574 497 1609 peccatis
511 1574 589 1607 meis,
606 1573 703 1608 inquit.

286 1621 330 1648 17.
351 1620 484 1648 Dominus
497 1619 530 1647 ad
543 1627 604 1647 eum
621 1619 708 1647 dicit:
726 1619 782 1654 Ego
803 1623 829 1646 te
845 1617 958 1650 docebo,
982 1624 1036 1652 qua

252 1667 296 1694 via
311 1666 431 1694 incedes.

289 1712 333 1740 18.
347 1712 380 1739 Et
396 1711 424 1739 in
444 1719 475 1739 ea
491 1710 642 1738 custodiam
659 1715 694 1737 te.

291 1757 334 1784 19.
354 1757 387 1784 Et
403 1757 520 1792 amplius
543 1763 577 1782 ne
598 1763 691 1790 pecca,
716 1759 845 1790 tanquam
869 1754 1036 1782 intellectum

255 1811 309 1831 non
328 1802 445 1829 habens.

290 1848 338 1875 20.
356 1847 409 1875 Sed
424 1847 533 1882 corpori
548 1851 594 1874 tuo
617 1852 644 1874 et
666 1847 763 1874 animo:
778 1846 853 1874 frena
868 1846 993 1882 injicicns
1010 1845 1037 1872 in

257 1895 415 1923 servitutem
429 1894 531 1928 redige,
546 1902 608 1920 cum
625 1893 673 1920 tibi
688 1902 740 1920 non
756 1893 896 1920 obediunt.

290 1941 335 1968 21.
351 1939 403 1973 Qui
419 1940 468 1967 tibi
487 1947 540 1967 non
555 1940 754 1974 obtemperant.

293 1987 338 2014 22.
355 1987 438 2014 Multa
452 1990 529 2014 erant
546 1986 649 2021 ﬂagella
669 1991 724 2018 tua,

291 2033 337 2060 23.
352 2032 404 2059 Sed
428 2032 557 2067 quoniam
577 2031 691 2066 sperasti
708 2031 734 2057 in
758 2030 946 2058 misericordia
968 2036 1038 2063 mea,

258 2078 293 2106 ab
310 2077 376 2113 ipsis
389 2077 519 2104 liberatus
534 2083 578 2104 es:

294 2124 340 2153 24.
357 2123 469 2151 (Eterna
482 2123 575 2149 laetitia
589 2125 616 2149 et
629 2121 819 2148 exsultatione.

295 2169 341 2210 25.
359 2168 411 2201 Qui
424 2168 491 2195 enim
504 2168 634 2203 gloriatur
644 2187 651 2200 ,
669 2167 695 2193 in
713 2167 825 2193 Domino
842 2166 970 2201 glorietur
982 2165 1016 2192 ".

1120 1435 1164 1463 Η.
1199 1434 1249 1462 Διὰ
1277 1434 1331 1462 τῶν
1357 1433 1483 1470 δακρύων
1511 1431 1594 1459 αὑτοῦ
1628 1430 1814 1464 ὲξαλείφονται
1841 1428 1866 1455 αι

1087 1483 1219 1519 ἁμαρτίαι
1232 1481 1324 1509 αὑτοῦ.

1047 1525 1068 1554 C
1122 1528 1166 1555 15.
1179 1527 1271 1554 Ταῦτα
1290 1527 1337 1562 βοᾷ
1355 1528 1369 1554 ὁ
1383 1525 1556 1562 ἐπιστρέφων
1571 1524 1640 1560 μετὰ
1654 1522 1789 1559 ὅακρύων;

1122 1573 1165 1600 16.
1182 1572 1242 1600 Τῶν
1256 1571 1397 1608 ἁμαρτιῶν
1416 1580 1478 1608 μου,
1490 1571 1574 1605 λέγει.

1123 1619 1168 1646 17.
1191 1619 1220 1646 '0
1232 1619 1261 1645 δὲ
1284 1618 1386 1653 Κύριος
1409 1617 1479 1653 πρὸς
1495 1617 1576 1644 αὐτὸν
1598 1615 1682 1650 λέγει·
1709 1613 1781 1648 Ἐγώ
1796 1611 1867 1639 οεδι-

1085 1665 1177 1692 δάσκω
1191 1664 1313 1701 [διδάξω]
1329 1664 1358 1691 ὲν
1374 1663 1439 1699 ποίᾳ
1452 1663 1503 1698 ὁδῷ
1515 1662 1644 1698 πορεύσῃ.
1731 1662 1735 1666 ’

1122 1711 1166 1738 18.
1179 1711 1234 1737 Καὶ
1247 1709 1356 1745 φυλάξω
1375 1718 1404 1736 σε
1421 1710 1449 1735 ὲν
1465 1709 1544 1744 αὐτῇ.

1122 1757 1165 1784 19.
1177 1757 1233 1784 Kal.
1248 1756 1344 1792 μηκέτι
1356 1755 1506 1791 ἁμάρτανε,
1520 1755 1557 1786 ὡς
1570 1753 1607 1790 μὴ
1623 1753 1691 1788 ἔχων
1705 1751 1819 1778 σύνεσιν.

1121 1845 1166 1873 20.
1191 1844 1271 1872 Ἀλλὰ
1281 1845 1312 1872 τὸ
1331 1844 1410 1880 σῶμά
1422 1853 1469 1870 σου
1484 1843 1530 1870 καὶ
1543 1843 1592 1879 τὴν
1606 1842 1695 1880 ψυχῇν
1711 1839 1750 1875 (1)
1765 1838 1854 1875 χαλινα

1088 1891 1185 1926 γωγῶν
1197 1891 1372 1925 δουλαγώγει,
1386 1891 1449 1916 ὅταν
1462 1889 1497 1925 μὴ
1509 1888 1645 1916 πείθονταί
1663 1896 1715 1914 σοι.

1123 1937 1168 1963 2i.
1181 1936 1240 1963 Τῶν
1257 1936 1293 1972 μὴ
1306 1936 1343 1972 (2)
1359 1935 1525 1971 πειθομένων
1541 1943 1592 1961 σοι.

1123 1982 1167 2009 22.
1182 1981 1280 2009 Πολλαί
1293 1990 1339 2008 σου
1353 1979 1423 2016 ἦσαν
1436 1982 1464 2007 αἱ
1480 1980 1620 2016 μάστιγες.

1122 2027 1168 2055 2'5.
1189 2028 1258 2054 Ἀλλ’
1271 2028 1364 2063 ἐπειδὴ
1391 2027 1508 2062 ἢλπισας
1525 2026 1562 2062 (5)
1588 2025 1634 2052 ἐπὶ
1657 2025 1687 2051 τὺ
1711 2023 1785 2055 ἔλεός
1813 2030 1868 2057 μου,

1092 2073 1228 2109 ὲῤῥύσθης
1241 2074 1288 2100 ἀπ’
1302 2073 1402 2101 αὐτῶν.

1126 2120 1171 2147 24.
1187 2121 1363 2156 Εὐφροσύνην
1376 2120 1484 2147 αἰώνιον
1498 2118 1545 2146 καὶ
1562 2117 1730 2152 ἀγαλλίασιν.

1128 2165 1173 2191 25.
1194 2165 1226 2191 '0
1242 2166 1296 2200 γὰρ
1309 2165 1500 2200 καυχώμενος
1511 2165 1545 2191 ἐν
1561 2163 1658 2196 Κιψῐῳ
1671 2160 1838 2195 καυχάσθω.

301 2205 332 2244 Ἦ
348 2216 513 2252 προκειμένη
530 2214 668 2250 ἐπιγραφὴ
686 2214 799 2250 παρέχει
817 2213 951 2250 [περιέχει
962 2221 969 2227 '
986 2212 1120 2248 Ψαλμὸς]
1135 2212 1171 2247 (1)
1188 2212 1227 2245 τῷ
1241 2212 1338 2239 Δαϐίδ.
1354 2212 1435 2239 Δαὸὶδ
1448 2213 1504 2247 γὰρ
1519 2210 1698 2247 ἑρμηνεύεται
1712 2205 1871 2240 πεποθημέ-

260 2272 322 2295 νος,
339 2263 405 2298 ὅπερ
418 2262 476 2287 ἐστὶ
488 2260 579 2287 λαϐεῖν
595 2262 635 2291 εἰς
655 2260 699 2286 τὸν
714 2260 792 2295 χορὸν
811 2260 864 2286 τῶν
877 2259 972 2293 ἁγίων,
989 2259 1029 2285 ὅτι
1040 2258 1228 2293 πεποθημένος
1238 2259 1311 2285 ἐστὶν
1325 2258 1378 2284 ὑπὸ
1389 2257 1435 2285 τοῦ
1447 2258 1558 2293 Κυρίου.
1577 2257 1617 2290 Τῷ
1627 2254 1674 2282 οὖν
1685 2253 1873 2288 πεποθημὲνῳ

261 2308 333 2343 χορῷ
346 2308 451 2343 εἴρηται
462 2308 475 2333 ὁ
488 2306 604 2341 quam,
619 2305 740 2332 τουτέστι
757 2307 813 2336 τοῖς
827 2303 886 2330 οὖσι
896 2306 966 2332 κατὰ
978 2305 1023 2331 τὸν
1043 2305 1124 2332 Δαϐὶδ
1138 2307 1171 2341 τῇ
1187 2305 1320 2342 ἑρμηνείᾳ
1330 2304 1377 2331 τοῦ
1391 2303 1521 2339 ὀνόματος
1540 2303 1586 2330 καὶ
1600 2303 1658 2334 ταῖς
1673 2302 1801 2332 ἐντολαῖς.

296 2353 402 2381 Titulus
414 2353 575 2389 prmpositus
588 2352 709 2379 continet
725 2360 732 2378 ξ
748 2351 870 2378 Ρειιίηιιιε
885 2351 979 2378 David.
996 2352 1080 2378 David
1092 2352 1166 2379 enim
1185 2352 1381 2386 interpretatur
1403 2351 1579 2383 desideratus,
1601 2349 1672 2383 quod
1686 2348 1807 2383 accipere
1817 2347 1873 2372 liccl

263 2404 297 2431 de
307 2402 393 2429 choro
407 2405 578 2431 sanctorum,
593 2399 724 2434 quoniam
738 2397 908 2426 desideratus
924 2403 966 2426 cst
983 2407 998 2426 a
1013 2398 1140 2427 Domino.
1154 2400 1176 2426 A
1192 2400 1278 2427 choro
1290 2399 1373 2434 igitur
1394 2404 1549 2426 sanctorum
1571 2397 1720 2424 desiderato
1741 2397 1826 2423 dictus
1839 2399 1873 2420 cst

262 2450 384 2486 psalmus
398 2458 404 2476 :
422 2449 474 2476 hoc
485 2452 536 2481 est,
551 2448 585 2475 ab
600 2447 633 2475 iis
651 2447 698 2482 qui
720 2446 815 2480 David,
831 2446 908 2481 juxta
924 2447 1045 2474 nominis
1067 2447 1318 2483 interpretationem
1342 2451 1369 2474 et
1384 2446 1574 2474 mandatorum
1584 2444 1797 2474 observantiam,
1813 2441 1875 2468 assi-

264 2499 402 2525 milantur.

295 2546 320 2573 1.
336 2545 457 2573 Gaudete
471 2553 578 2581 semper
590 2545 616 2573 in
635 2545 761 2572 Domino.

293 2591 320 2618 ‘2.
334 2591 433 2618 Rectus
446 2591 523 2619 decet
532 2591 643 2618 laudare
654 2590 808 2618 Dominum.

299 2639 326 2666 5.
340 2638 534 2666 Mortiﬁcantes
550 2638 730 2673 vosmetipsos
747 2637 859 2671 mundo,
876 2637 913 2664 ita
937 2636 1046 2673 hymnis

262 2684 410 2712 laudabitis
424 2692 498 2712 eum.

297 2732 320 2748 ”
337 2731 346 2758 l
364 2731 427 2759 Cor.
441 2739 461 2765 ι,
473 2731 516 2759 51.

1060 2545 1082 2573 D
1133 2545 1159 2572 1.
1183 2544 1300 2580 Χαίρετε
1316 2543 1431 2570 πάντοτε
1447 2543 1475 2569 ὲν
1487 2540 1591 2576 Κυρίῳ.

1132 2591 1160 2617 2.
1177 2591 1239 2622 Τοῖς
1252 2590 1342 2616 εὐθὲσι
1358 2589 1456 2625 πρέπει
1469 2588 1552 2614 αἰνεῖν
1566 2586 1611 2612 τὸν
1623 2584 1735 2620 Κύριον.

1133 2636 1160 2663 5.
1177 2636 1372 2671 Νεκρώσαντες
1385 2634 1497 2666 ἑαυτοὺς
1513 2633 1551 2668 τῷ
1578 2632 1683 2667 κόσμῳ,
1698 2631 1783 2662 οὕτως
1797 2627 1875 2664 ὑμνή-

1099 2690 1158 2709 σετε
1175 2681 1267 2709 αὐτόν.

739 2763 890 2796 Addenda
909 2767 938 2796 et
962 2762 1147 2803 corrigenda
1165 2770 1204 2793 ex
1219 2761 1291 2792 cod.
1306 2760 1407 2792 Vatic.

300 2831 337 2865 (ll
357 2830 453 2866 Ψυχήν
468 2839 523 2866 σου.

300 2864 338 2902 (2)
363 2864 591 2900 Τὼνμελλόντων
604 2864 652 2899 μή,
669 2867 721 2892 etc.

1140 2825 1180 2860 (3)
1194 2824 1336 2852 Ἰῐλπισεν.

1146 2856 1183 2896 μ)
1201 2861 1232 2886 ΊΙ
1254 2859 1297 2886 διὰ
1313 2860 1362 2896 τῆς
1375 2859 1557 2893 κινναϐάρεως
1580 2857 1716 2894 περιέχει·
1733 2856 1780 2893 τῷ.
1797 2860 1844 2886 etc.
