1896 3052
39 173 91 201 765

71 235 98 260 4.
119 232 163 259 Ἐν
177 231 321 267 ψαλτηριῳ
335 230 490 266 δεκαχόρδῳ
504 230 606 265 ψάλατε
619 229 703 265 αὐτῷ.

74 278 100 305 5.
119 278 221 312 ’ᾼσατε
234 276 309 311 αὑτῷ
324 274 401 311 ᾆσμα
411 275 515 301 καινόν·

73 323 99 350 6.
116 322 214 353 Καλῶς
225 321 330 356 ψάλατε
348 320 423 356 αὐτῷ
435 321 464 346 ἐν
478 318 637 354 ἀλαλαγμῷ.

74 370 100 396 7.
114 369 174 395 Ὀτι
188 368 271 400 εὐθὺς
289 368 304 394 ὁ
319 367 398 401 λόγος
417 366 464 392 τοῦ
477 366 592 401 Κυρίου·

74 414 100 442 8.
113 414 169 441 Καὶ
179 414 269 440 πάντα
281 413 316 440 τὰ
330 412 398 448 ἔργα
414 411 496 438 αὐτοῦ
514 413 542 438 ἐν
554 410 654 437 πίστει.

71 460 97 488 9.
116 460 225 495 ’Δγαπᾷ
235 458 421 494 ἐλεημοσύνην
436 458 482 484 καὶ
496 457 585 493 κρίσιν
601 457 615 483 ὁ
631 455 741 492 Κύριος·

75 506 117 533 1ο.
132 505 188 532 Τοῦ
202 506 295 537 ἐλέους
308 505 411 540 Κυρίου
422 505 528 540 πλήρης
540 504 556 538 ἡ
569 503 615 538 γῆ.

73 552 119 579 11.
132 552 179 587 Τῷ
190 551 263 587 λόγῳ
278 551 381 587 Κυρίου
399 551 423 577 οἱ
438 549 547 586 οὐρανοὶ
562 548 776 584 ἐστερεώθησαψ

74 597 117 624 12.
138 597 195 624 Καὶ
210 597 251 632 τῷ
267 595 407 631 Πνεῦματι
423 595 468 622 τοῦ
484 595 616 630 στόματος
632 593 714 620 αὑτοῦ
729 591 831 628 πᾶσαὴ

43 642 152 677 δύναμις
165 641 268 668 αὐτῶν.

75 689 119 715 15.
139 688 271 721 Συνάγων
284 687 350 713 ὡσεὶ
365 686 448 714 ἀσκὸν
468 686 551 712 ὕδατα
565 685 711 721 θαλάσσης·

76 734 118 760 11.
134 734 229 765 Τιθεὶς
247 734 278 759 ἐν
293 733 440 768 θησαυροῖς
457 732 601 762 ἀϐύσσους.

75 780 118 806 15.
136 779 288 814 Φοῦηθήτω
311 779 357 805 τὸν
370 778 471 814 Κύριον
482 779 558 805 πᾶσα
572 778 589 812 ἡ
603 778 650 812 γῆ’

74 824 116 851 16.
135 825 198 851 Ἀπ’
212 824 297 851 αὑτοῦ
318 824 347 850 δὲ
365 824 571 859 σαλευθήτωσαν
598 823 697 853 πάντες
722 821 746 847 οἱ
767 830 833 848 κατ-

44 869 177 901 οικοῦντες
192 869 244 905 τὴν
259 868 432 904 οἰκουμένην.

77 916 118 943 17.
133 916 198 942 Ὅτι
212 915 295 946 αὐτὸς
304 912 379 945 εἶπε,
393 915 439 940 καὶ
451 913 642 948 ἐγεννήθησαν·

76 961 117 988 18.
133 961 224 992 Αὐτὸς
235 960 395 992 ἐνετείλατο,
405 960 451 986 καὶ
468 958 640 994 ἐκτίσθησαν.

78 1007 119 1034 19.
134 1007 241 1042 Κύριος
255 1006 425 1038 διασκεδάζει
440 1004 536 1041 βουλὰς
549 1003 643 1031 ἐθνῶν

76 1053 119 1080 20.
147 1053 254 1079 Ἄθετεῖ
267 1052 295 1078 δὲ
315 1052 462 1087 λογισμοὺς
476 1050 563 1077 λαῶν·

76 1099 122 1125 21.
135 1098 195 1125 Καὶ
210 1098 303 1125 ἀθετεῖ
319 1097 416 1132 βουλὰς
432 1097 588 1132 ἀρχόντων.

75 1144 120 1172 22,
139 1144 175 1171 Ἦ
186 1144 216 1170 δέ
236 1143 318 1179 βουλὴ
333 1142 379 1169 τοῦ
394 1141 497 1178 Κυρίου
518 1141 558 1173 εἰς
576 1139 622 1166 τὸν
635 1137 720 1165 αῐῶνα
734 1138 809 1173 μένει
820 1146 827 1154 ·

486 171 529 198 DE
549 170 685 198 TITULIS
703 170 926 200 PSALMORUM.
940 186 973 191 ——
985 170 1082 198 PSAL
1103 170 1211 197 XXXII.

1613 167 1664 196 766

839 235 862 261 Α
911 230 938 256 4.
959 229 984 256 In
999 228 1126 263 psalterio
1140 228 1232 255 decem
1248 227 1417 254 chordarum
1436 226 1544 262 psallite
1559 226 1609 254 illi.

918 275 944 302 5.
960 274 1073 302 Cautate
1086 275 1110 301 ei
1128 274 1263 301 canticum
1281 281 1401 300 novum:

918 322 944 348 6.
964 321 1034 348 Bene
1049 321 1154 355 psallite
1168 321 1192 346 ei
1210 320 1237 346 in
1250 319 1456 346 vociferatione.

917 367 943 395 ’1.
959 367 1027 399 Quia
1041 371 1142 393 rectum
1158 362 1200 394 est
1213 366 1328 393 verbum
1346 365 1472 392 Domini:

917 413 943 440 8.
960 412 992 438 Et
1007 412 1098 439 omnia
1118 419 1200 446 opera
1218 411 1278 445 ejus
1293 411 1320 438 in
1336 410 1399 437 ﬁde.

918 458 945 486 9.
965 457 1056 492 Diligit
1070 455 1285 484 mise'ricordiam
1299 461 1326 482 et
1337 455 1469 490 judicium
1483 454 1631 481 Dominus:

917 503 961 531 10.
978 502 1166 529 Misericordia
1180 501 1287 528 Domini
1304 501 1382 535 plena
1400 504 1441 527 est
1455 505 1536 526 terra.

918 549 964 576 1l.
981 549 1072 576 Verbo
1088 547 1195 575 Domini
1211 547 1272 575 caeli
1285 546 1384 574 ﬁrmati
1402 550 1484 573 sunt:

918 596 962 623 12.
978 595 1012 622 Et
1028 594 1132 630 Spiritu
1148 593 1204 621 oris
1223 593 1284 629 ejus
1296 593 1388 620 omnis
1403 592 1489 619 virtus
1502 596 1609 618 eorum.

919 683 962 710 15.
976 682 1153 717 Congregans
1169 681 1240 708 sicut
1253 684 1341 707 utrem
1358 686 1444 714 aquas
1457 677 1561 706 maris:

918 729 963 756 14.
978 728 1088 755 Ponens
1101 728 1127 754 in
1142 726 1281 754 thesauris
1295 725 1420 760 abyssos.

921 775 967 802 15.
980 774 1087 801 Timeat
1098 773 1244 800 Dominum
1258 771 1349 799 omnis
1365 775 1436 798 terra
1451 778 1459 803 ;
1597 790 1610 802 ,

920 820 964 847 16.
981 820 1066 847 Abeo
1082 824 1172 847 autem
1198 821 1422 846 commoveantur
1444 822 1541 843 omnes
1562 812 1670 842 inhabi-

886 868 975 892 tantes
990 864 1095 891 orbem.

920 909 966 937 17.
979 909 1114 942 Quoniam
1127 909 1185 944 ipse
1201 908 1280 941 dixit,
1296 912 1323 935 et
1340 911 1470 941 generata
1484 909 1564 933 sunt:

920 955 964 982 18.
979 954 1037 989 Ipse
1051 954 1202 986 mandavit,
1216 958 1245 982 et
1258 957 1349 980 creata
1362 956 1436 979 sunt.

921 1001 965 1029 19.
984 1001 1116 1028 Dominus
1133 1000 1248 1035 dissipat
1258 999 1374 1027 consilia
1394 998 1513 1032 gentium
1527 1006 1535 1024 :

918 1048 964 1075 20.
981 1047 1118 1082 Reprobat
1131 1051 1220 1073 autem
1238 1045 1418 1080 cogitationes
1434 1044 1617 1079 populorum:

917 1095 962 1122 21.
978 1093 1012 1120 Et
1025 1093 1153 1128 reprobat
1167 1091 1280 1119 consilia
1294 1090 1457 1125 principum.

917 1139 962 1165 ετ.
978 1137 1129 1166 Consilium
1148 1141 1241 1164 autem
1254 1135 1362 1163 Domini
1378 1135 1404 1162 in
1418 1139 1548 1162 aeternum
1563 1137 1670 1161 manet:

600 1227 790 1256 ATllANASll
808 1225 1098 1256 lNTERPBETATIO.

75 1310 102 1337 ι.
117 1309 171 1336 Διὰ
186 1309 241 1336 τῶν
258 1308 326 1336 δέκα
337 1308 450 1336 ἐντολῶν
467 1306 597 1341 δοξάσατε
610 1306 701 1334 αὐτόν.

76 1399 102 1426 5.
116 1397 217 1434 ⁷ᾼσμα
231 1397 304 1432 λέγει
319 1396 447 1432 καθαρόν.

77 1445 104 1473 6.
124 1446 174 1472 Ἐκ
185 1445 236 1479 τῆς
245 1444 357 1480 καρδίας
371 1443 457 1479 ὑμῶν.

78 1491 104 1518 7.
128 1490 246 1526 Ἀληθὴς
262 1491 278 1525 ἡ
292 1489 443 1524 ἐπαγγελία
459 1489 497 1524 (1)
518 1487 610 1516 αὑτοῦ.

80 1537 106 1564 8.
125 1536 162 1561 Ἀ
181 1534 219 1570 (2)
234 1536 344 1566 ποιεῖτε,
363 1535 391 1560 ἐν
409 1533 498 1560 πίστει
514 1534 625 1560 ποιεῖτε.

77 1582 104 1609 9.
142 1579 324 1615 Ἐλεημοσὺνη
358 1580 406 1606 καὶ
435 1579 526 1610 πίστις
565 1587 615 1613 μου
648 1576 835 1604 ἐκλιπέτωσάν

50 1636 88 1654 σοι
105 1627 158 1662 (3).

80 1675 123 1702 10.
140 1673 284 1700 Ἥπλωται
300 1671 330 1699 τὺ
343 1671 415 1704 ἔλεός
436 1679 495 1703 σου,
510 1670 609 1706 Κύριε,
623 1669 670 1696 ἐπὶ
687 1668 726 1704 (αι)
743 1669 833 1696 πᾶσαν

48 1720 133 1755 ψδχὴν
147 1718 302 1754 ἀνθ

81 1765 124 1791 11.
143 1764 181 1798 (ὅ)
192 1763 258 1798 Περὶ
274 1762 327 1789 τῶν
350 1761 507 1788 ἀποστόλων
521 1760 605 1795 λέγει.

82 1810 128 1836 1‘2.
152 1810 209 1835 Καὶ
233 1809 274 1835 ὅτι
291 1808 456 1843 ἐνεφύσησεν
472 1808 512 1839 εἱς
536 1807 566 1833 τὸ
592 1807 736 1842 πρόσωπον
749 1805 837 1833 αὐτῶν

50 1855 144 1889 λέγων·
155 1854 266 1882 Λάϐετε
280 1853 400 1887 Πνεῦμα
412 1852 505 1886 ἅγιον,
515 1852 555 1878 ὅτι
568 1852 666 1886 ἀνέστη
680 1852 712 1877 ἐκ
721 1850 835 1886 νεκρῶν·

51 1902 95 1931 τὰς
109 1899 164 1935 γὰρ
176 1899 315 1933 δυνάμεις,
331 1898 364 1930 ἃς
381 1897 488 1924 ἐποίουν
506 1897 528 1923 οἱ
549 1896 692 1923 ἀπόστολοι
712 1895 751 1931 τῷ
768 1895 838 1931 ἁγίῳ

52 1946 187 1981 Ilva-ﬁgas:
218 1944 377 1976 ἐπετέλουν,
452 1943 546 1970 ἔλαϐον
571 1944 603 1969 ἐκ
629 1942 678 1969 τοῦ
707 1941 839 1977 στόματος

53 1992 142 2019 αὑτοῦ.

86 2039 129 2066 15.
156 2038 313 2073 Συνήγαγον
337 2036 371 2062 τὰ
401 2035 465 2070 ἐθνη
495 2034 542 2061 τοῦ
570 2033 674 2069 κόσμου
708 2041 839 2068 νενεκρω-

56 2085 120 2119 μένα
133 2084 171 2119 (6)
193 2084 231 2115 ὡς
245 2083 338 2110 ἀσκόν.

88 2130 130 2156 11.
150 2130 194 2156 Ἑν
209 2130 265 2160 τοῖς
278 2127 436 2158 ἀποστόλοις
456 2127 490 2153 τὰ
513 2124 685 2160 δικαιώματα
710 2123 803 2152 αὑτοῦ.

89 2176 131 2203 15.
151 2176 195 2206 Ὦς
209 2175 295 2201 εἰδυῖα
310 2174 391 2201 αὑτὸν
405 2173 504 2207 ἑαυτῆς
521 2171 696 2207 δημιουργόν.

91 2219 133 2246 16.
147 2218 325 2246 Μετατεῦῶσι
338 2218 437 2249 πάντες
456 2218 495 2248 εἰς
506 2216 551 2243 τὸν
566 2216 678 2252 Κύριον.

90 2264 132 2291 17.
151 2265 195 2290 Ἐν
211 2263 250 2299 τῷ
266 2263 442 2298 βαπτίσματι.

90 2311 131 2338 18.
151 2311 317 2338 Ἀνεκαίνισε
332 2310 386 2345 γὰρ
400 2309 508 2340 αὐτούς.

91 2358 132 2384 19.
150 2357 204 2389 Τὰς
217 2357 352 2393 προτέρας
379 2356 543 2398 ἀπορρίπτει
568 2354 621 2380 ἀπὺ
644 2354 698 2380 τῶν
723 2352 840 2389 καρδιῶν

60 2401 154 2429 αὐτῶν.

91 2447 135 2475 20.
151 2448 206 2474 Καὶ
221 2447 356 2482 ἀλλοτριοῐ
371 2446 520 2482 προτέρους
534 2446 622 2472 αὐτῶν
636 2444 792 2480 λογισμούς.

94 2494 137 2520 21.
154 2494 207 2520 Καὶ
218 2495 267 2525 τὰς
283 2493 379 2528 βουλὰς
391 2493 444 2519 τῶν
457 2492 592 2528 δαιμόνων
607 2491 784 2523 διασκεδάςει.

94 2539 136 2566 22.
154 2541 185 2566 Ἡ
201 2539 295 2575 διδαχὴ
308 2539 401 2566 αὑτοῦ.

97 2632 118 2647 ⁵⁸
134 2631 211 2660 Joan.
228 2641 275 2664 xx,
289 2631 336 2659 22.

925 1305 953 1332 4.
970 1304 1021 1332 Per
1036 1303 1239 1332 observantiam
1251 1303 1346 1331 decem
1361 1307 1558 1339 prmceptorum
1572 1301 1674 1338 gloriﬁ-

886 1355 947 1378 cate
958 1358 1031 1377 eum.

917 1396 944 1424 5.
961 1395 1116 1425 Canticum,
1130 1391 1231 1425 inquit,
1248 1390 1392 1418 mundum.

919 1441 945 1469 6.
963 1440 1003 1467 Ex
1017 1440 1098 1467 corde
1111 1442 1213 1465 vestro.

927 1485 953 1512 7.
970 1484 1039 1512 Vera
1052 1481 1196 1518 promissio
1210 1480 1280 1515 ejus.

923 1531 949 1557 8.
967 1530 1032 1563 Quze
1050 1528 1150 1559 facitis,
1165 1525 1284 1553 facitein
1302 1523 1362 1551 ﬁde.

921 1576 948 1603 9.
968 1572 1151 1602 Misericordia
1170 1575 1197 1599 et
1211 1570 1277 1597 ﬁdes
1293 1575 1431 1604 nunquam
1449 1567 1497 1596 tibi
1512 1567 1646 1595 deﬁciant.

923 1663 966 1690 10.
983 1662 1072 1697 Super
1083 1668 1192 1689 omnem
1213 1658 1333 1686 hominis
1357 1657 1476 1685 animam
1493 1663 1613 1691 expansa
1634 1661 1674 1684 est

848 1713 871 1744 ς
885 1708 1071 1737 misericordia
1087 1711 1142 1739 tua,
1159 1705 1283 1732 Domine.

856 2391 879 2418 D

924 1755 968 1782 11.
984 1753 1021 1781 De
1036 1752 1168 1788 apOstolis
1184 1751 1315 1785 loquitur.

923 1800 966 1826 12.
982 1798 1015 1825 Et
1029 1798 1102 1833 quod
1117 1797 1264 1825 insuﬁhvit
1281 1796 1308 1822 in
1331 1795 1427 1822 faciem
1446 1801 1540 1821 eorum
1563 1792 1673 1820 dicens:

886 1845 1004 1880 Accipite
1030 1844 1162 1879 Spiritum
1190 1842 1365 1874 sanctum”,
1396 1848 1457 1868 cum
1489 1838 1638 1866 resurrexit
1660 1845 1674 1864 a

887 1893 1017 1919 mortuis.
1037 1890 1144 1918 Etenim
1160 1889 1302 1921 miracula,
1319 1895 1380 1922 quae
1394 1886 1530 1914 faciebant
1547 1883 1674 1920 aposmli,

888 1945 936 1973 per
952 1937 1084 1972 Spiritum
1101 1939 1225 1964 sanctum
1242 1934 1385 1966 faciebant,
1402 1940 1482 1960 ouem
1496 1939 1530 1959 ex
1544 1938 1590 1958 ore
1609 1929 1668 1965 dus

889 1987 1063 2018 acceperunt.

926 2029 968 2056 15.
987 2028 1086 2055 Gentes
1100 2027 1195 2055 mundi
1211 2031 1334 2054 mortuas
1354 2030 1466 2061 peccato
1492 2028 1674 2058 congregave-

889 2079 953 2102 runt
969 2074 1041 2101 velut
1056 2078 1156 2101 utrem.

927 2119 971 2146 14.
992 2119 1021 2146 In
1034 2118 1165 2153 apostolis
1180 2117 1391 2153 justiﬁcationes
1404 2114 1473 2149 ejus.

925 2165 967 2191 15.
985 2163 1020 2191 Ut
1038 2171 1098 2198 quze
1112 2164 1162 2191 scit
1175 2171 1236 2190 eum
1252 2167 1404 2191 creatorem
1426 2166 1507 2187 suum
1523 2156 1621 2185 fuisse.

926 2209 969 2236 16.
986 2208 1195 2236 Transferantur
1211 2216 1305 2236 omnes
1323 2208 1349 2235 in
1362 2206 1517 2234 Dominum.

927 2255 970 2281 17.
986 2254 1014 2281 lu
1030 2254 1173 2288 baptismo.

927 2300 971 2327 18.
984 2299 1036 2327 Eos
1051 2300 1123 2326 enim
1139 2298 1293 2326 renovavit.

928 2345 972 2373 19.
991 2344 1086 2372 Priora
1098 2344 1208 2379 projicit
1223 2342 1339 2371 consilia
1352 2349 1366 2368 e
1380 2339 1508 2368 cordibus
1525 2345 1630 2366 eorum.

927 2442 971 2470 ΞΟ,
985 2442 1018 2469 Et
1034 2442 1161 2469 immutat
1173 2439 1323 2468 anteriores
1336 2445 1430 2465 eorum
1448 2433 1626 2471 cogitationes

927 2490 971 2516 ‘21.
989 2488 1022 2515 Et
1035 2488 1147 2515 consilia
1163 2487 1316 2514 daemonum
1327 2485 1451 2520 dissipat.

925 2534 968 2562 22.
988 2533 1115 2561 Doctrina
1129 2532 1199 2567 ejus.

542 2677 693 2710 Addenda
707 2681 738 2709 et
758 2676 944 2717 corrigenda
959 2685 998 2707 ex
1013 2675 1083 2706 cod.
1099 2674 1201 2706 Vatic.

99 2759 136 2827 g1)
150 2760 312 2804 Romam.

109 2795 132 2826 ‘2)
142 2797 193 2822 Και
205 2804 293 2823 παντο
308 2806 312 2821 ι

109 2795 132 2826 ‘2)
142 2797 193 2822 Καὶ
205 2797 293 2823 πάντα
308 2795 335 2824 ἄ.
351 2799 403 2821 etc.

99 2830 132 2862 (3)
145 2831 222 2866 Μὴ...
233 2840 273 2859 σε,
285 2838 339 2856 non
354 2838 404 2855 σοι.

97 2865 132 2897 41)
147 2867 239 2898 Ἔλεος
253 2865 356 2899 Κυρίου
371 2865 425 2896 ἐπὶ,
438 2868 488 2892 etc.

251 2929 271 2948 ο

931 2758 969 2790 (5)
980 2757 1220 2793 Ν.11.”Περί,οι‹·..
1230 2755 1273 2793 ὅτε
1285 2752 1420 2788 ἀνέστηὲκ
1431 2746 1672 2785 vagam-rd;qu

894 2793 1047 2822 ἐπετέλουν,
1058 2789 1090 2826 ᾧ,
1100 2789 1165 2822 etc.,
1181 2789 1273 2816 αὐτοῦ.

930 2829 966 2864 (6)
985 2821 1173 2864 Συνήήοιγεν...
1187 2823 1344 2859 νεκοωμένα
1359 2821 1433 2854 ὡσεί,
1447 2825 1498 2848 etc.
1524 2854 1528 2858 '
