1919 3051
262 158 313 185 767
686 159 716 188 S.
738 159 920 187 ATHANAEII
941 160 1017 187 OPP.
1038 160 1128 187 PARS
1148 159 1190 186 111.
1210 175 1242 180 -
1266 158 1472 188 EXEGETICA.
1839 159 1879 185 7t}!

296 218 340 244 23.
356 217 538 252 Cogitationes
555 218 645 246 cordis
659 219 719 253 ejus
743 219 769 246 in
794 220 996 254 generationem
1019 225 1046 247 ct

1131 219 1177 246 25.
1195 219 1327 254 Λογισμοὶ
1353 219 1401 254 τῆς
1425 218 1538 255 καρδίας
1556 217 1638 245 αὑτοῦ
1657 218 1698 250 είς
1721 217 1820 252 γενεὰν
1843 221 1878 244 ut

260 263 474 300 generationem.

446 271 474 289 n.
1098 265 1204 299 γενεάν.

295 309 340 336 21.
360 308 440 336 Beata
458 316 534 344 gens,
552 309 631 342 cujus
645 314 686 336 est
699 308 830 336 Dominus
845 309 916 337 Dens
931 311 1006 343 rjus:

1129 311 1174 337 24.
1186 310 1330 346 Μακάρων
1339 310 1370 336 τὸ
1379 309 1464 342 ἔθνος,
1475 307 1506 337 οὗ
1516 310 1572 336 ἐστι
1584 310 1686 344 Κύριος
1693 310 1707 335 ὸ
1715 309 1781 340 Θεὸς
1789 308 1878 335 αὐτοῦ·

295 355 342 383 25.
360 355 498 390 Populus,
525 363 605 390 quem
632 355 713 391 elegit
737 357 764 383 in
793 357 975 384 ltwrcditatctu
996 357 1046 385 sibi

1131 355 1177 382 ‘25.
1191 355 1272 386 Λαδς,
1283 355 1312 381 ὃν
1326 354 1466 388 ἐξελέξατο
1477 355 1516 386 εἰς
1528 354 1707 390 κληρονομίαν
1716 353 1804 388 ἑαυτῷ
1815 353 1879 388 [ἑαυ-

275 401 376 437 suam}.

1097 400 1167 436 τοῦ].

275 402 376 429 suam‘.

263 402 272 438 [
296 447 340 474 26.
355 413 393 473 De
405 446 475 473 cmlo
489 446 607 480 respexit
621 445 771 478 Dominus;

1097 409 1144 427 του
1161 420 1168 427 .

1133 402 1178 473 Ξ1ὶ.
1201 446 1245 480 Ἐξ
1261 447 1375 482 οὐρανοῦ
1393 446 1541 481 ἐπέϐλεψεν
1555 446 1569 472 ὁ
1581 445 1697 481 Κύριος·

296 492 341 519 27.
358 492 432 518 V‘idit
445 499 540 519 omnes
554 491 624 518 ﬁlios
639 491 792 518 hominum.

1132 492 1178 518 27.
1194 490 1255 518 Εἶδε
1270 492 1374 524 πάντας
1390 493 1453 524 τοὺς
1467 492 1542 523 υἱοὺς
1552 491 1606 518 τῶν
1622 490 1783 526 ἀνθρώπων.

297 537 342 564 28.
359 537 396 564 De
411 542 562 571 praeparato
574 537 730 564 habitacula
741 544 802 569 suo,

1129 537 1175 565 28.
1202 538 1246 570 Ἐξ
1265 538 1372 572 ἑτοίμου
1388 538 1598 573 κατοικητηρίου
1614 536 1708 568 αὑτοῦ,

294 583 341 609 29.
357 582 486 617 Respexit
499 590 579 618 super
597 590 693 610 omnes
717 583 763 617 qui
780 583 905 610 habitant
917 587 1029 615 tt-rram,

1130 583 1175 610 29.
1192 583 1354 618 Ἑπέϐλεῲεν
1373 584 1418 610 ἐπὶ
1432 583 1534 615 πάντας
1551 583 1615 614 τοὺς
1629 581 1825 612 κατοικοῦντας
1840 582 1879 615 τὴν

1098 626 1160 660 γῆν.

297 669 341 696 ⁵50.
357 669 408 702 Qui
424 670 502 697 tinxit
515 671 672 705 singinatlm
689 670 773 697 corda
788 678 900 703 eorum;

1131 670 1175 697 50.
1200 671 1229 698 '0
1243 670 1347 702 πλάσας
1361 671 1432 698 κατὰ
1448 670 1531 706 μόνας
1545 669 1594 701 τὰς
1607 669 1721 704 καρδίας
1738 669 1843 696 αὐτῶν·

297 716 341 742 51.
355 715 406 748 Qui
424 716 549 751 intelligit
560 717 652 744 omnia
667 724 748 751 opera
765 724 871 743 eorum.

1136 717 1180 744 5i.
1205 717 1234 743 '0
1250 717 1350 749 συνιεὶς
1365 718 1404 749 εἰς
1421 717 1510 744 πάντα
1534 716 1568 743 τὰ
1583 715 1651 752 ἔργα
1666 715 1766 742 αὐτῶν.

296 761 342 788 32.
358 760 416 787 Non
430 762 551 788 salvatur
568 769 613 788 rex
629 770 677 796 per
692 763 803 789 multam
816 762 962 790 virtutem:

1134 763 1178 790 52.
1195 764 1232 790 Οὐ
1251 762 1366 794 σώζεται
1384 763 1510 798 βασιλεὺς
1526 763 1571 789 διὰ
1588 761 1686 797 πολλὴν
1710 761 1834 796 δύναμιν·

296 805 341 832 35.
357 805 388 832 Et
400 806 476 840 gigas
488 814 541 833 non
555 806 706 833 salvahitur
717 807 744 833 in
758 806 929 834 multitudine
941 806 1049 834 virtutis

1129 809 1172 835 53.
1195 808 1249 835 Καὶ
1275 808 1355 843 γίγας
1378 809 1409 835 οὖ
1434 808 1586 844 σωθήσεται
1614 809 1644 834 ὲν
1666 807 1766 842 πλήθει
1798 805 1878 842 ἰσχύος

263 858 319 878 suae
331 859 338 877 ἶ

1099 853 1190 882 αὑτοῦ.

298 896 342 924 34.
359 896 452 923 Fallax
465 895 599 931 equus'ad
617 895 749 922 salutem:

1065 903 1087 932 Β
1134 897 1179 924 54.
1196 898 1304 933 Ψευδὴς
1319 898 1401 929 ἵππος
1415 899 1454 929 εἰς
1470 897 1623 933 σωτηρίαν·

297 943 374 970 55.ln
382 942 548 969 abundantia
557 946 646 968 autem
655 942 762 969 virtutis
768 949 824 970 suae
832 949 885 969 non
893 942 1050 970 salvabitur.

1204 944 1247 970 Ἐν
1263 944 1291 970 δὲ
1304 943 1400 979 πλήθει
1412 943 1554 978 δυνάμεως
1567 941 1650 969 αὑτοῦ
1671 941 1702 968 οὐ
1726 941 1881 977 σωθήσεται.

297 988 342 1016 56.
359 987 428 1016 Ecce
442 989 514 1015 oculi
529 987 636 1015 Domini
653 995 736 1023 super
753 993 905 1016 metuentes
917 996 998 1017 eum:

1135 988 1179 1015 '56.
1199 989 1263 1015 Ἰδοὺ
1272 990 1296 1015 oi.
1312 989 1446 1024 ὀφθαλμοὶ
1460 989 1562 1024 Κυρίου
1575 989 1621 1015 ἐπὶ
1632 989 1694 1020 τοὺς
1708 987 1882 1022 φοϐουμένους

1099 1035 1180 1061 αὐτόν
1191 1042 1198 1049 ·

298 1077 343 1104 37.
362 1076 508 1112 Sperantes
521 1086 603 1113 super
619 1078 805 1107 misericordia
819 1079 897 1114 ejus;

1134 1081 1178 1108 57.
1195 1081 1266 1112 Τοὺς
1283 1080 1442 1116 ἐλπίζοντας
1458 1080 1498 1116 [in
1511 1088 1598 1115 marg.
1611 1079 1672 1107 cod.
1690 1078 1830 1114 γράφεται
1844 1076 1882 1104 καὶ

1100 1126 1157 1157 τοῖς
1171 1113 1336 1161 ἐλπίζουσιν]
1351 1126 1397 1152 ἐπὶ
1411 1125 1442 1152 τὸ
1456 1113 1530 1157 ἕλεος
1551 1113 1651 1152 αυτοῦ·

298 1167 342 1196 38.
359 1168 393 1196 Ut
409 1174 487 1196 eruat
502 1177 517 1197 a
531 1175 617 1197 morte
631 1171 736 1199 animas
748 1179 841 1199 eorum
854 1181 862 1202 ;

1136 1170 1181 1197 58.
1202 1170 1347 1198 Ῥύσασθαι
1363 1171 1396 1197 ὲκ
1413 1170 1526 1197 Θανάτου
1540 1170 1589 1202 τὰς
1601 1169 1689 1205 ψυχὰς
1704 1169 1812 1196 αὐτῶν·

297 1213 342 1240 59.
357 1213 391 1240 Ει
406 1215 460 1241 alat
474 1222 522 1242 eos
539 1215 566 1241 in
583 1215 663 1242 fame.

1139 1217 1184 1244 59.
1196 1217 1250 1243 Καὶ
1262 1217 1404 1252 διαθρέψαι
1421 1216 1519 1248 αὐτοὺς
1530 1217 1558 1242 ὲν
1572 1215 1653 1251 λιμῷ.

297 1259 342 1287 40.
357 1260 455 1287 Anima
469 1264 559 1287 autem
573 1265 666 1289 nostra
684 1261 800 1288 sustinet
816 1261 978 1289 Dominum:

1138 1262 1183 1289 40.
1205 1263 1238 1290 Ἠ
1252 1262 1280 1288 δὲ
1294 1262 1366 1298 ψυχὴ
1381 1262 1460 1298 ἡμῶν
1471 1262 1601 1297 ὑπομένει
1614 1261 1653 1295 τῷ
1663 1260 1758 1295 Κυρίῳ
1767 1267 1774 1274 ·

297 1305 342 1332 Al.
358 1305 493 1338 Quoniam
507 1307 614 1341 adjutor
626 1312 653 1333 et
664 1311 800 1342 protector
811 1312 903 1334 noster
920 1313 976 1336 est:

1139 1308 1183 1334 M.
1201 1308 1263 1334 Ὅτι
1279 1307 1374 1343 βοηθὸς
1391 1308 1439 1334 καὶ
1453 1306 1657 1343 ὑπερασπιστὴς
1673 1306 1752 1341 ἡμῶν
1766 1306 1852 1332 ὲστιν·

299 1350 344 1377 42.
363 1351 431 1383 Quia
445 1351 472 1378 in
486 1359 519 1379 eo
535 1352 671 1379 laetabitur
683 1360 731 1380 cor
746 1359 887 1386 nostrum;

1139 1353 1184 1379 42.
1199 1353 1260 1378 ’Ότι
1273 1353 1302 1378 ὲν
1319 1352 1394 1386 αὐτῷ
1407 1351 1624 1388 εὐφρανθήσεται
1638 1351 1655 1384 ἡ
1678 1349 1777 1385 καρδία
1794 1349 1880 1384 ἡμῶν·

298 1396 342 1424 45.
359 1395 393 1424 Ει
403 1397 431 1423 in
445 1397 555 1424 nomine
568 1403 663 1425 sancto
677 1398 738 1432 ejus
751 1400 929 1434 speravimus.

1139 1398 1184 1425 45.
1199 1398 1254 1425 Καὶ
1266 1398 1295 1424 ὲν
1306 1397 1346 1433 τῷ
1361 1398 1472 1433 ὀνόματι
1488 1396 1528 1433 τῷ
1549 1396 1619 1431 ἁγίῳ
1630 1395 1712 1422 αὑτοῦ
1725 1395 1881 1430 ἠλπίσαμεν.

824 1465 1011 1493 ATIIANASH
1031 1465 1324 1493 INTERPRETATIO.

297 1519 343 1547 25.
359 1519 525 1549 Illuminatio
540 1522 610 1557 ejus.

1065 1527 1087 1556 C
1138 1525 1183 1551 25.
1209 1524 1239 1550 ὐ
1252 1523 1392 1559 φωτισμὺς
1410 1522 1503 1550 αὑτοῦ.

302 1566 348 1593 24.
365 1566 526 1595 Sanctorum
539 1573 645 1604 gentem
659 1574 685 1597 et
693 1569 822 1605 populum
835 1569 894 1604 ejus
907 1569 1052 1604 signiﬁcat.

1138 1570 1184 1597 24.
1192 1570 1229 1605 (1)
1238 1570 1275 1596 Τὸ
1286 1569 1340 1596 τῶν
1350 1569 1435 1603 ἁγίων
1447 1568 1521 1600 ἔθνος
1532 1566 1578 1594 καὶ
1588 1566 1633 1593 τὸν
1643 1565 1726 1592 αὐτοῦ
1736 1565 1800 1592 λαδν
1807 1564 1882 1598 λέγει.

301 1612 347 1639 25.
364 1612 546 1648 Complacuit,
564 1614 662 1650 inquit.
679 1616 784 1643 salvum
803 1615 902 1643 facere.

855 1623 902 1642 :re.
1136 1615 1181 1643 25.
1201 1607 1338 1650 Εὐδόκησε
1354 1614 1400 1641 τοῦ
1418 1615 1514 1646 σῶσαι,
1530 1613 1613 1647 λέγει.

299 1658 347 1686 26.
363 1658 476 1694 Semper
486 1661 558 1687 enim
574 1661 700 1690 homines
714 1662 843 1697 respexit.

1138 1662 1183 1689 26.
1203 1662 1258 1688 Ἀεὶ
1274 1660 1329 1697 γὰρ
1341 1660 1437 1687 ἕϐλεπε
1450 1660 1514 1691 τοὺς
1529 1658 1697 1694 ἀνθρώπους.

301 1703 346 1736 '27,
373 1703 419 1731 29.
440 1704 557 1734 intuitus
582 1712 624 1734 est
646 1715 661 1734 e
682 1707 751 1734 ccelo
772 1711 868 1734 sancto
891 1714 942 1734 suo
962 1705 1053 1733 homi-

1139 1707 1232 1735 27-29.
1253 1707 1374 1733 Ἐπείδεν
1390 1707 1422 1732 ὲκ
1444 1705 1490 1732 τοῦ
1513 1705 1626 1740 οὐρανοῦ
1646 1705 1693 1730 τοῦ
1712 1704 1790 1739 ἁγίου
1811 1702 1882 1730 αὑτοῦ

269 1757 334 1776 num
348 1757 450 1784 genus,
470 1755 498 1778 et
515 1751 556 1779 eis
572 1752 700 1781 omnibus
729 1753 868 1781 consuluit
889 1757 969 1788 atque
992 1759 1027 1786 [ηπ

1124 1753 1134 1780 ὁ
1148 1753 1226 1787 γένος
1241 1753 1295 1780 τῶν
1307 1751 1468 1788 ἀνθρώπων.
1480 1751 1528 1778 καὶ
1542 1752 1669 1787 πρόνοιαν
1684 1750 1775 1777 αὐτῶν
1786 1750 1882 1776 πάντων

269 1794 346 1822 vidit.

1105 1799 1262 1833 πεποίηται.

301 1840 346 1867 50.
363 1840 389 1867 In
402 1840 548 1875 baptismo.

1140 1845 1184 1872 50.
1209 1843 1302 1879 Ἐντῷ
1320 1843 1497 1878 βαπτίσματι.

305 1886 349 1913 51.
366 1886 468 1913 Gaudet
482 1891 612 1921 praeterea
626 1894 720 1914 eorum
733 1887 871 1922 operibus.

1138 1889 1182 1916 5i.
1197 1890 1295 1924 Χαίρει
1308 1889 1344 1924 (2)
1363 1888 1455 1915 λοιπὸν
1469 1889 1498 1915 ἐν
1513 1889 1568 1919 τοῖς
1582 1887 1673 1923 ἔργοις
1687 1886 1787 1913 αὐτῶν.

304 1931 349 1958 3‘2.
366 1931 394 1958 ln
409 1931 453 1958 die
463 1931 573 1966 judicii.

1141 1935 1185 1962 5'2.
1207 1935 1251 1961 ‘Ev
1265 1936 1299 1970 τῇ
1316 1935 1407 1970 ἡμέρᾳ
1416 1935 1466 1970 τῆς
1488 1935 1613 1970 κρίσεως.

304 1977 347 2004 55.
367 1977 446 2005 Salus
461 1985 475 2004 a
492 1978 604 2005 Domino
627 1982 654 2004 et
671 1978 698 2004 in
718 1977 844 2013 praesenti
866 1982 893 2005 et
913 1978 940 2004 in
964 1977 1055 2006 futuro

1140 1981 1184 2007 55.
1202 1980 1282 2015 Παρὰ
1296 1980 1398 2016 Κυρίου
1413 1981 1429 2015 ἡ
1446 1980 1567 2014 σωτηρία
1581 1978 1628 2005 καὶ
1641 1979 1671 2005 ἐν
1690 1977 1731 2013 τῷ
1752 1977 1798 2004 νῦν
1815 1976 1881 2004 αἰῶνι

271 2024 370 2051 szeculo
387 2024 533 2059 unicuique
549 2024 637 2051 datur.

1105 2027 1153 2054 καὶ
1166 2028 1194 2052 ὲν
1208 2026 1247 2060 τῷ
1265 2025 1388 2061 μέλλοντι
1406 2026 1514 2060 ἑκάστῳ
1528 2024 1637 2052 δίδοται.

306 2071 350 2098 54.
366 2069 425 2098 Non
438 2075 528 2098 autem
542 2075 568 2098 ut
582 2071 608 2098 in
619 2071 744 2106 praesenti
755 2079 854 2106 equum
866 2072 980 2104 habens,
992 2076 1055 2099 tunc

1141 2073 1185 2100 5-1.
1199 2073 1266 2099 Οὐδὲ
1280 2073 1294 2098 ὁ
1307 2073 1389 2103 ἵππος
1403 2071 1441 2107 (5)
1465 2071 1535 2106 ἔχων
1557 2072 1586 2098 ὲν
1601 2071 1639 2106 τῷ
1657 2070 1704 2097 νῦν
1729 2069 1806 2097 αἰῶνι
1831 2069 1881 2095 τότε

271 2116 370 2151 poterit
381 2115 408 2143 in
424 2123 457 2143 eo
471 2115 609 2151 aufugere.

1105 2118 1247 2153 δυνήσεται
1265 2119 1294 2144 ὲν
1309 2117 1382 2153 αὺτῷ
1395 2117 1514 2152 φεύγειν.

305 2162 350 2189 55.
365 2160 424 2188 Non
434 2161 507 2188 enim
517 2161 649 2197 cujusque
660 2161 779 2196 potentia
791 2161 906 2189 salvabit
915 2169 977 2189 eum
989 2166 1055 2188 tem-

1141 2163 1186 2190 55.
1200 2164 1238 2190 Οὐ
1253 2163 1307 2198 γὰρ
1320 2164 1337 2198 ἡ
1353 2163 1496 2190 δυναστεία
1512 2162 1625 2189 ἑκάστου
1641 2160 1721 2192 σώζει
1734 2159 1837 2196 [σώσει]
1848 2158 1883 2185 αὑ·

271 2215 336 2242 pore
348 2207 454 2242 judicii.

1073 2197 1094 2225 Β
1107 2210 1152 2235 τὸν
1170 2210 1198 2235 ὲν
1210 2209 1248 2244 τῷ
1266 2197 1355 2244 καιρῷ
1369 2209 1420 2243 τῆς
1433 2208 1557 2244 κρίσεως.

306 2252 351 2286 56,
365 2253 410 2280 57.
428 2252 579 2279 Delectatur
595 2250 667 2278 enim
684 2251 853 2286 subjectione
865 2255 891 2278 et
903 2259 960 2285 spe,
973 2259 1055 2286 quam

1140 2254 1184 2287 56,
1199 2255 1243 2282 57.
1266 2254 1377 2290 Ἐρᾶται
1392 2255 1438 2280 ἐπὶ
1451 2256 1485 2289 τῇ
1500 2253 1622 2288 ὑποταγῇ
1636 2252 1683 2279 καὶ
1699 2253 1732 2287 τῇ
1745 2251 1841 2285 ἐλπίδι,
1855 2251 1881 2285 ἦν

270 2299 299 2326 in
313 2307 346 2327 eo
360 2299 471 2326 habent.

1106 2300 1211 2336 ἔχουσιν
1226 2300 1266 2332 εὶς
1278 2300 1366 2328 αὐτόν.

307 2345 351 2372 58.
366 2344 389 2370 Α
401 2349 490 2370 morte
504 2346 614 2369 aeterna.

1140 2346 1184 2373 58.
1201 2346 1254 2373 Τοῦ
1269 2347 1379 2373 αἰωνίου
1395 2345 1521 2373 θανάτου.

302 2390 347 2418 59.
363 2389 423 2417 Non
445 2388 544 2416 famem
563 2386 641 2422 panis
660 2386 808 2421 significat,
825 2387 872 2414 sed
893 2387 992 2414 fatncm
1005 2396 1051 2416 au-

1143 2392 1187 2419 59.
1208 2392 1245 2418 Οὺ
1263 2391 1336 2426 λέγει
1349 2391 1427 2427 λιμὸν
1440 2392 1534 2428 ἄρτου,
1552 2390 1620 2418 ἀλλὰ
1631 2390 1708 2426 λιμὸν
1719 2390 1766 2417 τοῦ
1779 2390 1881 2417 ἀκοῦσαι

271 2437 362 2465 diendi
376 2435 489 2464 verbum
507 2434 623 2462 Domini.

617 2453 623 2460 -
1108 2439 1183 2474 λόγον
1206 2439 1309 2474 Κυρίου
1325 2438 1372 2474 (4).

305 2484 350 2512 40.
365 2483 463 2512 Anima
473 2486 567 2510 nostra
576 2485 716 2517 exspectat
725 2488 831 2516 semper
839 2479 1052 2509 misericordiam

1141 2485 1185 2512 ιο.
1206 2485 1238 2511 Ἦ
1253 2484 1326 2520 ψυχὴ
1344 2484 1424 2520 ἡμῶν
1437 2483 1580 2520 περιμένει
1599 2484 1713 2511 πάντοτε
1725 2483 1756 2510 τὸ
1770 2481 1881 2518 παρἀῠ-

270 2531 305 2559 ab
317 2538 360 2558 eo.
847 2545 849 2548 -

847 2545 849 2548 -
1107 2529 1154 2555 τοῦ
1171 2529 1251 2560 ἔλεος.

301 2576 346 2603 41.
362 2574 496 2608 Quoniam
510 2574 568 2609 ipse
579 2581 687 2608 semper
699 2580 773 2601 curae
790 2580 840 2601 nos
858 2573 948 2600 habet.

1141 2574 1186 2600 41.
1204 2575 1265 2601 Ὅτι
1282 2573 1362 2606 αὐτὸς
1375 2574 1418 2600 ἀεὶ
1434 2574 1560 2610 φροντίδα
1572 2574 1650 2610 ἡμῶν
1669 2574 1792 2601 ποιεῖται.

306 2622 350 2650 12.
363 2621 536 2649 lnhabitante
552 2619 612 2654 ipso
624 2620 651 2647 in
665 2620 754 2648 nobis.

1142 2620 1188 2646 42.
1200 2620 1441 2655 Κατασκηνοῦντος
1455 2619 1536 2646 αὐτοῦ
1553 2621 1582 2646 ὲν

304 2669 347 2696 13.
364 2667 498 2701 Quoniam
515 2671 611 2702 potens
621 2671 662 2694 est
674 2666 778 2697 salvare
789 2674 850 2694 nos.

821 2674 850 2694 is.
1144 2665 1187 2693 45.
1202 2666 1262 2692 Ὅτι
1274 2666 1385 2693 δύναται
1398 2666 1482 2692 σῶσαι
1497 2666 1579 2701 ἡμᾶς.

752 2724 905 2755 Addenda
923 2728 953 2755 et
972 2724 1160 2763 corrigenda
1175 2733 1215 2755 ex
1229 2723 1300 2754 cod.
1316 2724 1418 2754 Vatic.

311 2779 350 2813 (ι)
363 2779 400 2805 Τὸ
418 2778 481 2810 τῶν,
495 2782 560 2809 εις..
580 2776 664 2812 λέγει,
678 2777 710 2805 Ν.
726 2777 770 2811 26,
787 2777 832 2804 27.
855 2777 908 2804 Ἀεὶ
921 2778 984 2812 γάρ,
1003 2782 1054 2805 ctc.
1146 2775 1261 2813 (ἔξωῡᾶ
1282 2776 1373 2813 ἵππον.

278 2811 422 2846 Ν.’⁴ὶ8.(ξ9,
445 2814 564 2840 Ἐπείδεν
580 2811 622 2840 ὲκ.
636 2818 688 2841 etc.

619 2811 622 2839 ζ
636 2818 688 2841 etc.
1148 2811 1186 2847 (4)
1203 2812 1287 2845 Λόγον
1302 2811 1377 2838 Θεοῦ.

315 2849 354 2884 (2)
368 2849 462 2886 Χαίρει
481 2849 550 2883 γάρ,
567 2853 618 2876 etc.
