1919 3051
241 141 291 168 771
662 138 691 166 S.
711 136 895 165 ATllANASll
911 135 988 164 OPP.
1008 133 1099 162 PARS
1118 132 1163 160 lll.
1181 147 1214 153 —-
1231 130 1436 159 EXEGETlCA.

1813 128 1868 155 772

275 198 317 225 13.
333 194 576 225 Castram‘etabitur
599 195 712 230 angelus
733 195 840 223 Domini
857 195 884 222 in
910 194 1026 222 circuitu

1116 191 1155 217 15.
1168 187 1342 224 Παρεμὸαλεί
1356 186 1469 221 ἄγγελος
1482 185 1584 221 Κυρίου
1599 184 1691 219 κύκλῳ
1703 184 1756 211 τῶν
1769 184 1869 219 φοϐουε

243 241 398 271 timentium
414 249 486 274 eum,
501 246 528 268 et
541 241 637 275 eripiet
650 248 708 268 eos.

281 288 324 315 14.
341 287 452 315 Gustate
477 291 504 314 et
527 286 627 320 videte,
653 287 782 321 quoniam
807 287 900 314 suavis
922 290 965 315 est
979 284 1033 313 Do-

247 335 339 361 minus
351 342 359 360 :

284 379 326 406 15.
344 377 442 404 Beatus
456 375 508 409 vir,
520 375 567 410 qui
581 380 672 410 sperat
686 375 714 402 in
727 382 771 402 eo.

281 424 324 452 16.
341 422 444 450 Timete
459 422 616 454 Dominum,
633 428 728 448 omnes
742 420 829 448 sancti
841 421 901 455 ejus
914 429 922 448 :

283 470 326 496 17.
344 468 478 501 Quoniam
493 474 546 493 non
563 471 605 493 est
623 467 715 501 inopia
728 467 891 494 timentibus
905 472 982 493 eum.

286 516 329 542 18.
347 515 449 541 Divites
465 518 599 548 eguerunt
615 517 642 539 et
657 513 813 539 esurierunt
829 521 835 538 :

283 562 329 589 19.
347 560 519 595 lnquirenles
534 564 626 586 autem
644 557 790 585 Dominum
810 565 863 585 non
878 557 1034 584 minuentur

245 608 322 635 omni
339 608 422 634 bono.

282 652 328 679 20.
345 651 450 685 Venite,
466 651 523 682 lilii,
539 649 630 676 audite
643 656 705 675 me:

285 700 330 726 21.
349 699 487 725 Timorem
507 697 613 723 Domini
630 695 733 723 docebo
747 702 806 722 vos.

282 744 328 771 2'2.
345 743 411 776 Quis
426 747 467 770 est
481 743 563 768 homo
581 741 625 776 qui
646 740 705 767 vult
720 740 803 766 vitam
814 759 822 772 ,

284 789 329 816 25.
348 788 468 823 Diligens
484 788 542 814 dies
558 787 649 813 videre
662 785 770 812 bonos?

283 836 329 862 24.
347 834 464 861 Prohibe
479 833 599 867 linguam
619 836 691 858 tuam
707 839 722 858 a
741 830 813 858 malo
828 839 835 857 :

282 882 327 909 25.
345 881 378 908 Et
391 881 462 908 labia
476 885 522 907 tua
535 887 568 907 ne
584 881 732 914 loquantur
747 878 850 905 dolum.

284 927 330 954 26.
348 926 456 953 Diverte
470 933 486 952 a
504 925 587 956 malo,
599 929 626 951 et
641 924 684 950 fac
699 924 800 950 bonum
817 931 822 948 :

284 974 329 1001 27.
349 972 458 1008 lnquire
474 979 579 1006 pacem,
595 974 621 997 et
636 976 798 1004 persequere
812 975 882 995 eam.

282 1018 329 1045 28.
348 1017 427 1044 Oculi
441 1016 590 1053 [Quoniam
607 1014 690 1050 oculi]
707 1013 813 1040 Domini
829 1020 910 1047 super
924 1011 1032 1047 justos;

284 1064 329 1091 29.
351 1062 383 1090 Et
399 1070 478 1089 aures
493 1061 554 1096 ejus
566 1062 592 1087 in
607 1067 700 1095 preces
715 1067 821 1086 eorum.

285 1107 330 1134 50.
351 1106 446 1133 Vultus
461 1110 552 1132 autem
569 1104 677 1132 Domini
699 1111 780 1138 super
795 1103 925 1130 faeientes
941 1101 1032 1132 mala;

283 1154 329 1181 51.
348 1153 383 1181 Ut
393 1153 488 1189 perdat
500 1153 533 1180 de
548 1156 620 1179 terra
638 1151 796 1178 memoriam
813 1157 919 1177 eorum.

281 1198 327 1226 32.
342 1198 536 1225 Clamavemnt
550 1196 628 1232 justi,
643 1201 670 1224 et
682 1195 814 1223 Dominus
825 1194 964 1222 exaudivit
974 1201 1033 1226 eos,

1083 235 1169 270 μένων
1182 234 1272 265 αὐτὸν,
1286 233 1334 259 καὶ
1347 231 1456 268 ῥύσεται
1469 231 1578 262 αὐτούς.

1118 280 1160 308 14.
1177 279 1312 306 Γεύσασθε
1328 278 1376 304 καὶ
1392 277 1471 309 ἴδετε,
1485 277 1527 303 ὃτι
1543 276 1660 312 χρηστὸς
1672 277 1686 302 ό
1699 275 1803 311 Κύριος
1814 284 1821 290 ·

1118 359 1161 386 15.
1179 358 1319 393 Μακάριος
1333 357 1411 392 ἀνὴρ,
1425 356 1454 387 ὃς
1468 355 1572 387 ἐλπίζει
1588 355 1631 381 ἐπ’
1647 354 1749 382 αὒτᾶν.¹

1119 405 1161 432 16.
1173 403 1310 439 Φοϐήθητε
1324 403 1369 429 τὸν
1381 401 1481 437 Κύριον
1494 402 1592 432 πάντες
1602 401 1626 426 οἱ
1641 400 1713 433 ἅγιοι
1729 399 1813 426 αὑτοῦ
1825 407 1832 414 ·

1118 452 1161 478 1'].
1169 451 1230 476 Ὂτι
1237 450 1286 476 οὐκ
1296 449 1368 475 ἔστιν
1377 449 1517 484 ὑστέρημα
1524 449 1579 478 τοῖς
1588 445 1764 481 φοϐουμένοις
1774 445 1870 471 αὑτό-ί.

1121 496 1163 524 18.
1184 494 1308 522 Πλούςιοι
1323 493 1496 529 ὲπτώχευσαν
1516 492 1561 519 καὶ
1574 492 1736 518 ἐπείνασαν·

1118 542 1161 569 19.
1182 542 1213 567 Οἱ
1228 540 1256 567 δὲ
1271 539 1448 575 ἐκζητοῦντες
1464 539 1509 565 τὸν
1526 537 1625 575 Κύριον
1647 537 1698 564 οὐκ.
1716 535 1873 570 ἐλαττωθή-

1082 594 1173 614 σονται
1191 584 1290 615 παντὸς
1303 583 1415 618 ἀγαθοῦ.

1118 631 1163 660 20.
1183 631 1276 663 Δεῦτε,
1292 630 1385 661 τέκνα,
1405 628 1539 656 ἀκούσατὲ
1559 636 1626 664 μου·

1116 678 1161 705 21.
1180 676 1263 702 Φόϐον
1278 675 1379 711 Κυρίου
1397 675 1494 708 διδάξω
1510 675 1590 709 ὑμᾶς.

1117 723 1162 750 22.
1182 723 1230 754 Τίς
1247 723 1319 748 ἐστιν
1333 722 1474 756 ἄνθρωπος
1486 721 1500 747 ὁ
1517 721 1601 747 θέλων
1617 720 1700 756 ζωὴν,

1117 769 1161 795 25.
1178 768 1304 802 Ἀγαπῶν
1319 766 1425 802 ἡμέρας
1442 767 1506 793 ἰδεῖν
1521 765 1645 800 ἀγαθάς;

1119 814 1163 842 21.
1184 814 1289 840 Παῦσον
1305 813 1353 848 τὴν
1368 812 1492 847 γλῶσσάν
1507 821 1553 838 σου
1570 812 1624 838 ἀπὸ
1641 810 1728 838 κακοῦ
1740 820 1746 826 ·

1117 861 1162 888 25.
1184 860 1238 887 Kal.
1254 859 1330 895 χείλη
1346 869 1390 886 σου
1404 859 1450 886 τοῦ
1468 859 1504 894 μὴ
1517 858 1630 894 λαλῆσαι
1646 858 1733 884 δόλον.

1121 907 1165 933 26.
1175 906 1316 933 Ἔκκλινον
1333 906 1388 932 ἀπὸ
1399 905 1495 937 κακοῦ,
1511 905 1558 931 καὶ
1572 904 1683 939 ποίησον
1699 903 1801 938 ἀγαθόν
1811 911 1819 918 ·

1120 952 1164 980 27.
1185 953 1306 988 Ζήτησον
1321 952 1441 987 εἰρήνην,
1457 951 1504 978 καὶ
1517 951 1609 983 δίωξον
1622 951 1719 985 αὑτήν.

1123 997 1167 1024 28.
1180 997 1328 1032 Ὀφθαλμοὶ
1342 997 1393 1033 [ὅτι
1410 996 1554 1032 ὀφθαλμοὶ]
1570 996 1672 1032 Κυρίου
1684 996 1732 1022 ἐπὶ
1741 995 1872 1026 δικαίους·

1121 1043 1165 1071 29.
1186 1043 1240 1069 Καὶ
1255 1040 1312 1070 ὦτα
1326 1042 1406 1069 αὑτοῦ
1421 1044 1461 1074 εἰς
1476 1043 1566 1078 δέησιν
1581 1042 1681 1069 αὐτῶν.

1120 1089 1164 1116 50.
1183 1089 1331 1124 Πρόσωπον
1348 1088 1377 1115 δὲ
1392 1088 1495 1124 Κυρίου
1510 1088 1557 1117 ἐπὶ
1569 1087 1714 1119 ποιοῦντας
1728 1087 1819 1114 κακά·

1121 1134 1165 1161 51.
1185 1134 1239 1160 To?)
1251 1134 1438 1170 ὲξολοθρεῦσαι
1449 1135 1481 1161 ὲκ
1491 1134 1542 1169 γῆς
1552 1134 1582 1160 τὸ
1591 1134 1762 1169 μνημόσυνον
1773 1132 1872 1160 αὑτῶν.

1121 1179 1166 1206 52.
1180 1179 1346 1215 Ἐκέκραξαν
1360 1180 1386 1206 οι
1397 1179 1506 1214 δίκαιοι,
1520 1180 1568 1207 καὶ
1578 1179 1593 1205 ό
1603 1179 1705 1214 Κύριος
1715 1179 1875 1214 εἰσήκουσεν

1087 1225 1188 1259 αὐτῶν,

812 1293 1000 1322 ATHANASll
1020 1293 1313 1323 lNTERPRETATlO.

283 1353 328 1381 15.
343 1352 380 1380 Ut
395 1360 476 1388 super
492 1352 580 1380 tribus
594 1352 686 1388 pueris
699 1352 726 1380 in
743 1353 851 1381 camino
865 1353 946 1389 ignis.

288 1439 333 1466 14.
349 1439 504 1466 lmmortale
517 1439 630 1472 donum,
643 1438 719 1466 dicit.

285 1484 329 1511 15.
345 1483 423 1517 Quod
433 1483 505 1510 enim
515 1484 630 1518 quisque
641 1484 674 1510 ab
686 1491 719 1511 co
728 1487 819 1519 sperat
825 1483 958 1517 obtinere,
973 1484 1038 1512 illud

251 1529 378 1563 accipiet,
393 1534 421 1555 et
433 1528 550 1563 amplius
563 1528 688 1563 accipiet.

287 1575 330 1601 16.
345 1573 396 1607 Qui
411 1574 482 1601 enim
495 1574 581 1602 sancti
595 1582 655 1601 esse
672 1574 764 1606 vultis,
782 1575 877 1602 timete
891 1582 967 1602 eum.

287 1621 331 1647 1'1.
351 1619 486 1652 Quoniam
512 1619 615 1647 nullum
645 1620 747 1647 bonum
774 1619 852 1648 deest
879 1620 1040 1648 timentibus
1069 1657 1074 1661 η

253 1673 328 1693 eum.

289 1711 333 1738 18.
355 1710 548 1738 Deﬁcientibus
560 1711 672 1744 divitiis,
690 1711 718 1738 in
738 1711 838 1746 quibus
851 1714 1038 1745 speraverunt.

251 1755 364 1791 Proprie
378 1761 468 1784 autent
484 1756 640 1785 Judaeorum
656 1757 788 1792 populum
806 1757 953 1791 signiﬁcat.

290 1802 333 1829 19.
351 1802 455 1830 Divitiae
469 1803 542 1830 enim
556 1810 651 1830 eorum
677 1807 741 1830 sunt
766 1802 908 1833 Dominus.
924 1801 972 1836 qui
989 1802 1024 1828 bo

252 1855 305 1874 nus
322 1852 349 1874 et
368 1847 526 1876 indeiiciens
542 1853 601 1882 est,
626 1848 654 1875 in
667 1848 746 1883 cujus
760 1856 843 1875 manu
857 1848 948 1875 omnia
961 1853 1039 1881 sunt;

253 1893 311 1928 ipse
323 1894 395 1920 enim
409 1902 440 1921 ea
455 1893 530 1921 fecit.

288 1938 383 1966 20-25.
403 1939 566 1967 Desiderans
581 1944 681 1967 aeterne
702 1940 808 1973 vivere,
833 1942 861 1967 et
874 1938 933 1967 dies
954 1938 1040 1966 inter-

253 1984 398 2012 minabiles
417 1993 543 2019 quaerens
558 1985 660 2012 videre.

290 2030 335 2056 24.
353 2031 375 2056 A
387 2031 521 2058 convicio.

288 2075 333 2103 25.
353 2075 469 2103 Prohibe
482 2084 496 2103 ει
512 2075 664 2103 mendacio.

289 2121 334 2148 26.
352 2122 393 2148 Ab
409 2122 483 2148 omni
495 2127 617 2156 peccato.

288 2167 334 2193 2'1.
354 2167 511 2199 Dominum,
524 2174 548 2195 et
564 2174 679 2202 sequere
693 2174 766 2194 eum.

289 2212 341 2245 28,
357 2212 402 2240 29.
421 2212 526 2240 Gaudet
540 2213 634 2240 videns
651 2219 698 2239 eos
715 2216 824 2247 propter
836 2220 917 2247 opera
932 2219 1039 2244 eorum,

254 2263 280 2286 et
295 2259 443 2286 delectatur
469 2259 585 2286 audiens
610 2258 828 2293 deprecationem
842 2265 936 2285 eorum
949 2278 957 2291 ,
971 2264 1040 2292 quo-

255 2305 340 2336 niam,
355 2312 416 2339 quae
428 2305 525 2339 placita
539 2305 564 2331 ei
577 2309 651 2338 sunt,
665 2305 699 2331 ab
713 2312 746 2331 eo
759 2309 864 2338 petunt.

291 2349 336 2375 50.
355 2348 485 2375 Irascitur
501 2353 608 2382 autem,
631 2354 713 2383 atque
735 2348 892 2382 indignatur
907 2354 988 2382 super
1002 2346 1042 2374 fa-

255 2395 357 2421 cientes
373 2394 454 2421 mala.

290 2439 335 2466 51.
349 2439 381 2466 Et
399 2447 432 2467 ex
448 2439 499 2465 hac
514 2442 584 2465 terra
602 2440 629 2464 et
641 2434 743 2463 futura.

293 2485 336 2513 52.
353 2485 429 2512 Sicut
443 2485 469 2512 in
486 2487 643 2518 tempestate
664 2482 747 2509 maris
766 2481 892 2517 discipuli
912 2483 1041 2510 clamave-

257 2535 318 2558 runt
332 2534 359 2558 et
377 2538 411 2558 ex
424 2529 499 2558 omni
511 2534 579 2556 aestu
593 2527 711 2556 animam
727 2535 742 2554 a
759 2534 874 2562 corpore
886 2534 1039 2563 separatam

1123 1356 1167 1383 15.
1194 1356 1238 1387 Ὠς
1248 1356 1294 1382 ἐπὶ
1308 1355 1362 1382 τῶν
1372 1355 1456 1390 τριῶν
1467 1354 1568 1382 παίδων
1582 1353 1631 1389 τὴν
1643 1352 1681 1388 (1)
1701 1352 1818 1388 κάμινον
1829 1350 1876 1378 τοῦ

1088 1401 1185 1436 πυρός.

1051 1437 1073 1465 C
1126 1445 1168 1472 11-.
1187 1445 1243 1480 Τῆς
1253 1445 1386 1473 ἀθανάτου
1404 1445 1522 1481 δωρεᾶς,
1535 1444 1619 1478 λέγει.

1124 1490 1168 1518 15.
1182 1491 1215 1517 '0
1233 1490 1287 1526 γάρ
1298 1499 1338 1529 τις
1354 1489 1459 1522 ἐλπίζει
1475 1488 1640 1524 κομίσασθαι
1656 1487 1694 1523 (2)
1711 1487 1760 1514 ἀπ’
1781 1486 1876 1519 αὑτοῦ,

1088 1537 1167 1564 τοῦτο
1180 1537 1311 1572 λήψεται,
1329 1537 1376 1564 καὶ
1390 1536 1581 1572 περισσότερον
1597 1534 1722 1570 λήψεται.

1125 1582 1170 1610 16.
1186 1582 1262 1609 Ὅσοι
1278 1582 1351 1616 ἆγιοι
1368 1582 1459 1608 θέλετε
1475 1580 1554 1615 εῖναι,
1571 1581 1698 1616 φοϐεῖσθε
1711 1581 1804 1608 αὐτόν.

1125 1628 1169 1656 17.
1177 1628 1238 1654 Ὀτι
1246 1627 1321 1654 οὐδὲν
1328 1627 1430 1660 ἀγαθὸν
1438 1627 1525 1657 λείπει
1532 1628 1588 1658 τοῖς
1596 1626 1678 1661 φυϐου
1682 1626 1775 1662 μένοις
1784 1626 1876 1654 αὐτόν.

1126 1719 1169 1746 18.
1182 1719 1371 1754 Ἐκλείψαντος
1385 1717 1432 1744 τοῦ
1447 1717 1561 1744 πλούτου
1577 1717 1626 1751 (5),
1644 1712 1718 1751 ὲφ¹ᾧ
1732 1715 1874 1750 ὲπεποίθη-

1091 1773 1150 1792 σαν.
1165 1765 1274 1800 Κυρίως
1287 1764 1325 1799 (1)
1340 1764 1368 1790 δὲ
1380 1763 1426 1790 τὸν
1439 1762 1492 1789 τῶν
1509 1762 1643 1789 Ἰουδαίων
1661 1763 1728 1797 φησὶ
1743 1761 1818 1788 λαόν.

1127 1810 1170 1837 19.
1186 1810 1214 1836 '0
1227 1809 1281 1844 γὰρ
1296 1808 1409 1840 πλοῦτος
1426 1808 1515 1835 αὐτῶν
1529 1807 1630 1843 Κύριός
1651 1808 1735 1838 ἐστιν,
1749 1807 1764 1833 ὁ
1778 1806 1876 1840 ἀγαθὸς

1090 1857 1136 1883 καὶ
1152 1856 1325 1886 ἀνέκλειπτος
1341 1854 1391 1890 (5),
1407 1850 1438 1880 οὗ
1454 1854 1483 1880 ὲν
1496 1855 1529 1889 τῇ
1544 1854 1615 1889 χειρὶ
1632 1852 1668 1880 τά
1681 1853 1770 1880 πάντα
1787 1851 1875 1879 ἐστίν·

1090 1903 1171 1934 αὐτὸς
1185 1903 1239 1937 γὰρ
1255 1901 1383 1936 ἐποίησεν
1396 1900 1477 1927 αὑτά.

1125 1947 1220 1974 20-25.
1237 1946 1275 1982 (6)
1292 1946 1320 1972 ’0
1345 1947 1374 1972 ὲν
1395 1945 1527 1980 ἐπιθυμίᾳ
1543 1944 1612 1980 ἔχων
1636 1943 1731 1974 ἀϊδίως
1754 1943 1812 1978 ζῇν,
1830 1942 1876 1969 καὶ

1091 1993 1139 2024 τὰς
1153 1993 1258 2028 ἡμέρας
1272 1991 1321 2023 τὰς
1335 1991 1528 2026 ἀτελευτήτους
1545 1988 1635 2025 ζητῶν
1653 1988 1729 2016 ἰδεῖν.

1123 2036 1169 2062 24.
1178 2035 1244 2062 Ἀπὸ
1257 2035 1399 2070 λοιδορίας.

1127 2081 1172 2108 25.
1188 2081 1316 2107 Κώλυσον
1331 2080 1369 2115 (7)
1382 2080 1435 2106 ἀπὸ
1445 2079 1569 2114 ψεύδους.

1128 2126 1172 2152 26.
1183 2125 1248 2151 Ἀπὸ
1262 2125 1352 2160 πάσης
1366 2124 1513 2159 ἁμαρτίας.

1128 2171 1172 2197 27.
1190 2170 1241 2197 Τὸν
1258 2169 1369 2205 Κύριον,
1383 2170 1429 2195 καὶ
1444 2168 1584 2195 ἀκολούθει
1599 2167 1683 2203 αὐτῷ.

1128 2216 1174 2247 28,
1191 2216 1235 2243 29.
1253 2216 1350 2250 Χαίρει
1369 2214 1440 2251 ὀρῶν
1460 2215 1557 2245 αὐτοὺς
1575 2214 1621 2240 διὰ
1640 2214 1674 2240 τὰ
1695 2214 1765 2248 ἔργα
1779 2214 1875 2246 αὐτῶν,

1093 2263 1140 2289 καὶ
1150 2262 1279 2297 τέρπεται
1295 2261 1402 2288 ἀκούων
1419 2261 1469 2296 τῆς
1480 2262 1598 2296 δεήσεως
1609 2259 1708 2291 αὐτῶν,
1716 2260 1759 2286 ὃτι
1771 2259 1803 2286 τὰ
1812 2260 1875 2295 ἀρε-

1095 2308 1144 2334 στά
1158 2307 1232 2342 αὐτῷ
1246 2307 1384 2333 αἰτοῦνται
1401 2307 1466 2342 παρ’
1482 2306 1528 2333 τοῦ
1547 2306 1596 2342 (8).

1129 2352 1173 2379 50.
1191 2352 1329 2387 Θυμοῦται
1341 2352 1380 2385 δὲ,
1391 2353 1437 2378 καὶ
1453 2351 1653 2387 ὀργίζεταιέπὶ
1663 2352 1726 2383 τοὺς
1737 2351 1877 2383 ποιοῦντας

1094 2399 1176 2425 κακά.

1130 2445 1174 2471 51.
1192 2445 1247 2470 Καὶ
1263 2446 1295 2470 ἐκ
1308 2444 1408 2479 ταύτης
1416 2444 1463 2479 τῆς
1480 2444 1531 2479 γῆς
1542 2444 1589 2470 καὶ
1602 2444 1652 2478 τῆς
1667 2443 1825 2478 μελλούσης.

1128 2490 1173 2518 5'2.
1191 2490 1323 2526 Καθάπερ
1337 2491 1366 2517 ἐν
1386 2490 1425 2526 τῷ
1437 2490 1550 2518 κλύδωνι
1568 2491 1616 2524 τῆς
1632 2490 1770 2525 θαλάσσης
1787 2492 1809 2516 οἱ
1828 2499 1877 2525 μα-

1094 2535 1184 2571 θηταὶ,
1214 2537 1260 2563 καὶ
1287 2546 1318 2564 εκ
1337 2537 1437 2569 παντὸς
1457 2536 1504 2563 τοῦ
1526 2536 1660 2568 κλύδωνος
1678 2536 1768 2572 ψυχὴν
1786 2535 1876 2571 σώμα-

729 2609 882 2641 Addenda
897 2614 927 2641 et
945 2612 1133 2650 corrigenda
1153 2622 1193 2644 ex
1209 2613 1280 2644 cod.
1297 2614 1399 2644 Vatic.

305 2683 331 2716 1)
348 2684 395 2716 Εἰς
409 2684 469 2716 τήν.

305 2683 331 2719 1)
348 2684 395 2716 Εἰς
409 2684 469 2719 τήν.

304 2719 331 2751 2)
347 2718 518 2754 Κομίσασοαι
529 2716 628 2752 ἀγαθὸν
641 2717 704 2752 παρ’
718 2716 809 2749 αὐτοῦ,
822 2716 893 2745 οὕτω
915 2721 970 2750 etc,

293 2755 331 2787 (δ)
350 2753 443 2780 Αὐτῶν
460 2753 505 2780 πλ.

293 2788 331 2823 (In)
349 2790 461 2822 Κυρίως
474 2794 500 2815 et
517 2789 619 2823 reliqua
635 2789 732 2816 desunt
749 2788 775 2815 in
792 2788 852 2815 cod.

295 2825 332 2858 (ὃ)
345 2824 528 2859 Ἀνεκλειπής,
542 2829 594 2851 etc.

1131 2683 1166 2718 (6)
1178 2683 1208 2710 N.
1217 2683 1271 2720 V207,
1285 2684 1330 2720 21.
1342 2685 1372 2710 Οἱ
1382 2684 1525 2720 νὲρχρμενοι
1535 2684 1591 2720 νὲπὶ
1615 2685 1645 2711 τὸ
1658 2683 1820 2720 διδαχθῆναι,
1836 2684 1877 2712 ελ-

1093 2719 1168 2756 θετε.
1181 2719 1228 2756 καὶ
1254 2719 1398 2756 ἀκούσατέ.
1416 2719 1448 2746 Ν.
1469 2719 1514 2753 22,
1529 2719 1574 2746 25.
1590 2720 1637 2752 Τίς
1652 2719 1876 2756 ἐστινᾱνθρωπος

1093 2755 1107 2779 ὁ
1118 2755 1146 2780 ἐν
1163 2754 1304 2789 ἐπιθυμίᾳ,
1322 2760 1374 2781 etc.

1131 2789 1168 2823 (7)
1188 2789 1242 2814 Καὶ
1255 2789 1290 2825 τὰ
1305 2789 1381 2825 χείλη
1394 2799 1440 2816 σου
1453 2790 1584 2819 κὼλυσον.

1129 2824 1166 2859 (8)
1186 2824 1283 2852 Αὑτοῦ.
