  <div class='ocr_page' id='page_1' title='image "/cluster/home/n/w/nwhite01/storage/ocr_20150623/27/njp.32101010944609/413.png"; bbox 0 0 1919 3051; ppageno 0'>
   <div class='ocr_carea' id='block_1_1' title="bbox 253 126 1866 156">
    <p class='ocr_par' dir='ltr' id='par_1_1' title="bbox 253 126 1866 156">
     <span class='ocr_line' id='line_1_1' title="bbox 253 126 1866 156; baseline 0.001 -2"><span class='ocrx_word' id='word_1_1' title='bbox 253 127 306 154; x_wconf 84' lang='grc' dir='ltr'><strong>’Π5</strong></span> <span class='ocrx_word' id='word_1_2' title='bbox 674 127 702 154; x_wconf 91' lang='lat' dir='ltr'><strong>S.</strong></span> <span class='ocrx_word' id='word_1_3' title='bbox 722 126 910 154; x_wconf 56' lang='lat' dir='ltr'><strong>ATIIANASII</strong></span> <span class='ocrx_word' id='word_1_4' title='bbox 929 127 1003 155; x_wconf 85' lang='grc' dir='ltr'><strong>ΟΡΡ.</strong></span> <span class='ocrx_word' id='word_1_5' title='bbox 1025 127 1115 156; x_wconf 78' lang='lat' dir='ltr'><strong>PARS</strong></span> <span class='ocrx_word' id='word_1_6' title='bbox 1133 127 1176 155; x_wconf 89' lang='lat' dir='ltr'><strong>lll.</strong></span> <span class='ocrx_word' id='word_1_7' title='bbox 1193 143 1228 148; x_wconf 89' lang='lat'><em>--</em></span> <span class='ocrx_word' id='word_1_8' title='bbox 1243 126 1448 155; x_wconf 72' lang='lat' dir='ltr'><strong>EXEGETICA.</strong></span> <span class='ocrx_word' id='word_1_9' title='bbox 1823 128 1866 155; x_wconf 80' lang='lat'><strong>776</strong></span> 
     </span>
    </p>
   </div>
   <div class='ocr_carea' id='block_1_2' title="bbox 288 182 1046 221">
    <p class='ocr_par' dir='ltr' id='par_1_2' title="bbox 288 183 1036 216">
     <span class='ocr_line' id='line_1_2' title="bbox 288 183 1036 216; baseline 0.004 -5"><span class='ocrx_word' id='word_1_10' title='bbox 288 185 316 211; x_wconf 72' lang='grc'><strong>1.</strong></span> <span class='ocrx_word' id='word_1_11' title='bbox 332 183 447 212; x_wconf 79' lang='lat' dir='ltr'><strong>Eﬂ‘unde</strong></span> <span class='ocrx_word' id='word_1_12' title='bbox 473 183 614 216; x_wconf 78' lang='lat' dir='ltr'><strong>frameam,</strong></span> <span class='ocrx_word' id='word_1_13' title='bbox 636 189 664 212; x_wconf 90' lang='lat' dir='ltr'><strong>et</strong></span> <span class='ocrx_word' id='word_1_14' title='bbox 679 184 813 212; x_wconf 86' lang='lat' dir='ltr'><strong>conclude</strong></span> <span class='ocrx_word' id='word_1_15' title='bbox 835 186 967 213; x_wconf 82' lang='lat' dir='ltr'><strong>adversus</strong></span> <span class='ocrx_word' id='word_1_16' title='bbox 988 193 1036 214; x_wconf 87' lang='lat' dir='ltr'><strong>eos</strong></span> 
     </span>
    </p>
   </div>
   <div class='ocr_carea' id='block_1_3' title="bbox 1109 182 1867 221">
    <p class='ocr_par' dir='ltr' id='par_1_3' title="bbox 1121 182 1867 221">
     <span class='ocr_line' id='line_1_3' title="bbox 1121 182 1867 221; baseline -0.003 -8"><span class='ocrx_word' id='word_1_17' title='bbox 1121 186 1270 221; x_wconf 69' lang='grc' dir='ltr'><strong>ι.“Ἐκχεον</strong></span> <span class='ocrx_word' id='word_1_18' title='bbox 1287 185 1434 220; x_wconf 79' lang='grc' dir='ltr'><strong>ῥομφαίαν,</strong></span> <span class='ocrx_word' id='word_1_19' title='bbox 1458 183 1505 210; x_wconf 72' lang='grc' dir='ltr'><strong>καὶ</strong></span> <span class='ocrx_word' id='word_1_20' title='bbox 1530 183 1691 217; x_wconf 76' lang='grc' dir='ltr'><strong>σύγκλεισον</strong></span> <span class='ocrx_word' id='word_1_21' title='bbox 1722 182 1867 216; x_wconf 74' lang='grc' dir='ltr'><strong>ἐξεναντίας</strong></span> 
     </span>
    </p>
   </div>
   <div class='ocr_carea' id='block_1_4' title="bbox 251 230 1009 265">
    <p class='ocr_par' dir='ltr' id='par_1_4' title="bbox 251 230 583 265">
     <span class='ocr_line' id='line_1_4' title="bbox 251 230 583 265; baseline 0.003 -9"><span class='ocrx_word' id='word_1_22' title='bbox 251 230 299 264; x_wconf 86' lang='lat' dir='ltr'><strong>qui</strong></span> <span class='ocrx_word' id='word_1_23' title='bbox 315 235 515 265; x_wconf 83' lang='lat' dir='ltr'><strong>persequuntur</strong></span> <span class='ocrx_word' id='word_1_24' title='bbox 531 237 583 257; x_wconf 85' lang='lat' dir='ltr'><strong>me.</strong></span> 
     </span>
    </p>
   </div>
   <div class='ocr_carea' id='block_1_5' title="bbox 680 230 1438 265">
    <p class='ocr_par' dir='ltr' id='par_1_5' title="bbox 1092 230 1438 265">
     <span class='ocr_line' id='line_1_5' title="bbox 1092 230 1438 265; baseline -0.006 -8"><span class='ocrx_word' id='word_1_25' title='bbox 1092 230 1146 257; x_wconf 85' lang='grc' dir='ltr'>τῶν</span> <span class='ocrx_word' id='word_1_26' title='bbox 1157 230 1379 257; x_wconf 82' lang='grc' dir='ltr'>καταδιωκόντων</span> <span class='ocrx_word' id='word_1_27' title='bbox 1395 238 1438 265; x_wconf 84' lang='grc' dir='ltr'><strong>με.</strong></span> 
     </span>
    </p>
   </div>
   <div class='ocr_carea' id='block_1_6' title="bbox 289 273 1047 312">
    <p class='ocr_par' dir='ltr' id='par_1_6' title="bbox 289 274 897 312">
     <span class='ocr_line' id='line_1_6' title="bbox 289 274 897 312; baseline 0.003 -10"><span class='ocrx_word' id='word_1_28' title='bbox 289 274 316 303; x_wconf 83' lang='lat'><strong>5.</strong></span> <span class='ocrx_word' id='word_1_29' title='bbox 333 275 380 303; x_wconf 89' lang='lat' dir='ltr'><strong>Dic</strong></span> <span class='ocrx_word' id='word_1_30' title='bbox 398 276 496 309; x_wconf 68' lang='lat' dir='ltr'><strong>animae</strong></span> <span class='ocrx_word' id='word_1_31' title='bbox 511 284 577 304; x_wconf 68' lang='lat' dir='ltr'><strong>mete</strong></span> <span class='ocrx_word' id='word_1_32' title='bbox 590 286 596 303; x_wconf 90' lang='lat'><strong>:</strong></span> <span class='ocrx_word' id='word_1_33' title='bbox 610 275 690 304; x_wconf 87' lang='lat' dir='ltr'><strong>Salus</strong></span> <span class='ocrx_word' id='word_1_34' title='bbox 705 281 750 304; x_wconf 85' lang='lat' dir='ltr'><strong>tua</strong></span> <span class='ocrx_word' id='word_1_35' title='bbox 762 284 812 312; x_wconf 79' lang='lat' dir='ltr'><strong>ego</strong></span> <span class='ocrx_word' id='word_1_36' title='bbox 825 284 897 304; x_wconf 91' lang='lat' dir='ltr'><strong>sum.</strong></span> 
     </span>
    </p>
   </div>
   <div class='ocr_carea' id='block_1_7' title="bbox 1066 273 1824 312">
    <p class='ocr_par' dir='ltr' id='par_1_7' title="bbox 1128 273 1824 311">
     <span class='ocr_line' id='line_1_7' title="bbox 1128 273 1824 311; baseline -0.007 -7"><span class='ocrx_word' id='word_1_37' title='bbox 1128 277 1154 304; x_wconf 85' lang='lat'><strong>5.</strong></span> <span class='ocrx_word' id='word_1_38' title='bbox 1173 274 1255 303; x_wconf 72' lang='grc' dir='ltr'>Εἶπον</span> <span class='ocrx_word' id='word_1_39' title='bbox 1267 277 1300 311; x_wconf 83' lang='grc' dir='ltr'>τῇ</span> <span class='ocrx_word' id='word_1_40' title='bbox 1316 275 1388 310; x_wconf 80' lang='grc' dir='ltr'>ψυχῇ</span> <span class='ocrx_word' id='word_1_41' title='bbox 1407 284 1457 310; x_wconf 89' lang='grc' dir='ltr'><strong>μου</strong></span> <span class='ocrx_word' id='word_1_42' title='bbox 1467 283 1474 290; x_wconf 76' lang='grc'><em>’</em></span> <span class='ocrx_word' id='word_1_43' title='bbox 1489 273 1614 310; x_wconf 83' lang='grc' dir='ltr'>Σωτηρία</span> <span class='ocrx_word' id='word_1_44' title='bbox 1629 274 1674 301; x_wconf 80' lang='grc' dir='ltr'><strong>σού</strong></span> <span class='ocrx_word' id='word_1_45' title='bbox 1688 274 1746 309; x_wconf 84' lang='grc' dir='ltr'><strong>είμι</strong></span> <span class='ocrx_word' id='word_1_46' title='bbox 1759 273 1824 307; x_wconf 77' lang='grc' dir='ltr'><strong>ἐγώ.</strong></span> 
     </span>
    </p>
   </div>
   <div class='ocr_carea' id='block_1_8' title="bbox 289 319 1047 358">
    <p class='ocr_par' dir='ltr' id='par_1_8' title="bbox 289 320 1037 357">
     <span class='ocr_line' id='line_1_8' title="bbox 289 320 1037 357; baseline 0.001 -10"><span class='ocrx_word' id='word_1_47' title='bbox 289 320 316 347; x_wconf 86' lang='lat'><strong>6.</strong></span> <span class='ocrx_word' id='word_1_48' title='bbox 335 321 544 348; x_wconf 82' lang='lat' dir='ltr'><strong>Coufundantur</strong></span> <span class='ocrx_word' id='word_1_49' title='bbox 566 326 593 349; x_wconf 91' lang='lat' dir='ltr'><strong>et</strong></span> <span class='ocrx_word' id='word_1_50' title='bbox 610 327 786 349; x_wconf 82' lang='lat' dir='ltr'><strong>revereantur</strong></span> <span class='ocrx_word' id='word_1_51' title='bbox 808 327 961 357; x_wconf 62' lang='lat' dir='ltr'><strong>quaerentes</strong></span> <span class='ocrx_word' id='word_1_52' title='bbox 977 322 1037 349; x_wconf 85' lang='lat' dir='ltr'><strong>ani-</strong></span> 
     </span>
    </p>
   </div>
   <div class='ocr_carea' id='block_1_9' title="bbox 1109 319 1867 358">
    <p class='ocr_par' dir='ltr' id='par_1_9' title="bbox 1128 319 1867 358">
     <span class='ocr_line' id='line_1_9' title="bbox 1128 319 1867 358; baseline -0.005 -9"><span class='ocrx_word' id='word_1_53' title='bbox 1128 323 1155 350; x_wconf 89' lang='lat'><strong>6.</strong></span> <span class='ocrx_word' id='word_1_54' title='bbox 1173 322 1399 358; x_wconf 82' lang='grc' dir='ltr'>Αίσχυνθήτωσαν</span> <span class='ocrx_word' id='word_1_55' title='bbox 1415 321 1461 347; x_wconf 75' lang='grc' dir='ltr'><strong>καὶ</strong></span> <span class='ocrx_word' id='word_1_56' title='bbox 1472 320 1683 356; x_wconf 82' lang='grc' dir='ltr'>ὲντραπήτωσαν</span> <span class='ocrx_word' id='word_1_57' title='bbox 1694 320 1718 346; x_wconf 76' lang='grc' dir='ltr'><strong>οἱ</strong></span> <span class='ocrx_word' id='word_1_58' title='bbox 1733 319 1867 354; x_wconf 78' lang='grc' dir='ltr'><strong>ζητοῦντες</strong></span> 
     </span>
    </p>
   </div>
   <div class='ocr_carea' id='block_1_10' title="bbox 254 368 1012 404">
    <p class='ocr_par' dir='ltr' id='par_1_10' title="bbox 254 374 441 394">
     <span class='ocr_line' id='line_1_10' title="bbox 254 374 441 394; baseline 0.005 -1"><span class='ocrx_word' id='word_1_59' title='bbox 254 374 327 393; x_wconf 88' lang='lat' dir='ltr'><strong>mam</strong></span> <span class='ocrx_word' id='word_1_60' title='bbox 343 375 441 394; x_wconf 81' lang='lat' dir='ltr'><strong>meam.</strong></span> 
     </span>
    </p>
   </div>
   <div class='ocr_carea' id='block_1_11' title="bbox 562 368 1320 404">
    <p class='ocr_par' dir='ltr' id='par_1_11' title="bbox 1091 368 1320 404">
     <span class='ocr_line' id='line_1_11' title="bbox 1091 368 1320 404; baseline 0.004 -10"><span class='ocrx_word' id='word_1_61' title='bbox 1091 369 1140 404; x_wconf 82' lang='grc' dir='ltr'><strong>τὴν</strong></span> <span class='ocrx_word' id='word_1_62' title='bbox 1152 368 1240 403; x_wconf 72' lang='grc' dir='ltr'>ψυχήν</span> <span class='ocrx_word' id='word_1_63' title='bbox 1259 377 1320 404; x_wconf 86' lang='grc' dir='ltr'><strong>μου.</strong></span> 
     </span>
    </p>
   </div>
   <div class='ocr_carea' id='block_1_12' title="bbox 289 412 1047 451">
    <p class='ocr_par' dir='ltr' id='par_1_12' title="bbox 289 412 1037 448">
     <span class='ocr_line' id='line_1_12' title="bbox 289 412 1037 448; baseline 0.003 -10"><span class='ocrx_word' id='word_1_64' title='bbox 289 412 316 440; x_wconf 88' lang='grc'><strong>7.</strong></span> <span class='ocrx_word' id='word_1_65' title='bbox 333 412 497 439; x_wconf 83' lang='lat' dir='ltr'><strong>Avertantur</strong></span> <span class='ocrx_word' id='word_1_66' title='bbox 514 417 663 441; x_wconf 76' lang='lat' dir='ltr'><strong>retrorsum</strong></span> <span class='ocrx_word' id='word_1_67' title='bbox 685 418 713 441; x_wconf 91' lang='lat' dir='ltr'><strong>et</strong></span> <span class='ocrx_word' id='word_1_68' title='bbox 735 413 938 441; x_wconf 79' lang='lat' dir='ltr'><strong>confundantur</strong></span> <span class='ocrx_word' id='word_1_69' title='bbox 962 413 1037 448; x_wconf 51' lang='lat' dir='ltr'><strong>cogi-</strong></span> 
     </span>
    </p>
   </div>
   <div class='ocr_carea' id='block_1_13' title="bbox 1109 412 1867 451">
    <p class='ocr_par' dir='ltr' id='par_1_13' title="bbox 1128 415 1867 451">
     <span class='ocr_line' id='line_1_13' title="bbox 1128 415 1867 451; baseline 0 -11"><span class='ocrx_word' id='word_1_70' title='bbox 1128 415 1153 440; x_wconf 81' lang='grc' dir='ltr'><strong>Ἰ.</strong></span> <span class='ocrx_word' id='word_1_71' title='bbox 1170 415 1434 451; x_wconf 78' lang='grc' dir='ltr'><strong>’Δποστραφήτωσαν</strong></span> <span class='ocrx_word' id='word_1_72' title='bbox 1446 417 1486 447; x_wconf 85' lang='grc' dir='ltr'>είς</span> <span class='ocrx_word' id='word_1_73' title='bbox 1494 415 1527 442; x_wconf 87' lang='grc' dir='ltr'>τὰ</span> <span class='ocrx_word' id='word_1_74' title='bbox 1539 415 1636 448; x_wconf 79' lang='grc' dir='ltr'><strong>ὀπίσω,</strong></span> <span class='ocrx_word' id='word_1_75' title='bbox 1651 415 1699 442; x_wconf 71' lang='grc' dir='ltr'><strong>καὶ</strong></span> <span class='ocrx_word' id='word_1_76' title='bbox 1715 423 1867 450; x_wconf 81' lang='grc' dir='ltr'><strong>καταισχυν-</strong></span> 
     </span>
    </p>
   </div>
   <div class='ocr_carea' id='block_1_14' title="bbox 253 457 1011 497">
    <p class='ocr_par' dir='ltr' id='par_1_14' title="bbox 253 457 810 485">
     <span class='ocr_line' id='line_1_14' title="bbox 253 457 810 485; baseline 0.004 -1"><span class='ocrx_word' id='word_1_77' title='bbox 253 462 342 485; x_wconf 85' lang='lat' dir='ltr'><strong>tantes</strong></span> <span class='ocrx_word' id='word_1_78' title='bbox 357 457 422 484; x_wconf 87' lang='lat' dir='ltr'><strong>mihi</strong></span> <span class='ocrx_word' id='word_1_79' title='bbox 439 458 519 485; x_wconf 84' lang='lat' dir='ltr'><strong>mala.</strong></span> <span class='ocrx_word' id='word_1_80' title='bbox 806 464 810 471; x_wconf 93' lang='lat'><strong><em>‘</em></strong></span> 
     </span>
    </p>
   </div>
   <div class='ocr_carea' id='block_1_15' title="bbox 846 457 1604 497">
    <p class='ocr_par' dir='ltr' id='par_1_15' title="bbox 1091 461 1604 497">
     <span class='ocr_line' id='line_1_15' title="bbox 1091 461 1604 497; baseline 0.002 -10"><span class='ocrx_word' id='word_1_81' title='bbox 1091 461 1216 496; x_wconf 83' lang='grc' dir='ltr'>θήτωσαν</span> <span class='ocrx_word' id='word_1_82' title='bbox 1231 462 1256 488; x_wconf 82' lang='grc' dir='ltr'><strong>οἱ</strong></span> <span class='ocrx_word' id='word_1_83' title='bbox 1275 461 1442 497; x_wconf 82' lang='grc' dir='ltr'><strong>λογιζόμενοί</strong></span> <span class='ocrx_word' id='word_1_84' title='bbox 1462 470 1506 497; x_wconf 89' lang='grc' dir='ltr'><strong>μοι</strong></span> <span class='ocrx_word' id='word_1_85' title='bbox 1523 462 1604 489; x_wconf 83' lang='grc' dir='ltr'><strong>κακά.</strong></span> 
     </span>
    </p>
   </div>
   <div class='ocr_carea' id='block_1_16' title="bbox 289 502 1047 543">
    <p class='ocr_par' dir='ltr' id='par_1_16' title="bbox 289 502 965 539">
     <span class='ocr_line' id='line_1_16' title="bbox 289 502 965 539; baseline 0 -9"><span class='ocrx_word' id='word_1_86' title='bbox 289 503 316 530; x_wconf 92' lang='lat'><strong>8.</strong></span> <span class='ocrx_word' id='word_1_87' title='bbox 336 502 416 530; x_wconf 88' lang='lat' dir='ltr'><strong>Fiant</strong></span> <span class='ocrx_word' id='word_1_88' title='bbox 429 507 560 538; x_wconf 77' lang='lat' dir='ltr'><strong>tanquam</strong></span> <span class='ocrx_word' id='word_1_89' title='bbox 578 503 666 539; x_wconf 78' lang='lat' dir='ltr'><strong>pulvis</strong></span> <span class='ocrx_word' id='word_1_90' title='bbox 684 508 747 531; x_wconf 90' lang='lat' dir='ltr'><strong>ante</strong></span> <span class='ocrx_word' id='word_1_91' title='bbox 761 503 857 531; x_wconf 78' lang='lat' dir='ltr'><strong>faciem</strong></span> <span class='ocrx_word' id='word_1_92' title='bbox 874 503 965 531; x_wconf 87' lang='lat' dir='ltr'><strong>venti:</strong></span> 
     </span>
    </p>
   </div>
   <div class='ocr_carea' id='block_1_17' title="bbox 1107 502 1865 543">
    <p class='ocr_par' dir='ltr' id='par_1_17' title="bbox 1126 507 1865 543">
     <span class='ocr_line' id='line_1_17' title="bbox 1126 507 1865 543; baseline -0.001 -9"><span class='ocrx_word' id='word_1_93' title='bbox 1126 507 1152 534; x_wconf 89' lang='lat'><strong>8.</strong></span> <span class='ocrx_word' id='word_1_94' title='bbox 1162 507 1356 543; x_wconf 70' lang='grc' dir='ltr'>Γενηθήτωσαν</span> <span class='ocrx_word' id='word_1_95' title='bbox 1371 507 1436 534; x_wconf 82' lang='grc' dir='ltr'><strong>ὡσεὶ</strong></span> <span class='ocrx_word' id='word_1_96' title='bbox 1444 507 1522 542; x_wconf 82' lang='grc' dir='ltr'><strong>χνοῦς</strong></span> <span class='ocrx_word' id='word_1_97' title='bbox 1531 508 1600 534; x_wconf 80' lang='grc' dir='ltr'>κατὰ</span> <span class='ocrx_word' id='word_1_98' title='bbox 1608 507 1752 543; x_wconf 83' lang='grc' dir='ltr'>πρόσωπον</span> <span class='ocrx_word' id='word_1_99' title='bbox 1761 507 1865 543; x_wconf 74' lang='grc' dir='ltr'><strong>ἀνέμου·</strong></span> 
     </span>
    </p>
   </div>
   <div class='ocr_carea' id='block_1_18' title="bbox 288 548 1046 588">
    <p class='ocr_par' dir='ltr' id='par_1_18' title="bbox 288 548 846 584">
     <span class='ocr_line' id='line_1_18' title="bbox 288 548 846 584; baseline 0 -8"><span class='ocrx_word' id='word_1_100' title='bbox 288 549 314 576; x_wconf 82' lang='grc'><strong>9.</strong></span> <span class='ocrx_word' id='word_1_101' title='bbox 333 548 366 575; x_wconf 86' lang='lat' dir='ltr'><strong>Et</strong></span> <span class='ocrx_word' id='word_1_102' title='bbox 380 549 492 584; x_wconf 77' lang='lat' dir='ltr'><strong>angelus</strong></span> <span class='ocrx_word' id='word_1_103' title='bbox 510 549 618 577; x_wconf 84' lang='lat' dir='ltr'><strong>Domini</strong></span> <span class='ocrx_word' id='word_1_104' title='bbox 633 554 775 577; x_wconf 84' lang='lat' dir='ltr'><strong>eoarctans</strong></span> <span class='ocrx_word' id='word_1_105' title='bbox 788 557 846 576; x_wconf 89' lang='lat' dir='ltr'><strong>eos.</strong></span> 
     </span>
    </p>
   </div>
   <div class='ocr_carea' id='block_1_19' title="bbox 973 548 1731 588">
    <p class='ocr_par' dir='ltr' id='par_1_19' title="bbox 1124 552 1731 588">
     <span class='ocr_line' id='line_1_19' title="bbox 1124 552 1731 588; baseline 0 -9"><span class='ocrx_word' id='word_1_106' title='bbox 1124 552 1151 579; x_wconf 87' lang='lat'><strong>9.</strong></span> <span class='ocrx_word' id='word_1_107' title='bbox 1168 553 1223 579; x_wconf 76' lang='grc' dir='ltr'><strong>Καὶ</strong></span> <span class='ocrx_word' id='word_1_108' title='bbox 1237 552 1352 587; x_wconf 79' lang='grc' dir='ltr'><strong>ἄγγελος</strong></span> <span class='ocrx_word' id='word_1_109' title='bbox 1369 553 1471 588; x_wconf 82' lang='grc' dir='ltr'>Κυρίου</span> <span class='ocrx_word' id='word_1_110' title='bbox 1487 553 1618 580; x_wconf 80' lang='grc' dir='ltr'>ὲκθλίὸων</span> <span class='ocrx_word' id='word_1_111' title='bbox 1633 553 1731 584; x_wconf 85' lang='grc' dir='ltr'>αὐτούς</span> 
     </span>
    </p>
   </div>
   <div class='ocr_carea' id='block_1_20' title="bbox 287 593 1045 634">
    <p class='ocr_par' dir='ltr' id='par_1_20' title="bbox 287 593 936 623">
     <span class='ocr_line' id='line_1_20' title="bbox 287 593 936 623; baseline 0.003 -3"><span class='ocrx_word' id='word_1_112' title='bbox 287 593 330 620; x_wconf 89' lang='grc'><strong>10.</strong></span> <span class='ocrx_word' id='word_1_113' title='bbox 348 594 409 621; x_wconf 87' lang='lat' dir='ltr'><strong>Fiat</strong></span> <span class='ocrx_word' id='word_1_114' title='bbox 422 595 464 622; x_wconf 83' lang='lat' dir='ltr'><strong>via</strong></span> <span class='ocrx_word' id='word_1_115' title='bbox 480 595 589 622; x_wconf 91' lang='lat' dir='ltr'><strong>illorum</strong></span> <span class='ocrx_word' id='word_1_116' title='bbox 605 595 722 622; x_wconf 60' lang='lat' dir='ltr'><strong>tenebrat</strong></span> <span class='ocrx_word' id='word_1_117' title='bbox 736 600 763 623; x_wconf 86' lang='lat' dir='ltr'><strong>et</strong></span> <span class='ocrx_word' id='word_1_118' title='bbox 779 595 914 622; x_wconf 83' lang='lat' dir='ltr'><strong>lubricum</strong></span> <span class='ocrx_word' id='word_1_119' title='bbox 929 604 936 621; x_wconf 89' lang='lat'><strong>:</strong></span> 
     </span>
    </p>
   </div>
   <div class='ocr_carea' id='block_1_21' title="bbox 1106 593 1864 634">
    <p class='ocr_par' dir='ltr' id='par_1_21' title="bbox 1126 597 1864 634">
     <span class='ocr_line' id='line_1_21' title="bbox 1126 597 1864 634; baseline 0.003 -11"><span class='ocrx_word' id='word_1_120' title='bbox 1126 597 1169 624; x_wconf 87' lang='grc'><strong>10.</strong></span> <span class='ocrx_word' id='word_1_121' title='bbox 1190 597 1334 633; x_wconf 84' lang='grc' dir='ltr'><strong>Γενηθήτω</strong></span> <span class='ocrx_word' id='word_1_122' title='bbox 1344 599 1361 634; x_wconf 85' lang='grc' dir='ltr'>ἡ</span> <span class='ocrx_word' id='word_1_123' title='bbox 1372 598 1430 630; x_wconf 80' lang='grc' dir='ltr'><strong>ὁδὸς</strong></span> <span class='ocrx_word' id='word_1_124' title='bbox 1446 598 1536 625; x_wconf 76' lang='grc' dir='ltr'>αὐτῶν</span> <span class='ocrx_word' id='word_1_125' title='bbox 1554 599 1649 631; x_wconf 81' lang='grc' dir='ltr'><strong>σκότος</strong></span> <span class='ocrx_word' id='word_1_126' title='bbox 1664 599 1711 625; x_wconf 83' lang='grc' dir='ltr'><strong>καὶ</strong></span> <span class='ocrx_word' id='word_1_127' title='bbox 1724 598 1864 633; x_wconf 78' lang='grc' dir='ltr'><strong>ὀλίσθημα·</strong></span> 
     </span>
    </p>
   </div>
   <div class='ocr_carea' id='block_1_22' title="bbox 287 640 1045 678">
    <p class='ocr_par' dir='ltr' id='par_1_22' title="bbox 287 640 893 678">
     <span class='ocr_line' id='line_1_22' title="bbox 287 640 893 678; baseline 0.003 -12"><span class='ocrx_word' id='word_1_128' title='bbox 287 640 331 668; x_wconf 88' lang='grc'><strong>11.</strong></span> <span class='ocrx_word' id='word_1_129' title='bbox 348 640 381 667; x_wconf 86' lang='lat' dir='ltr'><strong>Et</strong></span> <span class='ocrx_word' id='word_1_130' title='bbox 394 641 507 676; x_wconf 79' lang='lat' dir='ltr'><strong>angelus</strong></span> <span class='ocrx_word' id='word_1_131' title='bbox 526 641 634 669; x_wconf 88' lang='lat' dir='ltr'><strong>Domini</strong></span> <span class='ocrx_word' id='word_1_132' title='bbox 651 649 818 678; x_wconf 80' lang='lat' dir='ltr'><strong>persequens</strong></span> <span class='ocrx_word' id='word_1_133' title='bbox 834 649 893 668; x_wconf 88' lang='lat' dir='ltr'><strong>eos.</strong></span> 
     </span>
    </p>
   </div>
   <div class='ocr_carea' id='block_1_23' title="bbox 1045 640 1803 678">
    <p class='ocr_par' dir='ltr' id='par_1_23' title="bbox 1126 642 1803 678">
     <span class='ocr_line' id='line_1_23' title="bbox 1126 642 1803 678; baseline 0 -10"><span class='ocrx_word' id='word_1_134' title='bbox 1126 642 1168 669; x_wconf 90' lang='grc'><strong>11.</strong></span> <span class='ocrx_word' id='word_1_135' title='bbox 1190 643 1244 669; x_wconf 80' lang='grc' dir='ltr'><strong>Καὶ</strong></span> <span class='ocrx_word' id='word_1_136' title='bbox 1259 643 1374 677; x_wconf 76' lang='grc' dir='ltr'>ἄγγελος</span> <span class='ocrx_word' id='word_1_137' title='bbox 1388 643 1492 678; x_wconf 83' lang='grc' dir='ltr'>Κυρίου</span> <span class='ocrx_word' id='word_1_138' title='bbox 1508 643 1683 670; x_wconf 74' lang='grc' dir='ltr'>καταδιώκων</span> <span class='ocrx_word' id='word_1_139' title='bbox 1697 642 1803 674; x_wconf 83' lang='grc' dir='ltr'><strong>αὐτούς.</strong></span> 
     </span>
    </p>
   </div>
   <div class='ocr_carea' id='block_1_24' title="bbox 287 685 1045 724">
    <p class='ocr_par' dir='ltr' id='par_1_24' title="bbox 287 685 1035 722">
     <span class='ocr_line' id='line_1_24' title="bbox 287 685 1035 722; baseline 0.001 -10"><span class='ocrx_word' id='word_1_140' title='bbox 287 685 330 713; x_wconf 73' lang='grc'><strong>12.</strong></span> <span class='ocrx_word' id='word_1_141' title='bbox 351 685 486 719; x_wconf 81' lang='lat' dir='ltr'><strong>Quoniam</strong></span> <span class='ocrx_word' id='word_1_142' title='bbox 498 688 584 722; x_wconf 81' lang='lat' dir='ltr'><strong>gratis</strong></span> <span class='ocrx_word' id='word_1_143' title='bbox 593 688 799 716; x_wconf 84' lang='lat' dir='ltr'><strong>absconderunt</strong></span> <span class='ocrx_word' id='word_1_144' title='bbox 813 687 880 714; x_wconf 90' lang='lat' dir='ltr'><strong>mihi</strong></span> <span class='ocrx_word' id='word_1_145' title='bbox 895 686 1035 714; x_wconf 85' lang='lat' dir='ltr'><strong>interitum</strong></span> 
     </span>
    </p>
   </div>
   <div class='ocr_carea' id='block_1_25' title="bbox 1107 685 1865 724">
    <p class='ocr_par' dir='ltr' id='par_1_25' title="bbox 1125 686 1865 724">
     <span class='ocr_line' id='line_1_25' title="bbox 1125 686 1865 724; baseline 0.001 -12"><span class='ocrx_word' id='word_1_146' title='bbox 1125 686 1168 712; x_wconf 72' lang='grc'><strong>12.</strong></span> <span class='ocrx_word' id='word_1_147' title='bbox 1177 687 1238 714; x_wconf 78' lang='grc' dir='ltr'><strong>Ὀτι</strong></span> <span class='ocrx_word' id='word_1_148' title='bbox 1246 687 1349 722; x_wconf 79' lang='grc' dir='ltr'>δωρεὰν</span> <span class='ocrx_word' id='word_1_149' title='bbox 1362 687 1482 723; x_wconf 69' lang='grc' dir='ltr'><strong>ἔκρυψαν</strong></span> <span class='ocrx_word' id='word_1_150' title='bbox 1495 697 1539 724; x_wconf 87' lang='grc' dir='ltr'><strong>μοι</strong></span> <span class='ocrx_word' id='word_1_151' title='bbox 1550 688 1696 724; x_wconf 75' lang='grc' dir='ltr'>διαφθορὰν</span> <span class='ocrx_word' id='word_1_152' title='bbox 1707 687 1816 722; x_wconf 79' lang='grc' dir='ltr'><strong>παγίδος</strong></span> <span class='ocrx_word' id='word_1_153' title='bbox 1825 687 1865 713; x_wconf 74' lang='grc' dir='ltr'><strong>αὒ-</strong></span> 
     </span>
    </p>
   </div>
   <div class='ocr_carea' id='block_1_26' title="bbox 251 730 1009 765">
    <p class='ocr_par' dir='ltr' id='par_1_26' title="bbox 251 730 419 765">
     <span class='ocr_line' id='line_1_26' title="bbox 251 730 419 765; baseline 0.018 -9"><span class='ocrx_word' id='word_1_154' title='bbox 251 730 340 765; x_wconf 89' lang='lat' dir='ltr'><strong>Iaquei</strong></span> <span class='ocrx_word' id='word_1_155' title='bbox 356 731 398 758; x_wconf 85' lang='lat' dir='ltr'><strong>sui</strong></span> <span class='ocrx_word' id='word_1_156' title='bbox 411 740 419 759; x_wconf 89' lang='lat'><strong>:</strong></span> 
     </span>
    </p>
   </div>
   <div class='ocr_carea' id='block_1_27' title="bbox 394 730 1152 765">
    <p class='ocr_par' dir='ltr' id='par_1_27' title="bbox 394 730 1152 759">
     <span class='ocr_line' id='line_1_27' title="bbox 394 730 1152 759; baseline -0.004 0"><span class='ocrx_word' id='word_1_157' title='bbox 394 732 398 758; x_wconf 74' lang='grc' dir='ltr'>ἱ</span> <span class='ocrx_word' id='word_1_158' title='bbox 411 740 419 759; x_wconf 89' lang='lat'><strong>:</strong></span> <span class='ocrx_word' id='word_1_159' title='bbox 1089 730 1152 757; x_wconf 85' lang='grc' dir='ltr'>τῶν.</span> 
     </span>
    </p>
   </div>
   <div class='ocr_carea' id='block_1_28' title="bbox 288 776 1046 813">
    <p class='ocr_par' dir='ltr' id='par_1_28' title="bbox 288 777 1034 813">
     <span class='ocr_line' id='line_1_28' title="bbox 288 777 1034 813; baseline 0.001 -10"><span class='ocrx_word' id='word_1_160' title='bbox 288 777 330 804; x_wconf 81' lang='grc'><strong>15.</strong></span> <span class='ocrx_word' id='word_1_161' title='bbox 351 777 525 812; x_wconf 82' lang='lat' dir='ltr'><strong>Supervacue</strong></span> <span class='ocrx_word' id='word_1_162' title='bbox 543 778 777 813; x_wconf 79' lang='lat' dir='ltr'><strong>exprobraverunt</strong></span> <span class='ocrx_word' id='word_1_163' title='bbox 797 778 915 805; x_wconf 77' lang='lat' dir='ltr'><strong>animum</strong></span> <span class='ocrx_word' id='word_1_164' title='bbox 937 784 1034 804; x_wconf 87' lang='lat' dir='ltr'><strong>meam.</strong></span> 
     </span>
    </p>
   </div>
   <div class='ocr_carea' id='block_1_29' title="bbox 925 776 1683 813">
    <p class='ocr_par' dir='ltr' id='par_1_29' title="bbox 937 776 1683 813">
     <span class='ocr_line' id='line_1_29' title="bbox 937 776 1683 813; baseline 0 -9"><span class='ocrx_word' id='word_1_165' title='bbox 937 784 1034 804; x_wconf 85' lang='lat' dir='ltr'><strong>meam.</strong></span> <span class='ocrx_word' id='word_1_166' title='bbox 1126 776 1170 803; x_wconf 76' lang='grc'><strong>15.</strong></span> <span class='ocrx_word' id='word_1_167' title='bbox 1190 776 1285 811; x_wconf 82' lang='grc' dir='ltr'><strong>Μάτην</strong></span> <span class='ocrx_word' id='word_1_168' title='bbox 1299 776 1438 804; x_wconf 81' lang='grc' dir='ltr'><strong>ὡνείδισαν</strong></span> <span class='ocrx_word' id='word_1_169' title='bbox 1455 777 1502 812; x_wconf 82' lang='grc' dir='ltr'><strong>τὴν</strong></span> <span class='ocrx_word' id='word_1_170' title='bbox 1518 777 1606 813; x_wconf 76' lang='grc' dir='ltr'>ψυχήν</span> <span class='ocrx_word' id='word_1_171' title='bbox 1621 786 1683 813; x_wconf 88' lang='grc' dir='ltr'><strong>μου.</strong></span> 
     </span>
    </p>
   </div>
   <div class='ocr_carea' id='block_1_30' title="bbox 285 821 1043 859">
    <p class='ocr_par' dir='ltr' id='par_1_30' title="bbox 285 821 877 859">
     <span class='ocr_line' id='line_1_30' title="bbox 285 821 877 859; baseline 0.005 -12"><span class='ocrx_word' id='word_1_172' title='bbox 285 821 329 848; x_wconf 74' lang='grc'><strong>11.</strong></span> <span class='ocrx_word' id='word_1_173' title='bbox 346 821 442 849; x_wconf 84' lang='lat' dir='ltr'><strong>Veniat</strong></span> <span class='ocrx_word' id='word_1_174' title='bbox 457 823 495 850; x_wconf 89' lang='lat' dir='ltr'><strong>illi</strong></span> <span class='ocrx_word' id='word_1_175' title='bbox 509 823 634 858; x_wconf 84' lang='lat' dir='ltr'><strong>laqueus,</strong></span> <span class='ocrx_word' id='word_1_176' title='bbox 651 831 732 859; x_wconf 90' lang='lat' dir='ltr'><strong>quem</strong></span> <span class='ocrx_word' id='word_1_177' title='bbox 745 824 852 858; x_wconf 73' lang='lat' dir='ltr'><strong>ignorat</strong></span> <span class='ocrx_word' id='word_1_178' title='bbox 871 832 877 850; x_wconf 88' lang='lat'><strong>:</strong></span> 
     </span>
    </p>
   </div>
   <div class='ocr_carea' id='block_1_31' title="bbox 988 821 1746 859">
    <p class='ocr_par' dir='ltr' id='par_1_31' title="bbox 1125 822 1746 859">
     <span class='ocr_line' id='line_1_31' title="bbox 1125 822 1746 859; baseline 0.002 -10"><span class='ocrx_word' id='word_1_179' title='bbox 1125 822 1168 850; x_wconf 77' lang='grc'><strong>11.</strong></span> <span class='ocrx_word' id='word_1_180' title='bbox 1184 823 1298 849; x_wconf 78' lang='grc' dir='ltr'>Ἐλθέτω</span> <span class='ocrx_word' id='word_1_181' title='bbox 1316 823 1389 858; x_wconf 88' lang='grc' dir='ltr'><strong>αὺτῷ</strong></span> <span class='ocrx_word' id='word_1_182' title='bbox 1403 824 1495 858; x_wconf 63' lang='grc' dir='ltr'>παγίς,</span> <span class='ocrx_word' id='word_1_183' title='bbox 1508 824 1540 859; x_wconf 82' lang='grc' dir='ltr'>ἥν</span> <span class='ocrx_word' id='word_1_184' title='bbox 1555 824 1585 850; x_wconf 85' lang='grc' dir='ltr'><strong>οὺ</strong></span> <span class='ocrx_word' id='word_1_185' title='bbox 1598 823 1727 857; x_wconf 80' lang='grc' dir='ltr'><strong>γινώσκει</strong></span> <span class='ocrx_word' id='word_1_186' title='bbox 1736 830 1746 839; x_wconf 73' lang='grc' dir='ltr'>ο</span> 
     </span>
    </p>
   </div>
   <div class='ocr_carea' id='block_1_32' title="bbox 286 865 1044 905">
    <p class='ocr_par' dir='ltr' id='par_1_32' title="bbox 286 867 1030 905">
     <span class='ocr_line' id='line_1_32' title="bbox 286 867 1030 905; baseline 0 -11"><span class='ocrx_word' id='word_1_187' title='bbox 286 867 329 894; x_wconf 80' lang='grc'><strong>15.</strong></span> <span class='ocrx_word' id='word_1_188' title='bbox 348 867 380 894; x_wconf 86' lang='lat' dir='ltr'><strong>Et</strong></span> <span class='ocrx_word' id='word_1_189' title='bbox 388 869 486 902; x_wconf 84' lang='lat' dir='ltr'><strong>captio,</strong></span> <span class='ocrx_word' id='word_1_190' title='bbox 502 877 583 903; x_wconf 87' lang='lat' dir='ltr'><strong>quam</strong></span> <span class='ocrx_word' id='word_1_191' title='bbox 591 870 742 902; x_wconf 82' lang='lat' dir='ltr'><strong>abscondit,</strong></span> <span class='ocrx_word' id='word_1_192' title='bbox 756 869 941 905; x_wconf 84' lang='lat' dir='ltr'><strong>apprehendat</strong></span> <span class='ocrx_word' id='word_1_193' title='bbox 950 875 1012 895; x_wconf 93' lang='lat' dir='ltr'><strong>eum</strong></span> <span class='ocrx_word' id='word_1_194' title='bbox 1024 878 1030 895; x_wconf 90' lang='lat'><strong>:</strong></span> 
     </span>
    </p>
   </div>
   <div class='ocr_carea' id='block_1_33' title="bbox 1058 865 1816 905">
    <p class='ocr_par' dir='ltr' id='par_1_33' title="bbox 1058 865 1816 904">
     <span class='ocr_line' id='line_1_33' title="bbox 1058 865 1816 904; baseline -0.001 -11"><span class='ocrx_word' id='word_1_195' title='bbox 1058 870 1070 897; x_wconf 68' lang='grc' dir='ltr'><strong>ι</strong></span> <span class='ocrx_word' id='word_1_196' title='bbox 1119 867 1162 894; x_wconf 80' lang='grc'><strong>15.</strong></span> <span class='ocrx_word' id='word_1_197' title='bbox 1183 868 1267 902; x_wconf 61' lang='lat' dir='ltr'><strong>Kell)</strong></span> <span class='ocrx_word' id='word_1_198' title='bbox 1283 868 1364 904; x_wconf 82' lang='grc' dir='ltr'>θήρα,</span> <span class='ocrx_word' id='word_1_199' title='bbox 1380 868 1412 903; x_wconf 82' lang='grc' dir='ltr'>ἠν</span> <span class='ocrx_word' id='word_1_200' title='bbox 1428 868 1540 903; x_wconf 63' lang='grc' dir='ltr'>ἔκρυψε,</span> <span class='ocrx_word' id='word_1_201' title='bbox 1551 867 1705 894; x_wconf 68' lang='grc' dir='ltr'><strong>πλλαὸἐτω</strong></span> <span class='ocrx_word' id='word_1_202' title='bbox 1720 865 1816 893; x_wconf 65' lang='grc' dir='ltr'>αὐτόν·</span> 
     </span>
    </p>
   </div>
   <div class='ocr_carea' id='block_1_34' title="bbox 285 912 1043 951">
    <p class='ocr_par' dir='ltr' id='par_1_34' title="bbox 285 912 807 951">
     <span class='ocr_line' id='line_1_34' title="bbox 285 912 807 951; baseline 0.008 -13"><span class='ocrx_word' id='word_1_203' title='bbox 285 913 328 939; x_wconf 82' lang='grc'><strong>16.</strong></span> <span class='ocrx_word' id='word_1_204' title='bbox 344 912 375 940; x_wconf 85' lang='lat' dir='ltr'><strong>Et</strong></span> <span class='ocrx_word' id='word_1_205' title='bbox 388 913 414 941; x_wconf 91' lang='lat' dir='ltr'><strong>in</strong></span> <span class='ocrx_word' id='word_1_206' title='bbox 428 914 552 948; x_wconf 86' lang='lat' dir='ltr'><strong>laqueum</strong></span> <span class='ocrx_word' id='word_1_207' title='bbox 568 916 647 943; x_wconf 82' lang='lat' dir='ltr'><strong>cadat</strong></span> <span class='ocrx_word' id='word_1_208' title='bbox 663 917 690 943; x_wconf 89' lang='lat' dir='ltr'><strong>in</strong></span> <span class='ocrx_word' id='word_1_209' title='bbox 707 916 807 951; x_wconf 88' lang='lat' dir='ltr'><strong>ipsum.</strong></span> 
     </span>
    </p>
   </div>
   <div class='ocr_carea' id='block_1_35' title="bbox 964 912 1722 951">
    <p class='ocr_par' dir='ltr' id='par_1_35' title="bbox 1118 912 1722 948">
     <span class='ocr_line' id='line_1_35' title="bbox 1118 912 1722 948; baseline -0.002 -9"><span class='ocrx_word' id='word_1_210' title='bbox 1118 912 1160 940; x_wconf 84' lang='grc'><strong>16.</strong></span> <span class='ocrx_word' id='word_1_211' title='bbox 1181 913 1236 939; x_wconf 79' lang='lat' dir='ltr'><strong>Kal</strong></span> <span class='ocrx_word' id='word_1_212' title='bbox 1256 914 1284 939; x_wconf 84' lang='grc' dir='ltr'><strong>ἐν</strong></span> <span class='ocrx_word' id='word_1_213' title='bbox 1297 915 1331 948; x_wconf 81' lang='grc' dir='ltr'>τῇ</span> <span class='ocrx_word' id='word_1_214' title='bbox 1349 913 1442 948; x_wconf 81' lang='grc' dir='ltr'><strong>παγίδι</strong></span> <span class='ocrx_word' id='word_1_215' title='bbox 1458 914 1579 940; x_wconf 79' lang='grc' dir='ltr'>πεσεῖται</span> <span class='ocrx_word' id='word_1_216' title='bbox 1596 914 1624 939; x_wconf 83' lang='grc' dir='ltr'>ὲν</span> <span class='ocrx_word' id='word_1_217' title='bbox 1643 913 1722 948; x_wconf 81' lang='grc' dir='ltr'><strong>αὐτῇ.</strong></span> 
     </span>
    </p>
   </div>
   <div class='ocr_carea' id='block_1_36' title="bbox 286 957 1044 994">
    <p class='ocr_par' dir='ltr' id='par_1_36' title="bbox 286 958 977 988">
     <span class='ocr_line' id='line_1_36' title="bbox 286 958 977 988; baseline 0.001 -4"><span class='ocrx_word' id='word_1_218' title='bbox 286 958 328 985; x_wconf 82' lang='grc'><strong>17.</strong></span> <span class='ocrx_word' id='word_1_219' title='bbox 344 958 440 985; x_wconf 78' lang='lat' dir='ltr'><strong>Anima</strong></span> <span class='ocrx_word' id='word_1_220' title='bbox 455 965 546 987; x_wconf 88' lang='lat' dir='ltr'><strong>autem</strong></span> <span class='ocrx_word' id='word_1_221' title='bbox 561 968 620 988; x_wconf 87' lang='lat' dir='ltr'><strong>mea</strong></span> <span class='ocrx_word' id='word_1_222' title='bbox 634 961 780 988; x_wconf 77' lang='lat' dir='ltr'><strong>exsultabit</strong></span> <span class='ocrx_word' id='word_1_223' title='bbox 796 961 823 987; x_wconf 86' lang='lat' dir='ltr'><strong>in</strong></span> <span class='ocrx_word' id='word_1_224' title='bbox 841 959 958 987; x_wconf 84' lang='lat' dir='ltr'><strong>Domino</strong></span> <span class='ocrx_word' id='word_1_225' title='bbox 971 968 977 985; x_wconf 92' lang='lat'><strong>:</strong></span> 
     </span>
    </p>
   </div>
   <div class='ocr_carea' id='block_1_37' title="bbox 1089 957 1847 994">
    <p class='ocr_par' dir='ltr' id='par_1_37' title="bbox 1119 957 1847 994">
     <span class='ocr_line' id='line_1_37' title="bbox 1119 957 1847 994; baseline -0.001 -10"><span class='ocrx_word' id='word_1_226' title='bbox 1119 958 1163 984; x_wconf 86' lang='grc'><strong>17.</strong></span> <span class='ocrx_word' id='word_1_227' title='bbox 1179 958 1210 985; x_wconf 85' lang='grc' dir='ltr'><strong>Ἦ</strong></span> <span class='ocrx_word' id='word_1_228' title='bbox 1222 958 1250 984; x_wconf 87' lang='grc' dir='ltr'><strong>δὲ</strong></span> <span class='ocrx_word' id='word_1_229' title='bbox 1265 959 1338 994; x_wconf 76' lang='grc' dir='ltr'><strong>ψυχή</strong></span> <span class='ocrx_word' id='word_1_230' title='bbox 1354 967 1404 993; x_wconf 81' lang='grc' dir='ltr'><strong>μου</strong></span> <span class='ocrx_word' id='word_1_231' title='bbox 1422 958 1616 992; x_wconf 81' lang='grc' dir='ltr'>ἀγαλλιάσεται</span> <span class='ocrx_word' id='word_1_232' title='bbox 1629 957 1676 983; x_wconf 77' lang='grc' dir='ltr'><strong>ἐπὶ</strong></span> <span class='ocrx_word' id='word_1_233' title='bbox 1687 957 1726 992; x_wconf 84' lang='grc' dir='ltr'>τῷ</span> <span class='ocrx_word' id='word_1_234' title='bbox 1741 957 1847 993; x_wconf 82' lang='grc' dir='ltr'><strong>Κυρίῳ⁶</strong></span> 
     </span>
    </p>
   </div>
   <div class='ocr_carea' id='block_1_38' title="bbox 284 1003 1042 1041">
    <p class='ocr_par' dir='ltr' id='par_1_38' title="bbox 284 1004 867 1041">
     <span class='ocr_line' id='line_1_38' title="bbox 284 1004 867 1041; baseline 0.007 -11"><span class='ocrx_word' id='word_1_235' title='bbox 284 1004 326 1030; x_wconf 87' lang='grc'><strong>18.</strong></span> <span class='ocrx_word' id='word_1_236' title='bbox 345 1004 376 1031; x_wconf 82' lang='grc' dir='ltr'><strong>Εῑ</strong></span> <span class='ocrx_word' id='word_1_237' title='bbox 389 1005 566 1033; x_wconf 80' lang='lat' dir='ltr'><strong>delectabitur</strong></span> <span class='ocrx_word' id='word_1_238' title='bbox 578 1015 659 1041; x_wconf 89' lang='lat' dir='ltr'><strong>super</strong></span> <span class='ocrx_word' id='word_1_239' title='bbox 673 1007 786 1034; x_wconf 85' lang='lat' dir='ltr'><strong>salutari</strong></span> <span class='ocrx_word' id='word_1_240' title='bbox 805 1015 867 1034; x_wconf 89' lang='lat' dir='ltr'><strong>suo.</strong></span> 
     </span>
    </p>
   </div>
   <div class='ocr_carea' id='block_1_39' title="bbox 973 1003 1731 1041">
    <p class='ocr_par' dir='ltr' id='par_1_39' title="bbox 1119 1003 1731 1040">
     <span class='ocr_line' id='line_1_39' title="bbox 1119 1003 1731 1040; baseline -0.002 -10"><span class='ocrx_word' id='word_1_241' title='bbox 1119 1003 1163 1030; x_wconf 86' lang='grc'><strong>18.</strong></span> <span class='ocrx_word' id='word_1_242' title='bbox 1184 1004 1371 1040; x_wconf 69' lang='grc' dir='ltr'>Τερφθήσεται</span> <span class='ocrx_word' id='word_1_243' title='bbox 1386 1005 1432 1031; x_wconf 78' lang='grc' dir='ltr'><strong>ἐπὶ</strong></span> <span class='ocrx_word' id='word_1_244' title='bbox 1448 1004 1486 1039; x_wconf 82' lang='grc' dir='ltr'><strong>τῷ</strong></span> <span class='ocrx_word' id='word_1_245' title='bbox 1502 1004 1628 1039; x_wconf 81' lang='grc' dir='ltr'><strong>σωτηρίῳ</strong></span> <span class='ocrx_word' id='word_1_246' title='bbox 1640 1003 1731 1030; x_wconf 76' lang='grc' dir='ltr'><strong>αὐτοῦ.</strong></span> 
     </span>
    </p>
   </div>
   <div class='ocr_carea' id='block_1_40' title="bbox 286 1047 1044 1085">
    <p class='ocr_par' dir='ltr' id='par_1_40' title="bbox 286 1049 1030 1084">
     <span class='ocr_line' id='line_1_40' title="bbox 286 1049 1030 1084; baseline 0.001 -9"><span class='ocrx_word' id='word_1_247' title='bbox 286 1049 330 1076; x_wconf 87' lang='grc'><strong>19.</strong></span> <span class='ocrx_word' id='word_1_248' title='bbox 353 1049 451 1077; x_wconf 85' lang='lat' dir='ltr'><strong>Omnia</strong></span> <span class='ocrx_word' id='word_1_249' title='bbox 471 1058 535 1078; x_wconf 79' lang='lat' dir='ltr'><strong>ossa</strong></span> <span class='ocrx_word' id='word_1_250' title='bbox 556 1059 616 1078; x_wconf 83' lang='lat' dir='ltr'><strong>mea</strong></span> <span class='ocrx_word' id='word_1_251' title='bbox 638 1052 884 1084; x_wconf 77' lang='lat' dir='ltr'><strong>dicentzDomine,</strong></span> <span class='ocrx_word' id='word_1_252' title='bbox 906 1050 1030 1082; x_wconf 85' lang='lat' dir='ltr'><strong>Domine,</strong></span> 
     </span>
    </p>
   </div>
   <div class='ocr_carea' id='block_1_41' title="bbox 1104 1047 1862 1085">
    <p class='ocr_par' dir='ltr' id='par_1_41' title="bbox 1120 1047 1862 1085">
     <span class='ocr_line' id='line_1_41' title="bbox 1120 1047 1862 1085; baseline -0.001 -9"><span class='ocrx_word' id='word_1_253' title='bbox 1120 1049 1163 1076; x_wconf 86' lang='grc'><strong>19.</strong></span> <span class='ocrx_word' id='word_1_254' title='bbox 1183 1049 1276 1076; x_wconf 82' lang='grc' dir='ltr'>Πάντα</span> <span class='ocrx_word' id='word_1_255' title='bbox 1290 1050 1324 1077; x_wconf 69' lang='grc' dir='ltr'>τὰ</span> <span class='ocrx_word' id='word_1_256' title='bbox 1339 1050 1405 1077; x_wconf 77' lang='grc' dir='ltr'>ὀστᾶ</span> <span class='ocrx_word' id='word_1_257' title='bbox 1417 1059 1468 1085; x_wconf 88' lang='grc' dir='ltr'><strong>μου</strong></span> <span class='ocrx_word' id='word_1_258' title='bbox 1484 1049 1576 1085; x_wconf 78' lang='grc' dir='ltr'><strong>ἐροῦσι</strong></span> <span class='ocrx_word' id='word_1_259' title='bbox 1586 1058 1592 1064; x_wconf 92' lang='grc'><strong>·</strong></span> <span class='ocrx_word' id='word_1_260' title='bbox 1608 1049 1704 1084; x_wconf 79' lang='grc' dir='ltr'><strong>Κύριε,</strong></span> <span class='ocrx_word' id='word_1_261' title='bbox 1722 1049 1818 1085; x_wconf 80' lang='grc' dir='ltr'><strong>Κύριε,</strong></span> <span class='ocrx_word' id='word_1_262' title='bbox 1829 1047 1862 1079; x_wconf 81' lang='grc' dir='ltr'>τίς</span> 
     </span>
    </p>
   </div>
   <div class='ocr_carea' id='block_1_42' title="bbox 249 1095 1007 1131">
    <p class='ocr_par' dir='ltr' id='par_1_42' title="bbox 249 1095 517 1129">
     <span class='ocr_line' id='line_1_42' title="bbox 249 1095 517 1129; baseline 0.011 -9"><span class='ocrx_word' id='word_1_263' title='bbox 249 1095 312 1129; x_wconf 84' lang='lat' dir='ltr'><strong>quis</strong></span> <span class='ocrx_word' id='word_1_264' title='bbox 325 1095 422 1123; x_wconf 83' lang='lat' dir='ltr'><strong>similis</strong></span> <span class='ocrx_word' id='word_1_265' title='bbox 442 1097 490 1123; x_wconf 83' lang='lat' dir='ltr'><strong>tibi</strong></span> <span class='ocrx_word' id='word_1_266' title='bbox 505 1098 517 1123; x_wconf 86' lang='lat'><strong>?</strong></span> 
     </span>
    </p>
   </div>
   <div class='ocr_carea' id='block_1_43' title="bbox 493 1095 1251 1131">
    <p class='ocr_par' dir='ltr' id='par_1_43' title="bbox 505 1095 1251 1131">
     <span class='ocr_line' id='line_1_43' title="bbox 505 1095 1251 1131; baseline 0.007 -14"><span class='ocrx_word' id='word_1_267' title='bbox 505 1098 517 1123; x_wconf 64' lang='lat'>2</span> <span class='ocrx_word' id='word_1_268' title='bbox 1084 1095 1176 1131; x_wconf 81' lang='grc' dir='ltr'><strong>ὅμοιός</strong></span> <span class='ocrx_word' id='word_1_269' title='bbox 1192 1104 1233 1122; x_wconf 88' lang='grc' dir='ltr'><strong>σοι</strong></span> <span class='ocrx_word' id='word_1_270' title='bbox 1245 1104 1251 1128; x_wconf 87' lang='lat'><strong>;</strong></span> 
     </span>
    </p>
   </div>
   <div class='ocr_carea' id='block_1_44' title="bbox 285 1138 1043 1176">
    <p class='ocr_par' dir='ltr' id='par_1_44' title="bbox 285 1139 983 1176">
     <span class='ocr_line' id='line_1_44' title="bbox 285 1139 983 1176; baseline 0.001 -10"><span class='ocrx_word' id='word_1_271' title='bbox 285 1139 330 1167; x_wconf 78' lang='lat'><strong>20.</strong></span> <span class='ocrx_word' id='word_1_272' title='bbox 344 1140 469 1176; x_wconf 80' lang='lat' dir='ltr'><strong>Eripiens</strong></span> <span class='ocrx_word' id='word_1_273' title='bbox 480 1142 585 1176; x_wconf 83' lang='lat' dir='ltr'><strong>inopem</strong></span> <span class='ocrx_word' id='word_1_274' title='bbox 600 1142 633 1169; x_wconf 85' lang='lat' dir='ltr'><strong>de</strong></span> <span class='ocrx_word' id='word_1_275' title='bbox 647 1149 728 1169; x_wconf 82' lang='lat' dir='ltr'><strong>manu</strong></span> <span class='ocrx_word' id='word_1_276' title='bbox 747 1141 890 1170; x_wconf 81' lang='lat' dir='ltr'><strong>fortiorum</strong></span> <span class='ocrx_word' id='word_1_277' title='bbox 903 1140 964 1176; x_wconf 83' lang='lat' dir='ltr'><strong>ejus</strong></span> <span class='ocrx_word' id='word_1_278' title='bbox 976 1149 983 1173; x_wconf 89' lang='lat'><strong>;</strong></span> 
     </span>
    </p>
   </div>
   <div class='ocr_carea' id='block_1_45' title="bbox 1103 1138 1861 1176">
    <p class='ocr_par' dir='ltr' id='par_1_45' title="bbox 1120 1138 1861 1176">
     <span class='ocr_line' id='line_1_45' title="bbox 1120 1138 1861 1176; baseline -0.004 -9"><span class='ocrx_word' id='word_1_279' title='bbox 1120 1140 1164 1168; x_wconf 79' lang='grc'><strong>20.</strong></span> <span class='ocrx_word' id='word_1_280' title='bbox 1176 1140 1320 1176; x_wconf 83' lang='grc' dir='ltr'><strong>Ῥυόμενος</strong></span> <span class='ocrx_word' id='word_1_281' title='bbox 1329 1140 1434 1175; x_wconf 77' lang='grc' dir='ltr'>πτωχὸν</span> <span class='ocrx_word' id='word_1_282' title='bbox 1442 1141 1474 1167; x_wconf 83' lang='grc' dir='ltr'><strong>ἐκ</strong></span> <span class='ocrx_word' id='word_1_283' title='bbox 1482 1139 1572 1176; x_wconf 78' lang='grc' dir='ltr'><strong>χειρὸς</strong></span> <span class='ocrx_word' id='word_1_284' title='bbox 1581 1140 1769 1176; x_wconf 82' lang='grc' dir='ltr'>στερεωτέρων</span> <span class='ocrx_word' id='word_1_285' title='bbox 1781 1138 1861 1167; x_wconf 77' lang='grc' dir='ltr'><strong>αὑτοῦ·</strong></span> 
     </span>
    </p>
   </div>
   <div class='ocr_carea' id='block_1_46' title="bbox 283 1185 1041 1223">
    <p class='ocr_par' dir='ltr' id='par_1_46' title="bbox 283 1185 1033 1223">
     <span class='ocr_line' id='line_1_46' title="bbox 283 1185 1033 1223; baseline -0.001 -10"><span class='ocrx_word' id='word_1_286' title='bbox 283 1185 375 1214; x_wconf 74' lang='grc' dir='ltr'><strong>21.Ει</strong></span> <span class='ocrx_word' id='word_1_287' title='bbox 407 1194 524 1223; x_wconf 74' lang='lat' dir='ltr'><strong>egenum</strong></span> <span class='ocrx_word' id='word_1_288' title='bbox 549 1193 576 1215; x_wconf 82' lang='lat' dir='ltr'><strong>et</strong></span> <span class='ocrx_word' id='word_1_289' title='bbox 605 1195 752 1223; x_wconf 85' lang='lat' dir='ltr'><strong>pauperem</strong></span> <span class='ocrx_word' id='word_1_290' title='bbox 787 1196 803 1216; x_wconf 87' lang='lat' dir='ltr'><strong>a</strong></span> <span class='ocrx_word' id='word_1_291' title='bbox 837 1185 1033 1222; x_wconf 84' lang='lat' dir='ltr'><strong>diripientibus</strong></span> 
     </span>
    </p>
   </div>
   <div class='ocr_carea' id='block_1_47' title="bbox 1103 1185 1861 1223">
    <p class='ocr_par' dir='ltr' id='par_1_47' title="bbox 1120 1185 1861 1222">
     <span class='ocr_line' id='line_1_47' title="bbox 1120 1185 1861 1222; baseline -0.003 -9"><span class='ocrx_word' id='word_1_292' title='bbox 1120 1186 1164 1213; x_wconf 72' lang='grc'><strong>21.</strong></span> <span class='ocrx_word' id='word_1_293' title='bbox 1185 1187 1240 1213; x_wconf 77' lang='lat' dir='ltr'><strong>Kal</strong></span> <span class='ocrx_word' id='word_1_294' title='bbox 1254 1187 1361 1222; x_wconf 79' lang='grc' dir='ltr'>πτωχὸν</span> <span class='ocrx_word' id='word_1_295' title='bbox 1378 1186 1424 1213; x_wconf 77' lang='grc' dir='ltr'><strong>καὶ</strong></span> <span class='ocrx_word' id='word_1_296' title='bbox 1441 1186 1545 1222; x_wconf 82' lang='grc' dir='ltr'>πένητα</span> <span class='ocrx_word' id='word_1_297' title='bbox 1561 1186 1614 1213; x_wconf 82' lang='grc' dir='ltr'><strong>ἀπὸ</strong></span> <span class='ocrx_word' id='word_1_298' title='bbox 1634 1186 1688 1212; x_wconf 79' lang='grc' dir='ltr'>τῶν</span> <span class='ocrx_word' id='word_1_299' title='bbox 1707 1185 1861 1222; x_wconf 75' lang='grc' dir='ltr'><strong>διαρπαζόν-</strong></span> 
     </span>
    </p>
   </div>
   <div class='ocr_carea' id='block_1_48' title="bbox 248 1233 1006 1260">
    <p class='ocr_par' dir='ltr' id='par_1_48' title="bbox 248 1239 323 1260">
     <span class='ocr_line' id='line_1_48' title="bbox 248 1239 323 1260; baseline 0.013 -1"><span class='ocrx_word' id='word_1_300' title='bbox 248 1239 323 1260; x_wconf 83' lang='lat' dir='ltr'><strong>eum.</strong></span> 
     </span>
    </p>
   </div>
   <div class='ocr_carea' id='block_1_49' title="bbox 485 1233 1243 1260">
    <p class='ocr_par' dir='ltr' id='par_1_49' title="bbox 1086 1233 1243 1260">
     <span class='ocr_line' id='line_1_49' title="bbox 1086 1233 1243 1260; baseline -0.006 0"><span class='ocrx_word' id='word_1_301' title='bbox 1086 1241 1140 1260; x_wconf 82' lang='grc' dir='ltr'><strong>των</strong></span> <span class='ocrx_word' id='word_1_302' title='bbox 1155 1233 1243 1259; x_wconf 78' lang='grc' dir='ltr'>αὐτόν.</span> 
     </span>
    </p>
   </div>
   <div class='ocr_carea' id='block_1_50' title="bbox 804 1319 1310 1348">
    <p class='ocr_par' dir='ltr' id='par_1_50' title="bbox 804 1319 1310 1348">
     <span class='ocr_line' id='line_1_50' title="bbox 804 1319 1310 1348; baseline 0.002 -2"><span class='ocrx_word' id='word_1_303' title='bbox 804 1319 993 1347; x_wconf 77' lang='lat' dir='ltr'><strong>ATIIANASll</strong></span> <span class='ocrx_word' id='word_1_304' title='bbox 1012 1319 1310 1348; x_wconf 75' lang='lat' dir='ltr'><strong>INTERPRETATIO.</strong></span> 
     </span>
    </p>
   </div>
   <div class='ocr_carea' id='block_1_51' title="bbox 282 1374 1040 1413">
    <p class='ocr_par' dir='ltr' id='par_1_51' title="bbox 282 1376 1034 1413">
     <span class='ocr_line' id='line_1_51' title="bbox 282 1376 1034 1413; baseline 0 -9"><span class='ocrx_word' id='word_1_305' title='bbox 282 1377 316 1411; x_wconf 71' lang='grc'><strong>1,</strong></span> <span class='ocrx_word' id='word_1_306' title='bbox 331 1377 357 1405; x_wconf 83' lang='lat'><strong>5.</strong></span> <span class='ocrx_word' id='word_1_307' title='bbox 375 1376 408 1404; x_wconf 87' lang='lat' dir='ltr'><strong>Et</strong></span> <span class='ocrx_word' id='word_1_308' title='bbox 427 1377 515 1413; x_wconf 78' lang='lat' dir='ltr'><strong>gratia</strong></span> <span class='ocrx_word' id='word_1_309' title='bbox 538 1377 656 1412; x_wconf 89' lang='lat' dir='ltr'><strong>Spiritus</strong></span> <span class='ocrx_word' id='word_1_310' title='bbox 676 1378 762 1405; x_wconf 82' lang='lat' dir='ltr'><strong>sancti</strong></span> <span class='ocrx_word' id='word_1_311' title='bbox 784 1378 959 1405; x_wconf 87' lang='lat' dir='ltr'><strong>circumdans</strong></span> <span class='ocrx_word' id='word_1_312' title='bbox 974 1378 1034 1404; x_wconf 86' lang='lat' dir='ltr'><strong>ani-</strong></span> 
     </span>
    </p>
   </div>
   <div class='ocr_carea' id='block_1_52' title="bbox 1103 1374 1861 1413">
    <p class='ocr_par' dir='ltr' id='par_1_52' title="bbox 1120 1374 1861 1411">
     <span class='ocr_line' id='line_1_52' title="bbox 1120 1374 1861 1411; baseline -0.005 -7"><span class='ocrx_word' id='word_1_313' title='bbox 1120 1378 1148 1409; x_wconf 75' lang='grc'><strong>4,</strong></span> <span class='ocrx_word' id='word_1_314' title='bbox 1163 1377 1188 1404; x_wconf 82' lang='lat'><strong>5.</strong></span> <span class='ocrx_word' id='word_1_315' title='bbox 1211 1377 1265 1403; x_wconf 78' lang='lat' dir='ltr'><strong>Kal</strong></span> <span class='ocrx_word' id='word_1_316' title='bbox 1286 1378 1318 1411; x_wconf 83' lang='grc' dir='ltr'>τῇ</span> <span class='ocrx_word' id='word_1_317' title='bbox 1339 1377 1430 1411; x_wconf 81' lang='grc' dir='ltr'>χάριτι</span> <span class='ocrx_word' id='word_1_318' title='bbox 1442 1376 1487 1402; x_wconf 78' lang='grc' dir='ltr'><strong>τοῦ</strong></span> <span class='ocrx_word' id='word_1_319' title='bbox 1502 1375 1579 1409; x_wconf 80' lang='grc' dir='ltr'>ἁγίου</span> <span class='ocrx_word' id='word_1_320' title='bbox 1594 1374 1631 1410; x_wconf 89' lang='grc'><strong>(1)</strong></span> <span class='ocrx_word' id='word_1_321' title='bbox 1644 1374 1803 1409; x_wconf 72' lang='grc' dir='ltr'><strong>Πνεῦματος</strong></span> <span class='ocrx_word' id='word_1_322' title='bbox 1822 1383 1861 1401; x_wconf 73' lang='grc' dir='ltr'><strong>κυ-</strong></span> 
     </span>
    </p>
   </div>
   <div class='ocr_carea' id='block_1_53' title="bbox 249 1421 1007 1457">
    <p class='ocr_par' dir='ltr' id='par_1_53' title="bbox 249 1421 1007 1457">
     <span class='ocr_line' id='line_1_53' title="bbox 249 1421 1007 1457; baseline 0 -8"><span class='ocrx_word' id='word_1_323' title='bbox 249 1430 322 1449; x_wconf 91' lang='lat' dir='ltr'><strong>mam</strong></span> <span class='ocrx_word' id='word_1_324' title='bbox 347 1430 434 1450; x_wconf 89' lang='lat' dir='ltr'><strong>meam</strong></span> <span class='ocrx_word' id='word_1_325' title='bbox 447 1441 455 1454; x_wconf 92' lang='lat'><strong>,</strong></span> <span class='ocrx_word' id='word_1_326' title='bbox 477 1422 521 1449; x_wconf 88' lang='lat' dir='ltr'><strong>die</strong></span> <span class='ocrx_word' id='word_1_327' title='bbox 542 1422 617 1456; x_wconf 89' lang='lat' dir='ltr'><strong>ipsi:</strong></span> <span class='ocrx_word' id='word_1_328' title='bbox 635 1421 674 1448; x_wconf 81' lang='lat' dir='ltr'><strong>Ne</strong></span> <span class='ocrx_word' id='word_1_329' title='bbox 697 1421 804 1455; x_wconf 79' lang='lat' dir='ltr'><strong>timeas,</strong></span> <span class='ocrx_word' id='word_1_330' title='bbox 818 1422 891 1449; x_wconf 74' lang='lat' dir='ltr'><strong>salus</strong></span> <span class='ocrx_word' id='word_1_331' title='bbox 918 1427 966 1449; x_wconf 83' lang='lat' dir='ltr'><strong>tua</strong></span> <span class='ocrx_word' id='word_1_332' title='bbox 985 1430 1007 1457; x_wconf 63' lang='lat' dir='ltr'><strong>eg</strong></span> 
     </span>
    </p>
   </div>
   <div class='ocr_carea' id='block_1_54' title="bbox 1104 1421 1862 1457">
    <p class='ocr_par' dir='ltr' id='par_1_54' title="bbox 1104 1421 1862 1457">
     <span class='ocr_line' id='line_1_54' title="bbox 1104 1421 1862 1457; baseline -0.003 -9"><span class='ocrx_word' id='word_1_333' title='bbox 1104 1422 1192 1453; x_wconf 83' lang='grc' dir='ltr'>λώσας</span> <span class='ocrx_word' id='word_1_334' title='bbox 1203 1422 1251 1457; x_wconf 86' lang='grc' dir='ltr'><strong>τὴν</strong></span> <span class='ocrx_word' id='word_1_335' title='bbox 1267 1422 1355 1457; x_wconf 76' lang='grc' dir='ltr'>ψυχήν</span> <span class='ocrx_word' id='word_1_336' title='bbox 1374 1430 1435 1457; x_wconf 78' lang='grc' dir='ltr'><strong>μου.</strong></span> <span class='ocrx_word' id='word_1_337' title='bbox 1451 1422 1514 1448; x_wconf 74' lang='grc' dir='ltr'>εἰπὲ</span> <span class='ocrx_word' id='word_1_338' title='bbox 1531 1422 1599 1456; x_wconf 75' lang='grc' dir='ltr'>αὑτῇ</span> <span class='ocrx_word' id='word_1_339' title='bbox 1610 1429 1616 1435; x_wconf 86' lang='grc'><strong>·</strong></span> <span class='ocrx_word' id='word_1_340' title='bbox 1634 1421 1680 1456; x_wconf 83' lang='grc' dir='ltr'><strong>Μὴ</strong></span> <span class='ocrx_word' id='word_1_341' title='bbox 1702 1421 1796 1455; x_wconf 67' lang='grc' dir='ltr'><strong>φοϐοῦ,</strong></span> <span class='ocrx_word' id='word_1_342' title='bbox 1815 1429 1862 1447; x_wconf 74' lang='grc' dir='ltr'><strong>σω-</strong></span> 
     </span>
    </p>
   </div>
   <div class='ocr_carea' id='block_1_55' title="bbox 248 1466 1398 1502">
    <p class='ocr_par' dir='ltr' id='par_1_55' title="bbox 248 1466 1398 1502">
     <span class='ocr_line' id='line_1_55' title="bbox 248 1466 1398 1502; baseline 0 -9"><span class='ocrx_word' id='word_1_343' title='bbox 248 1475 318 1494; x_wconf 72' lang='lat' dir='ltr'><strong>um.</strong></span> <span class='ocrx_word' id='word_1_344' title='bbox 1085 1467 1170 1501; x_wconf 74' lang='grc' dir='ltr'>τιιρία</span> <span class='ocrx_word' id='word_1_345' title='bbox 1184 1468 1241 1494; x_wconf 85' lang='grc' dir='ltr'><strong>σού</strong></span> <span class='ocrx_word' id='word_1_346' title='bbox 1254 1469 1312 1502; x_wconf 73' lang='grc' dir='ltr'><strong>εἰμι</strong></span> <span class='ocrx_word' id='word_1_347' title='bbox 1330 1466 1398 1501; x_wconf 81' lang='grc' dir='ltr'><strong>ἐγώ.</strong></span> 
     </span>
    </p>
   </div>
   <div class='ocr_carea' id='block_1_56' title="bbox 283 1511 1041 1547">
    <p class='ocr_par' dir='ltr' id='par_1_56' title="bbox 283 1511 1030 1547">
     <span class='ocr_line' id='line_1_56' title="bbox 283 1511 1030 1547; baseline 0.001 -9"><span class='ocrx_word' id='word_1_348' title='bbox 283 1511 310 1538; x_wconf 84' lang='grc'><strong>6.</strong></span> <span class='ocrx_word' id='word_1_349' title='bbox 329 1512 417 1546; x_wconf 82' lang='lat' dir='ltr'><strong>Atque</strong></span> <span class='ocrx_word' id='word_1_350' title='bbox 432 1512 469 1539; x_wconf 86' lang='lat' dir='ltr'><strong>ita</strong></span> <span class='ocrx_word' id='word_1_351' title='bbox 486 1512 595 1540; x_wconf 87' lang='lat' dir='ltr'><strong>demum</strong></span> <span class='ocrx_word' id='word_1_352' title='bbox 610 1512 806 1547; x_wconf 81' lang='lat' dir='ltr'><strong>confundantur</strong></span> <span class='ocrx_word' id='word_1_353' title='bbox 819 1517 843 1540; x_wconf 80' lang='lat' dir='ltr'><strong>et</strong></span> <span class='ocrx_word' id='word_1_354' title='bbox 864 1516 1030 1540; x_wconf 80' lang='lat' dir='ltr'><strong>reuercantur</strong></span> 
     </span>
    </p>
   </div>
   <div class='ocr_carea' id='block_1_57' title="bbox 1102 1511 1860 1547">
    <p class='ocr_par' dir='ltr' id='par_1_57' title="bbox 1119 1512 1860 1547">
     <span class='ocr_line' id='line_1_57' title="bbox 1119 1512 1860 1547; baseline -0.003 -7"><span class='ocrx_word' id='word_1_355' title='bbox 1119 1513 1146 1540; x_wconf 85' lang='lat'><strong>6.</strong></span> <span class='ocrx_word' id='word_1_356' title='bbox 1163 1514 1218 1540; x_wconf 77' lang='lat' dir='ltr'><strong>Kal</strong></span> <span class='ocrx_word' id='word_1_357' title='bbox 1234 1513 1305 1540; x_wconf 76' lang='grc' dir='ltr'>οὕτω</span> <span class='ocrx_word' id='word_1_358' title='bbox 1321 1513 1412 1540; x_wconf 85' lang='grc' dir='ltr'>λοιπὸν</span> <span class='ocrx_word' id='word_1_359' title='bbox 1428 1512 1680 1547; x_wconf 76' lang='grc' dir='ltr'>αἱσχυνθήτωσαν</span> <span class='ocrx_word' id='word_1_360' title='bbox 1707 1512 1757 1540; x_wconf 82' lang='grc' dir='ltr'><strong>καὶ</strong></span> <span class='ocrx_word' id='word_1_361' title='bbox 1768 1513 1860 1546; x_wconf 73' lang='grc' dir='ltr'>ἐντρα-</span> 
     </span>
    </p>
   </div>
   <div class='ocr_carea' id='block_1_58' title="bbox 247 1553 1005 1594">
    <p class='ocr_par' dir='ltr' id='par_1_58' title="bbox 247 1558 528 1592">
     <span class='ocr_line' id='line_1_58' title="bbox 247 1558 528 1592; baseline 0.004 -8"><span class='ocrx_word' id='word_1_362' title='bbox 247 1561 396 1592; x_wconf 79' lang='lat' dir='ltr'><strong>potestates</strong></span> <span class='ocrx_word' id='word_1_363' title='bbox 413 1558 528 1586; x_wconf 91' lang='lat' dir='ltr'><strong>inimici.</strong></span> 
     </span>
    </p>
   </div>
   <div class='ocr_carea' id='block_1_59' title="bbox 837 1553 1595 1594">
    <p class='ocr_par' dir='ltr' id='par_1_59' title="bbox 1046 1553 1595 1594">
     <span class='ocr_line' id='line_1_59' title="bbox 1046 1553 1595 1594; baseline -0.002 -9"><span class='ocrx_word' id='word_1_364' title='bbox 1046 1553 1068 1582; x_wconf 84' lang='lat' dir='ltr'><strong><em>C</em></strong></span> <span class='ocrx_word' id='word_1_365' title='bbox 1084 1558 1227 1592; x_wconf 76' lang='grc' dir='ltr'>πήτωσαν</span> <span class='ocrx_word' id='word_1_366' title='bbox 1240 1559 1267 1585; x_wconf 88' lang='grc' dir='ltr'>αί</span> <span class='ocrx_word' id='word_1_367' title='bbox 1285 1559 1412 1594; x_wconf 77' lang='grc' dir='ltr'>δυνάμεις</span> <span class='ocrx_word' id='word_1_368' title='bbox 1425 1558 1472 1585; x_wconf 78' lang='grc' dir='ltr'><strong>τοῦ</strong></span> <span class='ocrx_word' id='word_1_369' title='bbox 1487 1557 1595 1593; x_wconf 74' lang='grc' dir='ltr'><strong>ἐχθροῦ.</strong></span> 
     </span>
    </p>
   </div>
   <div class='ocr_carea' id='block_1_60' title="bbox 284 1602 1042 1639">
    <p class='ocr_par' dir='ltr' id='par_1_60' title="bbox 284 1602 744 1638">
     <span class='ocr_line' id='line_1_60' title="bbox 284 1602 744 1638; baseline 0.004 -9"><span class='ocrx_word' id='word_1_370' title='bbox 284 1603 309 1629; x_wconf 83' lang='lat'><strong>7.</strong></span> <span class='ocrx_word' id='word_1_371' title='bbox 326 1602 458 1630; x_wconf 80' lang='lat' dir='ltr'><strong>Similiter</strong></span> <span class='ocrx_word' id='word_1_372' title='bbox 469 1604 570 1631; x_wconf 75' lang='lat' dir='ltr'><strong>eaedem</strong></span> <span class='ocrx_word' id='word_1_373' title='bbox 588 1608 744 1638; x_wconf 84' lang='lat' dir='ltr'><strong>potestates.</strong></span> 
     </span>
    </p>
   </div>
   <div class='ocr_carea' id='block_1_61' title="bbox 803 1602 1561 1639">
    <p class='ocr_par' dir='ltr' id='par_1_61' title="bbox 1120 1603 1561 1639">
     <span class='ocr_line' id='line_1_61' title="bbox 1120 1603 1561 1639; baseline 0 -9"><span class='ocrx_word' id='word_1_374' title='bbox 1120 1604 1145 1631; x_wconf 89' lang='lat'><strong>7.</strong></span> <span class='ocrx_word' id='word_1_375' title='bbox 1154 1604 1270 1639; x_wconf 87' lang='grc' dir='ltr'>Ὁμοίως</span> <span class='ocrx_word' id='word_1_376' title='bbox 1284 1605 1311 1631; x_wconf 86' lang='grc' dir='ltr'><strong>αἱ</strong></span> <span class='ocrx_word' id='word_1_377' title='bbox 1328 1604 1408 1630; x_wconf 80' lang='grc' dir='ltr'>αὑταὶ</span> <span class='ocrx_word' id='word_1_378' title='bbox 1422 1603 1561 1639; x_wconf 84' lang='grc' dir='ltr'><strong>δυνάμεις.</strong></span> 
     </span>
    </p>
   </div>
   <div class='ocr_carea' id='block_1_62' title="bbox 283 1647 1041 1685">
    <p class='ocr_par' dir='ltr' id='par_1_62' title="bbox 283 1648 1033 1685">
     <span class='ocr_line' id='line_1_62' title="bbox 283 1648 1033 1685; baseline 0 -9"><span class='ocrx_word' id='word_1_379' title='bbox 283 1648 309 1676; x_wconf 88' lang='grc'><strong>8.</strong></span> <span class='ocrx_word' id='word_1_380' title='bbox 328 1648 491 1677; x_wconf 79' lang='lat' dir='ltr'><strong>Exsuﬂlabit</strong></span> <span class='ocrx_word' id='word_1_381' title='bbox 511 1650 647 1678; x_wconf 69' lang='lat' dir='ltr'><strong>daemones</strong></span> <span class='ocrx_word' id='word_1_382' title='bbox 668 1658 701 1677; x_wconf 86' lang='lat' dir='ltr'><strong>ex</strong></span> <span class='ocrx_word' id='word_1_383' title='bbox 721 1650 803 1678; x_wconf 82' lang='lat' dir='ltr'><strong>corde</strong></span> <span class='ocrx_word' id='word_1_384' title='bbox 828 1657 887 1678; x_wconf 86' lang='lat' dir='ltr'><strong>meo</strong></span> <span class='ocrx_word' id='word_1_385' title='bbox 913 1649 1033 1685; x_wconf 88' lang='lat' dir='ltr'><strong>Spiritus</strong></span> 
     </span>
    </p>
   </div>
   <div class='ocr_carea' id='block_1_63' title="bbox 1103 1647 1861 1685">
    <p class='ocr_par' dir='ltr' id='par_1_63' title="bbox 1119 1647 1861 1685">
     <span class='ocr_line' id='line_1_63' title="bbox 1119 1647 1861 1685; baseline -0.004 -9"><span class='ocrx_word' id='word_1_386' title='bbox 1119 1649 1146 1677; x_wconf 88' lang='lat'><strong><em>8.</em></strong></span> <span class='ocrx_word' id='word_1_387' title='bbox 1155 1650 1318 1685; x_wconf 78' lang='grc' dir='ltr'><strong>Ἐκφυσήσει</strong></span> <span class='ocrx_word' id='word_1_388' title='bbox 1333 1649 1395 1681; x_wconf 75' lang='grc' dir='ltr'>τοὺς</span> <span class='ocrx_word' id='word_1_389' title='bbox 1405 1649 1532 1685; x_wconf 87' lang='grc' dir='ltr'><strong>δαίμονας</strong></span> <span class='ocrx_word' id='word_1_390' title='bbox 1547 1650 1578 1676; x_wconf 84' lang='grc' dir='ltr'><strong>ὲκ</strong></span> <span class='ocrx_word' id='word_1_391' title='bbox 1593 1648 1642 1684; x_wconf 79' lang='grc' dir='ltr'><strong>τῆς</strong></span> <span class='ocrx_word' id='word_1_392' title='bbox 1654 1648 1768 1679; x_wconf 75' lang='grc' dir='ltr'><strong>καρδίας</strong></span> <span class='ocrx_word' id='word_1_393' title='bbox 1781 1657 1829 1683; x_wconf 79' lang='grc' dir='ltr'><strong>μου</strong></span> <span class='ocrx_word' id='word_1_394' title='bbox 1838 1647 1861 1673; x_wconf 73' lang='grc' dir='ltr'>τὸ</span> 
     </span>
    </p>
   </div>
   <div class='ocr_carea' id='block_1_64' title="bbox 247 1693 1005 1729">
    <p class='ocr_par' dir='ltr' id='par_1_64' title="bbox 247 1698 450 1721">
     <span class='ocr_line' id='line_1_64' title="bbox 247 1698 450 1721; baseline 0.005 -1"><span class='ocrx_word' id='word_1_395' title='bbox 247 1698 359 1721; x_wconf 85' lang='lat' dir='ltr'><strong>sanctus</strong></span> <span class='ocrx_word' id='word_1_396' title='bbox 377 1698 450 1721; x_wconf 84' lang='lat' dir='ltr'><strong>tuus.</strong></span> 
     </span>
    </p>
   </div>
   <div class='ocr_carea' id='block_1_65' title="bbox 649 1693 1407 1729">
    <p class='ocr_par' dir='ltr' id='par_1_65' title="bbox 1083 1693 1407 1729">
     <span class='ocr_line' id='line_1_65' title="bbox 1083 1693 1407 1729; baseline 0 -9"><span class='ocrx_word' id='word_1_397' title='bbox 1083 1693 1195 1729; x_wconf 76' lang='grc' dir='ltr'>Πνεῦμα</span> <span class='ocrx_word' id='word_1_398' title='bbox 1212 1702 1258 1721; x_wconf 87' lang='grc' dir='ltr'><strong>σου</strong></span> <span class='ocrx_word' id='word_1_399' title='bbox 1276 1694 1307 1720; x_wconf 78' lang='grc' dir='ltr'><strong>τὸ</strong></span> <span class='ocrx_word' id='word_1_400' title='bbox 1321 1694 1407 1728; x_wconf 83' lang='grc' dir='ltr'><strong>ἆγιον.</strong></span> 
     </span>
    </p>
   </div>
   <div class='ocr_carea' id='block_1_66' title="bbox 283 1738 1041 1776">
    <p class='ocr_par' dir='ltr' id='par_1_66' title="bbox 283 1739 1030 1776">
     <span class='ocr_line' id='line_1_66' title="bbox 283 1739 1030 1776; baseline 0.001 -10"><span class='ocrx_word' id='word_1_401' title='bbox 283 1740 309 1767; x_wconf 87' lang='lat'><strong><em>9.</em></strong></span> <span class='ocrx_word' id='word_1_402' title='bbox 325 1739 358 1767; x_wconf 86' lang='lat' dir='ltr'><strong>Et</strong></span> <span class='ocrx_word' id='word_1_403' title='bbox 371 1740 532 1768; x_wconf 89' lang='lat' dir='ltr'><strong>illuminatio</strong></span> <span class='ocrx_word' id='word_1_404' title='bbox 548 1745 595 1768; x_wconf 92' lang='lat' dir='ltr'><strong>tua</strong></span> <span class='ocrx_word' id='word_1_405' title='bbox 608 1741 746 1776; x_wconf 79' lang='lat' dir='ltr'><strong>expellens</strong></span> <span class='ocrx_word' id='word_1_406' title='bbox 763 1749 812 1769; x_wconf 91' lang='lat' dir='ltr'><strong>eos</strong></span> <span class='ocrx_word' id='word_1_407' title='bbox 821 1749 852 1769; x_wconf 88' lang='lat' dir='ltr'><strong>ex</strong></span> <span class='ocrx_word' id='word_1_408' title='bbox 866 1746 948 1768; x_wconf 80' lang='lat' dir='ltr'><strong>corde</strong></span> <span class='ocrx_word' id='word_1_409' title='bbox 961 1747 1030 1768; x_wconf 90' lang='lat' dir='ltr'><strong>meo.</strong></span> 
     </span>
    </p>
   </div>
   <div class='ocr_carea' id='block_1_67' title="bbox 1103 1738 1861 1776">
    <p class='ocr_par' dir='ltr' id='par_1_67' title="bbox 1117 1738 1861 1774">
     <span class='ocr_line' id='line_1_67' title="bbox 1117 1738 1861 1774; baseline -0.001 -9"><span class='ocrx_word' id='word_1_410' title='bbox 1117 1739 1144 1766; x_wconf 94' lang='lat'><strong><em>9.</em></strong></span> <span class='ocrx_word' id='word_1_411' title='bbox 1162 1739 1216 1765; x_wconf 79' lang='lat' dir='ltr'><strong>Kal</strong></span> <span class='ocrx_word' id='word_1_412' title='bbox 1229 1740 1243 1766; x_wconf 82' lang='grc' dir='ltr'>ὁ</span> <span class='ocrx_word' id='word_1_413' title='bbox 1256 1739 1394 1774; x_wconf 73' lang='grc' dir='ltr'><strong>φωτισμός</strong></span> <span class='ocrx_word' id='word_1_414' title='bbox 1405 1747 1451 1766; x_wconf 89' lang='grc' dir='ltr'><strong>σου</strong></span> <span class='ocrx_word' id='word_1_415' title='bbox 1467 1738 1571 1765; x_wconf 86' lang='grc' dir='ltr'>διώκων</span> <span class='ocrx_word' id='word_1_416' title='bbox 1585 1739 1683 1770; x_wconf 78' lang='grc' dir='ltr'><strong>αὐτοὺς</strong></span> <span class='ocrx_word' id='word_1_417' title='bbox 1696 1739 1729 1765; x_wconf 82' lang='grc' dir='ltr'><strong>ἐκ</strong></span> <span class='ocrx_word' id='word_1_418' title='bbox 1741 1739 1790 1774; x_wconf 76' lang='grc' dir='ltr'><strong>τῆς</strong></span> <span class='ocrx_word' id='word_1_419' title='bbox 1803 1746 1861 1773; x_wconf 77' lang='grc' dir='ltr'>καρ-</span> 
     </span>
    </p>
   </div>
   <div class='ocr_carea' id='block_1_68' title="bbox 1082 1783 1217 1818">
    <p class='ocr_par' dir='ltr' id='par_1_68' title="bbox 1082 1783 1217 1818">
     <span class='ocr_line' id='line_1_68' title="bbox 1082 1783 1217 1818; baseline 0 -9"><span class='ocrx_word' id='word_1_420' title='bbox 1082 1783 1141 1814; x_wconf 83' lang='grc' dir='ltr'>δίας</span> <span class='ocrx_word' id='word_1_421' title='bbox 1156 1792 1217 1818; x_wconf 82' lang='grc' dir='ltr'><strong>μου.</strong></span> 
     </span>
    </p>
   </div>
   <div class='ocr_carea' id='block_1_69' title="bbox 282 1825 1040 1865">
    <p class='ocr_par' dir='ltr' id='par_1_69' title="bbox 282 1825 912 1863">
     <span class='ocr_line' id='line_1_69' title="bbox 282 1825 912 1863; baseline 0.006 -11"><span class='ocrx_word' id='word_1_422' title='bbox 282 1825 325 1853; x_wconf 88' lang='grc'><strong>10.</strong></span> <span class='ocrx_word' id='word_1_423' title='bbox 342 1825 439 1861; x_wconf 90' lang='lat' dir='ltr'><strong>lnopes</strong></span> <span class='ocrx_word' id='word_1_424' title='bbox 454 1827 559 1855; x_wconf 75' lang='lat' dir='ltr'><strong>consilii</strong></span> <span class='ocrx_word' id='word_1_425' title='bbox 575 1836 629 1863; x_wconf 73' lang='lat' dir='ltr'><strong>pra:</strong></span> <span class='ocrx_word' id='word_1_426' title='bbox 643 1829 741 1856; x_wconf 87' lang='lat' dir='ltr'><strong>timore</strong></span> <span class='ocrx_word' id='word_1_427' title='bbox 757 1830 912 1858; x_wconf 83' lang='lat' dir='ltr'><strong>concidant.</strong></span> 
     </span>
    </p>
   </div>
   <div class='ocr_carea' id='block_1_70' title="bbox 1100 1825 1858 1865">
    <p class='ocr_par' dir='ltr' id='par_1_70' title="bbox 1104 1827 1858 1865">
     <span class='ocr_line' id='line_1_70' title="bbox 1104 1827 1858 1865; baseline -0.004 -9"><span class='ocrx_word' id='word_1_428' title='bbox 1104 1859 1106 1862; x_wconf 89' lang='lat'><strong><em>_</em></strong></span> <span class='ocrx_word' id='word_1_429' title='bbox 1118 1830 1161 1856; x_wconf 79' lang='grc'><strong>10.</strong></span> <span class='ocrx_word' id='word_1_430' title='bbox 1171 1830 1214 1856; x_wconf 87' lang='grc' dir='ltr'>Ἐν</span> <span class='ocrx_word' id='word_1_431' title='bbox 1226 1829 1329 1865; x_wconf 75' lang='grc' dir='ltr'><strong>ἀπορία</strong></span> <span class='ocrx_word' id='word_1_432' title='bbox 1341 1829 1416 1861; x_wconf 74' lang='grc' dir='ltr'>ὄντες</span> <span class='ocrx_word' id='word_1_433' title='bbox 1429 1829 1483 1856; x_wconf 77' lang='grc' dir='ltr'><strong>ἀπὸ</strong></span> <span class='ocrx_word' id='word_1_434' title='bbox 1497 1828 1544 1855; x_wconf 83' lang='grc' dir='ltr'><strong>τοῦ</strong></span> <span class='ocrx_word' id='word_1_435' title='bbox 1554 1828 1637 1864; x_wconf 77' lang='grc' dir='ltr'>φόϐου</span> <span class='ocrx_word' id='word_1_436' title='bbox 1649 1828 1686 1863; x_wconf 74' lang='lat'><strong>(2)</strong></span> <span class='ocrx_word' id='word_1_437' title='bbox 1700 1827 1858 1854; x_wconf 74' lang='grc' dir='ltr'>πεσὲτωσαν.</span> 
     </span>
    </p>
   </div>
   <div class='ocr_carea' id='block_1_71' title="bbox 281 1871 1039 1910">
    <p class='ocr_par' dir='ltr' id='par_1_71' title="bbox 281 1871 792 1909">
     <span class='ocr_line' id='line_1_71' title="bbox 281 1871 792 1909; baseline 0.008 -11"><span class='ocrx_word' id='word_1_438' title='bbox 281 1871 325 1898; x_wconf 91' lang='grc'><strong>11.</strong></span> <span class='ocrx_word' id='word_1_439' title='bbox 341 1871 374 1899; x_wconf 87' lang='lat' dir='ltr'><strong>Et</strong></span> <span class='ocrx_word' id='word_1_440' title='bbox 386 1873 472 1908; x_wconf 76' lang='lat' dir='ltr'><strong>gratia</strong></span> <span class='ocrx_word' id='word_1_441' title='bbox 487 1878 532 1900; x_wconf 88' lang='lat' dir='ltr'><strong>tua</strong></span> <span class='ocrx_word' id='word_1_442' title='bbox 546 1879 723 1909; x_wconf 82' lang='lat' dir='ltr'><strong>persequetur</strong></span> <span class='ocrx_word' id='word_1_443' title='bbox 736 1883 792 1903; x_wconf 87' lang='lat' dir='ltr'><strong>eos.</strong></span> 
     </span>
    </p>
   </div>
   <div class='ocr_carea' id='block_1_72' title="bbox 893 1871 1651 1910">
    <p class='ocr_par' dir='ltr' id='par_1_72' title="bbox 1116 1873 1651 1910">
     <span class='ocr_line' id='line_1_72' title="bbox 1116 1873 1651 1910; baseline -0.002 -10"><span class='ocrx_word' id='word_1_444' title='bbox 1116 1874 1159 1900; x_wconf 92' lang='grc'><strong>11.</strong></span> <span class='ocrx_word' id='word_1_445' title='bbox 1177 1874 1231 1900; x_wconf 77' lang='grc' dir='ltr'><strong>Καὶ</strong></span> <span class='ocrx_word' id='word_1_446' title='bbox 1251 1875 1267 1910; x_wconf 80' lang='grc' dir='ltr'>ἡ</span> <span class='ocrx_word' id='word_1_447' title='bbox 1283 1875 1362 1909; x_wconf 77' lang='grc' dir='ltr'>χάρις</span> <span class='ocrx_word' id='word_1_448' title='bbox 1377 1882 1423 1900; x_wconf 84' lang='grc' dir='ltr'><strong>σου</strong></span> <span class='ocrx_word' id='word_1_449' title='bbox 1440 1873 1528 1906; x_wconf 79' lang='grc' dir='ltr'><strong>διώξει</strong></span> <span class='ocrx_word' id='word_1_450' title='bbox 1545 1873 1651 1904; x_wconf 83' lang='grc' dir='ltr'><strong>αὐτούς.</strong></span> 
     </span>
    </p>
   </div>
   <div class='ocr_carea' id='block_1_73' title="bbox 281 1916 1039 1957">
    <p class='ocr_par' dir='ltr' id='par_1_73' title="bbox 281 1917 1031 1957">
     <span class='ocr_line' id='line_1_73' title="bbox 281 1917 1031 1957; baseline 0.011 -13"><span class='ocrx_word' id='word_1_451' title='bbox 281 1917 325 1944; x_wconf 70' lang='grc'><strong>12.</strong></span> <span class='ocrx_word' id='word_1_452' title='bbox 341 1918 410 1945; x_wconf 84' lang='lat' dir='ltr'><strong>Cum</strong></span> <span class='ocrx_word' id='word_1_453' title='bbox 428 1919 500 1946; x_wconf 84' lang='lat' dir='ltr'><strong>nulla</strong></span> <span class='ocrx_word' id='word_1_454' title='bbox 514 1927 557 1947; x_wconf 86' lang='lat' dir='ltr'><strong>res</strong></span> <span class='ocrx_word' id='word_1_455' title='bbox 571 1920 639 1947; x_wconf 86' lang='lat' dir='ltr'><strong>mihi</strong></span> <span class='ocrx_word' id='word_1_456' title='bbox 651 1925 725 1948; x_wconf 89' lang='lat' dir='ltr'><strong>esset</strong></span> <span class='ocrx_word' id='word_1_457' title='bbox 745 1930 807 1949; x_wconf 90' lang='lat' dir='ltr'><strong>cum</strong></span> <span class='ocrx_word' id='word_1_458' title='bbox 822 1922 898 1957; x_wconf 89' lang='lat' dir='ltr'><strong>ipsis,</strong></span> <span class='ocrx_word' id='word_1_459' title='bbox 916 1925 1031 1952; x_wconf 84' lang='lat' dir='ltr'><strong>munda-</strong></span> 
     </span>
    </p>
   </div>
   <div class='ocr_carea' id='block_1_74' title="bbox 1101 1916 1859 1957">
    <p class='ocr_par' dir='ltr' id='par_1_74' title="bbox 1118 1916 1859 1954">
     <span class='ocr_line' id='line_1_74' title="bbox 1118 1916 1859 1954; baseline -0.004 -9"><span class='ocrx_word' id='word_1_460' title='bbox 1118 1919 1159 1945; x_wconf 72' lang='lat' dir='ltr'><strong>l2.</strong></span> <span class='ocrx_word' id='word_1_461' title='bbox 1177 1919 1259 1946; x_wconf 77' lang='grc' dir='ltr'>Οὐδὲν</span> <span class='ocrx_word' id='word_1_462' title='bbox 1273 1918 1380 1954; x_wconf 76' lang='grc' dir='ltr'><strong>ἔχοντός</strong></span> <span class='ocrx_word' id='word_1_463' title='bbox 1392 1927 1441 1954; x_wconf 89' lang='grc' dir='ltr'><strong>μου</strong></span> <span class='ocrx_word' id='word_1_464' title='bbox 1453 1919 1522 1954; x_wconf 74' lang='grc' dir='ltr'>πρὸς</span> <span class='ocrx_word' id='word_1_465' title='bbox 1532 1918 1631 1950; x_wconf 75' lang='grc' dir='ltr'>αὐτοὺς</span> <span class='ocrx_word' id='word_1_466' title='bbox 1641 1917 1743 1953; x_wconf 75' lang='grc' dir='ltr'>ἔθηκαν</span> <span class='ocrx_word' id='word_1_467' title='bbox 1751 1917 1798 1948; x_wconf 79' lang='grc' dir='ltr'><strong>τὰς</strong></span> <span class='ocrx_word' id='word_1_468' title='bbox 1808 1916 1859 1951; x_wconf 68' lang='grc' dir='ltr'><strong>ἠὼ-</strong></span> 
     </span>
    </p>
   </div>
   <div class='ocr_carea' id='block_1_75' title="bbox 246 1961 1004 2001">
    <p class='ocr_par' dir='ltr' id='par_1_75' title="bbox 246 1961 853 2000">
     <span class='ocr_line' id='line_1_75' title="bbox 246 1961 853 2000; baseline 0.012 -13"><span class='ocrx_word' id='word_1_469' title='bbox 246 1967 296 1988; x_wconf 86' lang='lat' dir='ltr'><strong>nas</strong></span> <span class='ocrx_word' id='word_1_470' title='bbox 311 1961 462 1996; x_wconf 75' lang='lat' dir='ltr'><strong>voluptates</strong></span> <span class='ocrx_word' id='word_1_471' title='bbox 477 1963 504 1989; x_wconf 92' lang='lat' dir='ltr'><strong>in</strong></span> <span class='ocrx_word' id='word_1_472' title='bbox 523 1964 604 1990; x_wconf 83' lang='lat' dir='ltr'><strong>corde</strong></span> <span class='ocrx_word' id='word_1_473' title='bbox 622 1972 680 1992; x_wconf 91' lang='lat' dir='ltr'><strong>meo</strong></span> <span class='ocrx_word' id='word_1_474' title='bbox 695 1972 853 2000; x_wconf 90' lang='lat' dir='ltr'><strong>posuerunt.</strong></span> 
     </span>
    </p>
   </div>
   <div class='ocr_carea' id='block_1_76' title="bbox 825 1961 1583 2001">
    <p class='ocr_par' dir='ltr' id='par_1_76' title="bbox 825 1964 1583 2001">
     <span class='ocr_line' id='line_1_76' title="bbox 825 1964 1583 2001; baseline -0.001 -8"><span class='ocrx_word' id='word_1_475' title='bbox 825 1972 853 1994; x_wconf 76' lang='lat' dir='ltr'><strong>it.</strong></span> <span class='ocrx_word' id='word_1_476' title='bbox 1080 1964 1127 1996; x_wconf 74' lang='grc' dir='ltr'><strong>νὰς</strong></span> <span class='ocrx_word' id='word_1_477' title='bbox 1139 1964 1186 1991; x_wconf 82' lang='grc' dir='ltr'><strong>τοῦ</strong></span> <span class='ocrx_word' id='word_1_478' title='bbox 1204 1965 1304 2000; x_wconf 82' lang='grc' dir='ltr'><strong>κόσμου</strong></span> <span class='ocrx_word' id='word_1_479' title='bbox 1320 1965 1349 1991; x_wconf 82' lang='grc' dir='ltr'>ὲν</span> <span class='ocrx_word' id='word_1_480' title='bbox 1363 1967 1394 2000; x_wconf 84' lang='grc' dir='ltr'>τῇ</span> <span class='ocrx_word' id='word_1_481' title='bbox 1411 1965 1508 2001; x_wconf 75' lang='grc' dir='ltr'>καρδίᾳ</span> <span class='ocrx_word' id='word_1_482' title='bbox 1525 1972 1583 2000; x_wconf 79' lang='grc' dir='ltr'><strong>μου.</strong></span> 
     </span>
    </p>
   </div>
   <div class='ocr_carea' id='block_1_77' title="bbox 282 2006 1040 2045">
    <p class='ocr_par' dir='ltr' id='par_1_77' title="bbox 282 2006 877 2044">
     <span class='ocr_line' id='line_1_77' title="bbox 282 2006 877 2044; baseline 0.013 -12"><span class='ocrx_word' id='word_1_483' title='bbox 282 2006 324 2033; x_wconf 82' lang='grc'><strong>15.</strong></span> <span class='ocrx_word' id='word_1_484' title='bbox 342 2007 512 2041; x_wconf 80' lang='lat' dir='ltr'><strong>Alﬂixerunt,</strong></span> <span class='ocrx_word' id='word_1_485' title='bbox 530 2009 626 2044; x_wconf 83' lang='lat' dir='ltr'><strong>inquit,</strong></span> <span class='ocrx_word' id='word_1_486' title='bbox 646 2011 766 2038; x_wconf 78' lang='lat' dir='ltr'><strong>animam</strong></span> <span class='ocrx_word' id='word_1_487' title='bbox 778 2020 877 2040; x_wconf 87' lang='lat' dir='ltr'><strong>meam.</strong></span> 
     </span>
    </p>
   </div>
   <div class='ocr_carea' id='block_1_78' title="bbox 885 2006 1643 2045">
    <p class='ocr_par' dir='ltr' id='par_1_78' title="bbox 1116 2009 1643 2045">
     <span class='ocr_line' id='line_1_78' title="bbox 1116 2009 1643 2045; baseline 0 -9"><span class='ocrx_word' id='word_1_488' title='bbox 1116 2010 1301 2045; x_wconf 74' lang='grc' dir='ltr'><strong>15.”Εθλιψαν,</strong></span> <span class='ocrx_word' id='word_1_489' title='bbox 1315 2009 1400 2044; x_wconf 72' lang='grc' dir='ltr'><strong>λέγει,</strong></span> <span class='ocrx_word' id='word_1_490' title='bbox 1416 2011 1465 2045; x_wconf 78' lang='grc' dir='ltr'><strong>τὴν</strong></span> <span class='ocrx_word' id='word_1_491' title='bbox 1477 2009 1565 2044; x_wconf 70' lang='grc' dir='ltr'>ψυχήν</span> <span class='ocrx_word' id='word_1_492' title='bbox 1580 2017 1643 2044; x_wconf 82' lang='grc' dir='ltr'><strong>μου.</strong></span> 
     </span>
    </p>
   </div>
   <div class='ocr_carea' id='block_1_79' title="bbox 281 2051 1039 2095">
    <p class='ocr_par' dir='ltr' id='par_1_79' title="bbox 281 2051 1030 2095">
     <span class='ocr_line' id='line_1_79' title="bbox 281 2051 1030 2095; baseline 0.012 -16"><span class='ocrx_word' id='word_1_493' title='bbox 281 2053 324 2080; x_wconf 74' lang='grc'><strong>11.</strong></span> <span class='ocrx_word' id='word_1_494' title='bbox 343 2051 436 2081; x_wconf 76' lang='lat' dir='ltr'><strong>Veniat</strong></span> <span class='ocrx_word' id='word_1_495' title='bbox 450 2053 558 2082; x_wconf 83' lang='lat' dir='ltr'><strong>diabolo</strong></span> <span class='ocrx_word' id='word_1_496' title='bbox 577 2055 635 2083; x_wconf 91' lang='lat' dir='ltr'><strong>dies</strong></span> <span class='ocrx_word' id='word_1_497' title='bbox 645 2056 753 2091; x_wconf 88' lang='lat' dir='ltr'><strong>judicii,</strong></span> <span class='ocrx_word' id='word_1_498' title='bbox 767 2058 841 2092; x_wconf 91' lang='lat' dir='ltr'><strong>quod</strong></span> <span class='ocrx_word' id='word_1_499' title='bbox 857 2067 912 2086; x_wconf 91' lang='lat' dir='ltr'><strong>non</strong></span> <span class='ocrx_word' id='word_1_500' title='bbox 934 2067 1030 2095; x_wconf 83' lang='lat' dir='ltr'><strong>exspe-</strong></span> 
     </span>
    </p>
   </div>
   <div class='ocr_carea' id='block_1_80' title="bbox 1099 2051 1857 2095">
    <p class='ocr_par' dir='ltr' id='par_1_80' title="bbox 1115 2054 1857 2091">
     <span class='ocr_line' id='line_1_80' title="bbox 1115 2054 1857 2091; baseline 0.001 -10"><span class='ocrx_word' id='word_1_501' title='bbox 1115 2055 1283 2083; x_wconf 70' lang='grc' dir='ltr'><strong>11.Ἐ).οἐτω</strong></span> <span class='ocrx_word' id='word_1_502' title='bbox 1303 2055 1342 2090; x_wconf 83' lang='grc' dir='ltr'>τῷ</span> <span class='ocrx_word' id='word_1_503' title='bbox 1364 2055 1479 2091; x_wconf 80' lang='grc' dir='ltr'><strong>διαϐόλῳ</strong></span> <span class='ocrx_word' id='word_1_504' title='bbox 1504 2056 1520 2091; x_wconf 80' lang='grc' dir='ltr'>ἡ</span> <span class='ocrx_word' id='word_1_505' title='bbox 1544 2054 1634 2090; x_wconf 83' lang='grc' dir='ltr'>ἡμέρα</span> <span class='ocrx_word' id='word_1_506' title='bbox 1657 2055 1707 2090; x_wconf 82' lang='grc' dir='ltr'><strong>τῆς</strong></span> <span class='ocrx_word' id='word_1_507' title='bbox 1733 2054 1857 2090; x_wconf 68' lang='grc' dir='ltr'><strong>κρίσεως,</strong></span> 
     </span>
    </p>
   </div>
   <div class='ocr_carea' id='block_1_81' title="bbox 242 2102 1000 2138">
    <p class='ocr_par' dir='ltr' id='par_1_81' title="bbox 242 2103 310 2126">
     <span class='ocr_line' id='line_1_81' title="bbox 242 2103 310 2126; baseline -0.029 0"><span class='ocrx_word' id='word_1_508' title='bbox 242 2103 310 2126; x_wconf 75' lang='lat' dir='ltr'><strong>ctat.</strong></span> 
     </span>
    </p>
   </div>
   <div class='ocr_carea' id='block_1_82' title="bbox 1057 2102 1815 2138">
    <p class='ocr_par' dir='ltr' id='par_1_82' title="bbox 1078 2102 1815 2138">
     <span class='ocr_line' id='line_1_82' title="bbox 1078 2102 1815 2138; baseline 0.003 -10"><span class='ocrx_word' id='word_1_509' title='bbox 1078 2103 1146 2138; x_wconf 73' lang='grc' dir='ltr'>ὅπερ</span> <span class='ocrx_word' id='word_1_510' title='bbox 1164 2102 1203 2137; x_wconf 82' lang='grc'><strong>(5)</strong></span> <span class='ocrx_word' id='word_1_511' title='bbox 1222 2102 1252 2128; x_wconf 79' lang='grc' dir='ltr'><strong>οὐ</strong></span> <span class='ocrx_word' id='word_1_512' title='bbox 1272 2102 1417 2137; x_wconf 80' lang='grc' dir='ltr'><strong>προσδοκᾷ.</strong></span> <span class='ocrx_word' id='word_1_513' title='bbox 1811 2107 1815 2114; x_wconf 92' lang='grc'><strong><em>¹</em></strong></span> 
     </span>
    </p>
   </div>
   <div class='ocr_carea' id='block_1_83' title="bbox 279 2143 1037 2183">
    <p class='ocr_par' dir='ltr' id='par_1_83' title="bbox 279 2143 770 2182">
     <span class='ocr_line' id='line_1_83' title="bbox 279 2143 770 2182; baseline 0.008 -11"><span class='ocrx_word' id='word_1_514' title='bbox 279 2143 322 2171; x_wconf 80' lang='grc'><strong>15.</strong></span> <span class='ocrx_word' id='word_1_515' title='bbox 338 2143 371 2172; x_wconf 85' lang='grc' dir='ltr'><strong>Ει</strong></span> <span class='ocrx_word' id='word_1_516' title='bbox 384 2152 468 2178; x_wconf 86' lang='lat' dir='ltr'><strong>mors,</strong></span> <span class='ocrx_word' id='word_1_517' title='bbox 487 2154 568 2181; x_wconf 91' lang='lat' dir='ltr'><strong>quam</strong></span> <span class='ocrx_word' id='word_1_518' title='bbox 585 2147 643 2182; x_wconf 89' lang='lat' dir='ltr'><strong>ipse</strong></span> <span class='ocrx_word' id='word_1_519' title='bbox 656 2147 770 2175; x_wconf 88' lang='lat' dir='ltr'><strong>invenit.</strong></span> 
     </span>
    </p>
   </div>
   <div class='ocr_carea' id='block_1_84' title="bbox 971 2143 1729 2183">
    <p class='ocr_par' dir='ltr' id='par_1_84' title="bbox 1115 2147 1729 2183">
     <span class='ocr_line' id='line_1_84' title="bbox 1115 2147 1729 2183; baseline 0 -9"><span class='ocrx_word' id='word_1_520' title='bbox 1115 2148 1158 2174; x_wconf 79' lang='grc'><strong>15.</strong></span> <span class='ocrx_word' id='word_1_521' title='bbox 1177 2149 1231 2174; x_wconf 79' lang='lat' dir='ltr'><strong>Kal</strong></span> <span class='ocrx_word' id='word_1_522' title='bbox 1245 2149 1259 2174; x_wconf 82' lang='grc' dir='ltr'>ὀ</span> <span class='ocrx_word' id='word_1_523' title='bbox 1274 2147 1397 2179; x_wconf 81' lang='grc' dir='ltr'>θάνατος,</span> <span class='ocrx_word' id='word_1_524' title='bbox 1413 2147 1442 2175; x_wconf 78' lang='grc' dir='ltr'>ὃν</span> <span class='ocrx_word' id='word_1_525' title='bbox 1457 2147 1537 2179; x_wconf 78' lang='grc' dir='ltr'>αὐτὸς</span> <span class='ocrx_word' id='word_1_526' title='bbox 1551 2147 1666 2183; x_wconf 78' lang='grc' dir='ltr'><strong>ἐφεῦρεν</strong></span> <span class='ocrx_word' id='word_1_527' title='bbox 1680 2147 1729 2182; x_wconf 72' lang='grc'><strong>(4).</strong></span> 
     </span>
    </p>
   </div>
   <div class='ocr_carea' id='block_1_85' title="bbox 281 2190 1039 2232">
    <p class='ocr_par' dir='ltr' id='par_1_85' title="bbox 281 2190 987 2232">
     <span class='ocr_line' id='line_1_85' title="bbox 281 2190 987 2232; baseline 0.007 -15"><span class='ocrx_word' id='word_1_528' title='bbox 281 2190 323 2218; x_wconf 73' lang='grc'><strong>16.</strong></span> <span class='ocrx_word' id='word_1_529' title='bbox 341 2191 373 2218; x_wconf 87' lang='lat' dir='ltr'><strong>Et</strong></span> <span class='ocrx_word' id='word_1_530' title='bbox 388 2191 414 2218; x_wconf 90' lang='lat' dir='ltr'><strong>in</strong></span> <span class='ocrx_word' id='word_1_531' title='bbox 427 2192 577 2227; x_wconf 81' lang='lat' dir='ltr'><strong>gehennam</strong></span> <span class='ocrx_word' id='word_1_532' title='bbox 593 2193 664 2228; x_wconf 80' lang='lat' dir='ltr'><strong>ignis</strong></span> <span class='ocrx_word' id='word_1_533' title='bbox 679 2194 835 2229; x_wconf 83' lang='lat' dir='ltr'><strong>orojicietur</strong></span> <span class='ocrx_word' id='word_1_534' title='bbox 850 2195 877 2223; x_wconf 91' lang='lat' dir='ltr'><strong>in</strong></span> <span class='ocrx_word' id='word_1_535' title='bbox 889 2196 987 2232; x_wconf 86' lang='lat' dir='ltr'><strong>ipsam.</strong></span> 
     </span>
    </p>
   </div>
   <div class='ocr_carea' id='block_1_86' title="bbox 1099 2190 1857 2232">
    <p class='ocr_par' dir='ltr' id='par_1_86' title="bbox 1115 2192 1857 2230">
     <span class='ocr_line' id='line_1_86' title="bbox 1115 2192 1857 2230; baseline -0.004 -10"><span class='ocrx_word' id='word_1_536' title='bbox 1115 2193 1158 2221; x_wconf 86' lang='grc'><strong>16.</strong></span> <span class='ocrx_word' id='word_1_537' title='bbox 1176 2193 1231 2220; x_wconf 71' lang='grc' dir='ltr'><strong>Καὶ</strong></span> <span class='ocrx_word' id='word_1_538' title='bbox 1246 2195 1274 2220; x_wconf 82' lang='grc' dir='ltr'>ἐν</span> <span class='ocrx_word' id='word_1_539' title='bbox 1289 2195 1322 2229; x_wconf 86' lang='grc' dir='ltr'><strong>τῇ</strong></span> <span class='ocrx_word' id='word_1_540' title='bbox 1341 2195 1434 2229; x_wconf 80' lang='grc' dir='ltr'><strong>γεέννῃ</strong></span> <span class='ocrx_word' id='word_1_541' title='bbox 1451 2193 1496 2221; x_wconf 80' lang='grc' dir='ltr'><strong>τοῦ</strong></span> <span class='ocrx_word' id='word_1_542' title='bbox 1514 2194 1598 2230; x_wconf 81' lang='grc' dir='ltr'>πυρὸς</span> <span class='ocrx_word' id='word_1_543' title='bbox 1612 2193 1776 2229; x_wconf 79' lang='grc' dir='ltr'><strong>βληθήσεται</strong></span> <span class='ocrx_word' id='word_1_544' title='bbox 1788 2192 1824 2228; x_wconf 84' lang='lat'><strong>(5)</strong></span> <span class='ocrx_word' id='word_1_545' title='bbox 1833 2192 1857 2217; x_wconf 82' lang='grc' dir='ltr'>ἐν</span> 
     </span>
    </p>
   </div>
   <div class='ocr_carea' id='block_1_87' title="bbox 1043 2234 1159 2265">
    <p class='ocr_par' dir='ltr' id='par_1_87' title="bbox 1043 2234 1159 2265">
     <span class='ocr_line' id='line_1_87' title="bbox 1043 2234 1159 2265; baseline 0.017 -3"><span class='ocrx_word' id='word_1_546' title='bbox 1043 2234 1067 2262; x_wconf 85' lang='lat' dir='ltr'><strong>D</strong></span> <span class='ocrx_word' id='word_1_547' title='bbox 1078 2239 1159 2265; x_wconf 77' lang='grc' dir='ltr'>αὐτῆ.</span> 
     </span>
    </p>
   </div>
   <div class='ocr_carea' id='block_1_88' title="bbox 280 2239 1038 2320">
    <p class='ocr_par' dir='ltr' id='par_1_88' title="bbox 280 2269 835 2302">
     <span class='ocr_line' id='line_1_88' title="bbox 280 2269 835 2302; baseline 0.011 -6"><span class='ocrx_word' id='word_1_548' title='bbox 280 2270 324 2298; x_wconf 86' lang='grc'><strong>17.</strong></span> <span class='ocrx_word' id='word_1_549' title='bbox 337 2269 469 2298; x_wconf 85' lang='lat' dir='ltr'><strong>Gaudebit</strong></span> <span class='ocrx_word' id='word_1_550' title='bbox 482 2272 509 2298; x_wconf 91' lang='lat' dir='ltr'><strong>in</strong></span> <span class='ocrx_word' id='word_1_551' title='bbox 521 2271 636 2301; x_wconf 90' lang='lat' dir='ltr'><strong>Domino</strong></span> <span class='ocrx_word' id='word_1_552' title='bbox 654 2273 680 2300; x_wconf 92' lang='lat' dir='ltr'><strong>in</strong></span> <span class='ocrx_word' id='word_1_553' title='bbox 693 2278 835 2302; x_wconf 70' lang='lat' dir='ltr'><strong>aeternum.</strong></span> 
     </span>
    </p>
   </div>
   <div class='ocr_carea' id='block_1_89' title="bbox 903 2239 1661 2320">
    <p class='ocr_par' dir='ltr' id='par_1_89' title="bbox 1043 2239 1661 2320">
     <span class='ocr_line' id='line_1_89' title="bbox 1043 2239 1159 2265; baseline 0.017 -3"><span class='ocrx_word' id='word_1_554' title='bbox 1043 2239 1067 2262; x_wconf 84' lang='grc' dir='ltr'><strong><em>υ</em></strong></span> <span class='ocrx_word' id='word_1_555' title='bbox 1078 2239 1129 2265; x_wconf 76' lang='grc' dir='ltr'>αὐτ</span> <span class='ocrx_word' id='word_1_556' title='bbox 1152 2257 1159 2264; x_wconf 94' lang='grc'><strong>.</strong></span> 
     </span>
     <span class='ocr_line' id='line_1_90' title="bbox 1113 2239 1661 2320; baseline 0.002 -11"><span class='ocrx_word' id='word_1_557' title='bbox 1113 2239 1157 2310; x_wconf 59' lang='grc' dir='ltr'><strong>1ῇ1.</strong></span> <span class='ocrx_word' id='word_1_558' title='bbox 1174 2284 1329 2319; x_wconf 82' lang='grc' dir='ltr'>Χαρήσεται</span> <span class='ocrx_word' id='word_1_559' title='bbox 1345 2284 1391 2310; x_wconf 71' lang='grc' dir='ltr'><strong>ἐπὶ</strong></span> <span class='ocrx_word' id='word_1_560' title='bbox 1407 2283 1445 2318; x_wconf 84' lang='grc' dir='ltr'>τῷ</span> <span class='ocrx_word' id='word_1_561' title='bbox 1455 2284 1548 2320; x_wconf 76' lang='grc' dir='ltr'><strong>Κυρίῳ</strong></span> <span class='ocrx_word' id='word_1_562' title='bbox 1562 2284 1661 2316; x_wconf 79' lang='grc' dir='ltr'><strong>ἀῖδίως.</strong></span> 
     </span>
    </p>
   </div>
   <div class='ocr_carea' id='block_1_90' title="bbox 278 2316 1036 2366">
    <p class='ocr_par' dir='ltr' id='par_1_90' title="bbox 278 2316 570 2352">
     <span class='ocr_line' id='line_1_91' title="bbox 278 2316 570 2352; baseline 0.01 -9"><span class='ocrx_word' id='word_1_563' title='bbox 278 2316 321 2343; x_wconf 82' lang='grc'><strong>18.</strong></span> <span class='ocrx_word' id='word_1_564' title='bbox 337 2316 365 2343; x_wconf 89' lang='lat' dir='ltr'><strong>In</strong></span> <span class='ocrx_word' id='word_1_565' title='bbox 379 2317 489 2352; x_wconf 85' lang='lat' dir='ltr'><strong>judiciis</strong></span> <span class='ocrx_word' id='word_1_566' title='bbox 501 2318 570 2352; x_wconf 84' lang='lat' dir='ltr'><strong>ejus.</strong></span> 
     </span>
    </p>
   </div>
   <div class='ocr_carea' id='block_1_91' title="bbox 828 2316 1586 2366">
    <p class='ocr_par' dir='ltr' id='par_1_91' title="bbox 1114 2328 1586 2366">
     <span class='ocr_line' id='line_1_92' title="bbox 1114 2328 1586 2366; baseline 0.004 -12"><span class='ocrx_word' id='word_1_567' title='bbox 1114 2328 1155 2354; x_wconf 79' lang='lat'><strong>18.</strong></span> <span class='ocrx_word' id='word_1_568' title='bbox 1166 2328 1209 2355; x_wconf 85' lang='grc' dir='ltr'>Ἐν</span> <span class='ocrx_word' id='word_1_569' title='bbox 1224 2331 1279 2360; x_wconf 80' lang='grc' dir='ltr'>τοῖς</span> <span class='ocrx_word' id='word_1_570' title='bbox 1296 2329 1477 2366; x_wconf 80' lang='grc' dir='ltr'><strong>δικαιώμασιν</strong></span> <span class='ocrx_word' id='word_1_571' title='bbox 1495 2329 1586 2356; x_wconf 81' lang='grc' dir='ltr'><strong>αὐτοῦ.</strong></span> 
     </span>
    </p>
   </div>
   <div class='ocr_carea' id='block_1_92' title="bbox 280 2361 1038 2410">
    <p class='ocr_par' dir='ltr' id='par_1_92' title="bbox 280 2361 727 2400">
     <span class='ocr_line' id='line_1_93' title="bbox 280 2361 727 2400; baseline 0.007 -12"><span class='ocrx_word' id='word_1_572' title='bbox 280 2361 322 2388; x_wconf 84' lang='grc'><strong>19.</strong></span> <span class='ocrx_word' id='word_1_573' title='bbox 338 2361 433 2389; x_wconf 89' lang='lat' dir='ltr'><strong>Omnis</strong></span> <span class='ocrx_word' id='word_1_574' title='bbox 447 2363 532 2390; x_wconf 86' lang='lat' dir='ltr'><strong>virtus</strong></span> <span class='ocrx_word' id='word_1_575' title='bbox 546 2372 615 2396; x_wconf 87' lang='lat' dir='ltr'><strong>mea,</strong></span> <span class='ocrx_word' id='word_1_576' title='bbox 631 2364 727 2400; x_wconf 86' lang='lat' dir='ltr'><strong>inquit.</strong></span> 
     </span>
    </p>
   </div>
   <div class='ocr_carea' id='block_1_93' title="bbox 791 2361 1549 2410">
    <p class='ocr_par' dir='ltr' id='par_1_93' title="bbox 1111 2361 1549 2410">
     <span class='ocr_line' id='line_1_94' title="bbox 1111 2361 1549 2410; baseline 0.005 -10"><span class='ocrx_word' id='word_1_577' title='bbox 1111 2373 1155 2400; x_wconf 79' lang='lat'><strong>19.</strong></span> <span class='ocrx_word' id='word_1_578' title='bbox 1175 2374 1281 2409; x_wconf 75' lang='grc' dir='ltr'><strong>Πᾶσαή</strong></span> <span class='ocrx_word' id='word_1_579' title='bbox 1298 2374 1373 2409; x_wconf 74' lang='grc' dir='ltr'><strong>ἰσχύς</strong></span> <span class='ocrx_word' id='word_1_580' title='bbox 1389 2361 1450 2410; x_wconf 68' lang='grc' dir='ltr'><strong>ιὶου,</strong></span> <span class='ocrx_word' id='word_1_581' title='bbox 1467 2375 1549 2410; x_wconf 81' lang='grc' dir='ltr'><strong>λέγει.</strong></span> 
     </span>
    </p>
   </div>
   <div class='ocr_carea' id='block_1_94' title="bbox 277 2406 1035 2456">
    <p class='ocr_par' dir='ltr' id='par_1_94' title="bbox 277 2406 1021 2456">
     <span class='ocr_line' id='line_1_95' title="bbox 277 2406 1021 2456; baseline 0.009 -23"><span class='ocrx_word' id='word_1_582' title='bbox 277 2406 322 2433; x_wconf 77' lang='lat'><strong>20.</strong></span> <span class='ocrx_word' id='word_1_583' title='bbox 339 2406 471 2456; x_wconf 69' lang='lat' dir='ltr'><strong>Humilem</strong></span> <span class='ocrx_word' id='word_1_584' title='bbox 483 2409 575 2442; x_wconf 84' lang='lat' dir='ltr'><strong>corde,</strong></span> <span class='ocrx_word' id='word_1_585' title='bbox 591 2410 688 2445; x_wconf 80' lang='lat' dir='ltr'><strong>inquit,</strong></span> <span class='ocrx_word' id='word_1_586' title='bbox 705 2410 822 2444; x_wconf 87' lang='lat' dir='ltr'><strong>eripiens</strong></span> <span class='ocrx_word' id='word_1_587' title='bbox 844 2418 859 2437; x_wconf 85' lang='lat' dir='ltr'><strong>a</strong></span> <span class='ocrx_word' id='word_1_588' title='bbox 879 2412 1021 2446; x_wconf 79' lang='lat' dir='ltr'><strong>spiritibus</strong></span> 
     </span>
    </p>
   </div>
   <div class='ocr_carea' id='block_1_95' title="bbox 1096 2406 1854 2456">
    <p class='ocr_par' dir='ltr' id='par_1_95' title="bbox 1109 2406 1854 2456">
     <span class='ocr_line' id='line_1_96' title="bbox 1109 2406 1854 2456; baseline 0.004 -11"><span class='ocrx_word' id='word_1_589' title='bbox 1109 2418 1152 2446; x_wconf 73' lang='grc'><strong>20.</strong></span> <span class='ocrx_word' id='word_1_590' title='bbox 1171 2419 1221 2445; x_wconf 80' lang='grc' dir='ltr'>Τὸν</span> <span class='ocrx_word' id='word_1_591' title='bbox 1235 2406 1341 2454; x_wconf 66' lang='grc' dir='ltr'>πτωχὸν</span> <span class='ocrx_word' id='word_1_592' title='bbox 1360 2406 1395 2455; x_wconf 63' lang='grc' dir='ltr'>τῆ</span> <span class='ocrx_word' id='word_1_593' title='bbox 1418 2406 1525 2456; x_wconf 61' lang='grc' dir='ltr'><strong>καρδία,</strong></span> <span class='ocrx_word' id='word_1_594' title='bbox 1538 2421 1655 2455; x_wconf 80' lang='grc' dir='ltr'><strong>διαλέγει</strong></span> <span class='ocrx_word' id='word_1_595' title='bbox 1669 2420 1718 2456; x_wconf 82' lang='grc'><strong>(6),</strong></span> <span class='ocrx_word' id='word_1_596' title='bbox 1735 2420 1854 2456; x_wconf 73' lang='grc' dir='ltr'><strong>ῥυόμενος</strong></span> 
     </span>
    </p>
   </div>
   <div class='ocr_carea' id='block_1_96' title="bbox 241 2451 999 2501">
    <p class='ocr_par' dir='ltr' id='par_1_96' title="bbox 241 2451 400 2479">
     <span class='ocr_line' id='line_1_97' title="bbox 241 2451 400 2479; baseline 0.013 -3"><span class='ocrx_word' id='word_1_597' title='bbox 241 2451 400 2479; x_wconf 87' lang='lat' dir='ltr'><strong>immundis.</strong></span> 
     </span>
    </p>
   </div>
   <div class='ocr_carea' id='block_1_97' title="bbox 802 2451 1560 2501">
    <p class='ocr_par' dir='ltr' id='par_1_97' title="bbox 1077 2463 1560 2501">
     <span class='ocr_line' id='line_1_98' title="bbox 1077 2463 1560 2501; baseline 0.006 -11"><span class='ocrx_word' id='word_1_598' title='bbox 1077 2464 1129 2491; x_wconf 70' lang='grc' dir='ltr'><strong>ὶπὸ</strong></span> <span class='ocrx_word' id='word_1_599' title='bbox 1141 2463 1195 2490; x_wconf 83' lang='grc' dir='ltr'><strong>τῶν</strong></span> <span class='ocrx_word' id='word_1_600' title='bbox 1209 2465 1371 2500; x_wconf 82' lang='grc' dir='ltr'>ἀκαθάρτων</span> <span class='ocrx_word' id='word_1_601' title='bbox 1389 2467 1560 2501; x_wconf 83' lang='grc' dir='ltr'>πνευμάτων.</span> 
     </span>
    </p>
   </div>
   <div class='ocr_carea' id='block_1_98' title="bbox 277 2497 1035 2548">
    <p class='ocr_par' dir='ltr' id='par_1_98' title="bbox 277 2497 1017 2535">
     <span class='ocr_line' id='line_1_99' title="bbox 277 2497 1017 2535; baseline 0.015 -11"><span class='ocrx_word' id='word_1_602' title='bbox 277 2497 321 2525; x_wconf 75' lang='grc'><strong>21.</strong></span> <span class='ocrx_word' id='word_1_603' title='bbox 336 2498 377 2526; x_wconf 79' lang='lat' dir='ltr'><strong>Ab</strong></span> <span class='ocrx_word' id='word_1_604' title='bbox 391 2499 508 2528; x_wconf 82' lang='lat' dir='ltr'><strong>inimicis</strong></span> <span class='ocrx_word' id='word_1_605' title='bbox 519 2500 671 2529; x_wconf 87' lang='lat' dir='ltr'><strong>visibilibus</strong></span> <span class='ocrx_word' id='word_1_606' title='bbox 685 2506 712 2529; x_wconf 85' lang='lat' dir='ltr'><strong>et</strong></span> <span class='ocrx_word' id='word_1_607' title='bbox 728 2502 907 2533; x_wconf 82' lang='lat' dir='ltr'><strong>invisibilibus</strong></span> <span class='ocrx_word' id='word_1_608' title='bbox 919 2506 1017 2535; x_wconf 82' lang='lat' dir='ltr'><strong>liberat</strong></span> 
     </span>
    </p>
   </div>
   <div class='ocr_carea' id='block_1_99' title="bbox 1094 2497 1852 2548">
    <p class='ocr_par' dir='ltr' id='par_1_99' title="bbox 1107 2497 1852 2548">
     <span class='ocr_line' id='line_1_100' title="bbox 1107 2497 1852 2548; baseline -0.001 -12"><span class='ocrx_word' id='word_1_609' title='bbox 1107 2510 1152 2536; x_wconf 76' lang='grc'><strong>21.</strong></span> <span class='ocrx_word' id='word_1_610' title='bbox 1161 2510 1208 2536; x_wconf 79' lang='grc' dir='ltr'><strong>Ἐκ</strong></span> <span class='ocrx_word' id='word_1_611' title='bbox 1221 2510 1275 2536; x_wconf 86' lang='grc' dir='ltr'>τῶν</span> <span class='ocrx_word' id='word_1_612' title='bbox 1291 2497 1396 2546; x_wconf 57' lang='grc' dir='ltr'>ὁρατῶν</span> <span class='ocrx_word' id='word_1_613' title='bbox 1410 2497 1591 2547; x_wconf 43' lang='grc' dir='ltr'>καὶ-ἀοράτων</span> <span class='ocrx_word' id='word_1_614' title='bbox 1601 2511 1706 2547; x_wconf 78' lang='grc' dir='ltr'>ἐχθρῶν</span> <span class='ocrx_word' id='word_1_615' title='bbox 1718 2513 1810 2548; x_wconf 77' lang='grc' dir='ltr'><strong>ῥύεται</strong></span> <span class='ocrx_word' id='word_1_616' title='bbox 1821 2509 1852 2545; x_wconf 74' lang='lat'><strong>(7)</strong></span> 
     </span>
    </p>
   </div>
   <div class='ocr_carea' id='block_1_100' title="bbox 241 2544 999 2593">
    <p class='ocr_par' dir='ltr' id='par_1_100' title="bbox 241 2544 839 2579">
     <span class='ocr_line' id='line_1_101' title="bbox 241 2544 839 2579; baseline 0.01 -9"><span class='ocrx_word' id='word_1_617' title='bbox 241 2549 299 2576; x_wconf 82' lang='lat' dir='ltr'><strong>eos,</strong></span> <span class='ocrx_word' id='word_1_618' title='bbox 310 2547 337 2571; x_wconf 85' lang='lat' dir='ltr'><strong>et</strong></span> <span class='ocrx_word' id='word_1_619' title='bbox 347 2545 373 2571; x_wconf 90' lang='lat' dir='ltr'><strong>in</strong></span> <span class='ocrx_word' id='word_1_620' title='bbox 388 2544 524 2579; x_wconf 62' lang='lat' dir='ltr'><strong>praesenti,</strong></span> <span class='ocrx_word' id='word_1_621' title='bbox 538 2550 564 2574; x_wconf 92' lang='lat' dir='ltr'><strong>et</strong></span> <span class='ocrx_word' id='word_1_622' title='bbox 580 2546 607 2574; x_wconf 90' lang='lat' dir='ltr'><strong>in</strong></span> <span class='ocrx_word' id='word_1_623' title='bbox 619 2546 712 2575; x_wconf 83' lang='lat' dir='ltr'><strong>futuro</strong></span> <span class='ocrx_word' id='word_1_624' title='bbox 729 2549 839 2576; x_wconf 71' lang='lat' dir='ltr'><strong>saeculo.</strong></span> 
     </span>
    </p>
   </div>
   <div class='ocr_carea' id='block_1_101' title="bbox 1047 2544 1805 2593">
    <p class='ocr_par' dir='ltr' id='par_1_101' title="bbox 1073 2544 1805 2593">
     <span class='ocr_line' id='line_1_102' title="bbox 1073 2544 1805 2593; baseline 0.003 -12"><span class='ocrx_word' id='word_1_625' title='bbox 1073 2555 1181 2587; x_wconf 84' lang='grc' dir='ltr'><strong>αὐτοὺς,</strong></span> <span class='ocrx_word' id='word_1_626' title='bbox 1198 2556 1245 2582; x_wconf 78' lang='grc' dir='ltr'><strong>καὶ</strong></span> <span class='ocrx_word' id='word_1_627' title='bbox 1258 2556 1287 2582; x_wconf 83' lang='grc' dir='ltr'>ὲν</span> <span class='ocrx_word' id='word_1_628' title='bbox 1355 2556 1413 2590; x_wconf 82' lang='grc' dir='ltr'>νῦν,</span> <span class='ocrx_word' id='word_1_629' title='bbox 1428 2557 1475 2584; x_wconf 71' lang='grc' dir='ltr'>καὶ</span> <span class='ocrx_word' id='word_1_630' title='bbox 1486 2544 1515 2584; x_wconf 72' lang='grc' dir='ltr'>ὲν</span> <span class='ocrx_word' id='word_1_631' title='bbox 1525 2558 1563 2593; x_wconf 87' lang='grc' dir='ltr'>τῷ</span> <span class='ocrx_word' id='word_1_632' title='bbox 1577 2544 1703 2593; x_wconf 54' lang='grc' dir='ltr'><strong>μέλλοντι</strong></span> <span class='ocrx_word' id='word_1_633' title='bbox 1718 2544 1805 2585; x_wconf 53' lang='lat' dir='ltr'><strong>ollim.</strong></span> 
     </span>
    </p>
   </div>
   <div class='ocr_carea' id='block_1_102' title="bbox 711 2636 1380 2682">
    <p class='ocr_par' dir='ltr' id='par_1_102' title="bbox 711 2636 1380 2682">
     <span class='ocr_line' id='line_1_103' title="bbox 711 2636 1380 2682; baseline 0.015 -14"><span class='ocrx_word' id='word_1_634' title='bbox 711 2636 865 2671; x_wconf 80' lang='lat' dir='ltr'><strong>Addenda</strong></span> <span class='ocrx_word' id='word_1_635' title='bbox 879 2643 910 2671; x_wconf 88' lang='lat' dir='ltr'><strong>et</strong></span> <span class='ocrx_word' id='word_1_636' title='bbox 930 2641 1119 2682; x_wconf 81' lang='lat' dir='ltr'><strong>corrigenda</strong></span> <span class='ocrx_word' id='word_1_637' title='bbox 1137 2656 1177 2679; x_wconf 78' lang='lat' dir='ltr'><strong>ex</strong></span> <span class='ocrx_word' id='word_1_638' title='bbox 1193 2650 1263 2680; x_wconf 91' lang='lat' dir='ltr'><strong>cod.</strong></span> <span class='ocrx_word' id='word_1_639' title='bbox 1280 2648 1380 2679; x_wconf 81' lang='lat' dir='ltr'><strong>Vatic.</strong></span> 
     </span>
    </p>
   </div>
   <div class='ocr_carea' id='block_1_103' title="bbox 283 2714 1363 2819">
    <p class='ocr_par' dir='ltr' id='par_1_103' title="bbox 283 2714 1363 2819">
     <span class='ocr_line' id='line_1_104' title="bbox 283 2714 1363 2799; baseline 0.01 -23"><span class='ocrx_word' id='word_1_640' title='bbox 283 2714 311 2783; x_wconf 60' lang='grc' dir='ltr'><strong>ιι</strong></span> <span class='ocrx_word' id='word_1_641' title='bbox 322 2715 413 2777; x_wconf 61' lang='lat' dir='ltr'><strong>lita:</strong></span> <span class='ocrx_word' id='word_1_642' title='bbox 425 2725 484 2779; x_wconf 65' lang='lat'><strong>:23:</strong></span> <span class='ocrx_word' id='word_1_643' title='bbox 1109 2730 1146 2799; x_wconf 56' lang='grc' dir='ltr'><strong>ξιξ</strong></span> <span class='ocrx_word' id='word_1_644' title='bbox 1165 2731 1363 2795; x_wconf 55' lang='lat' dir='ltr'><strong>angam-1</strong></span> 
     </span>
     <span class='ocr_line' id='line_1_105' title="bbox 283 2785 1278 2819; baseline 0.008 -8"><span class='ocrx_word' id='word_1_645' title='bbox 283 2785 310 2819; x_wconf 70' lang='grc' dir='ltr'><strong>ὃ)</strong></span> <span class='ocrx_word' id='word_1_646' title='bbox 319 2785 392 2814; x_wconf 76' lang='grc' dir='ltr'>Ὅτε.</span> <span class='ocrx_word' id='word_1_647' title='bbox 1108 2801 1146 2819; x_wconf 63' lang='grc' dir='ltr'><strong>ιτ.</strong></span> <span class='ocrx_word' id='word_1_648' title='bbox 1159 2787 1278 2819; x_wconf 58' lang='grc' dir='ltr'><strong>παρείη,</strong></span> 
     </span>
    </p>
   </div>
   <div class='ocr_carea' id='block_1_104' title="bbox 272 2801 1291 2856">
    <p class='ocr_par' dir='ltr' id='par_1_104' title="bbox 272 2801 1291 2856">
     <span class='ocr_line' id='line_1_106' title="bbox 272 2801 1291 2856; baseline 0.013 -39"><span class='ocrx_word' id='word_1_649' title='bbox 323 2801 464 2856; x_wconf 39' lang='lat' dir='ltr'><strong>ﬁgi-ape&quot;-</strong></span> <span class='ocrx_word' id='word_1_650' title='bbox 1108 2801 1146 2836; x_wconf 77' lang='grc'><strong>(7)</strong></span> <span class='ocrx_word' id='word_1_651' title='bbox 1159 2802 1291 2830; x_wconf 80' lang='grc' dir='ltr'><strong>Ῥύσεται.</strong></span> 
     </span>
    </p>
   </div>
  </div>
