1919 3051
67 128 120 155 777

499 126 554 159 Δὀε
571 131 708 161 TlTULlS
727 132 951 162 PSALMORUM.
968 147 1002 153 .-
1022 119 1120 162 ρὲΑι..
1141 134 1257 162 xxxuv.

1643 137 1694 166 778

102 184 148 212 22.
164 185 342 218 Ἀναστάντες
354 195 398 221 μοι
414 188 552 225 μάρτυρες
561 190 660 223 ἄδικοι,
673 190 692 217 ἃ
702 191 752 218 οὐκ
763 191 858 225 ἐγίνω-

944 190 990 216 22.
1008 190 1156 226 Surgentes
1170 191 1238 218 mihi
1253 194 1335 219 testes
1344 191 1442 227 iniqui,
1450 199 1513 228 quae
1524 193 1694 230 ignorabam,

67 237 144 259 σκον,
160 229 275 264 ἠρώτων
296 239 329 265 με
341 239 348 245 ⁸

102 275 147 302 25.
163 276 384 304 ’Δνταπεδίδοσάν
401 287 446 313 μοι
463 280 570 315 πονηρὰ
584 280 643 307 ἀντὶ
657 281 775 315 ἀγαθῶν·

102 321 148 347 24.
169 322 223 347 Καὶ
239 323 367 350 ἀτεκνίαν
380 325 413 359 τῇ
428 324 500 359 ψυχῇ
517 333 579 359 μου.

103 367 149 394 25.
165 367 236 401 Ἐγὼ
253 368 281 394 δέ
296 368 326 395 ἐν
342 369 381 404 τῷ
391 370 490 402 αὐτοὺς
502 370 677 406 παρενοχλεῖν
689 380 744 407 μοι,
756 373 859 399 ἐνεδυόω

70 421 122 448 μην
141 413 243 441 σάκκον
254 422 260 428 ⁸

100 460 145 486 26.
166 460 221 486 Καὶ
234 460 393 488 ὲταπείνουν
408 462 437 488 ἐν
451 462 562 498 νηστείᾳ
573 463 621 498 τὴν
633 463 722 499 ψυχήν
737 472 787 499 μου
797 472 804 478 ⁸

101 505 148 532 27.
167 505 223 532 Καὶ
238 506 255 541 ἡ
273 507 410 542 προσευχή
427 516 478 542 μου
495 509 534 539 είς
549 509 648 536 κόλπον
661 518 713 545 μου
724 510 860 545 ἀποστρα-

68 551 196 586 ῳήσεται.

101 597 147 624 28.
164 597 206 629 Ὠς
223 598 346 633 πλησίον,
361 599 400 631 ὡς
422 600 529 636 ἀδελφῷ
546 601 683 638 ἡμετέρῳ,
704 601 791 634 οὕτως
810 603 859 638 ¹εὐ-

66 642 207 678 ηρέστουν·

101 687 148 715 29.
163 689 206 720 Ὠς
222 689 329 717 πενθῶν
342 691 399 718 ’καὶ
425 692 630 728 σκυθρωπάζων
647 693 734 726 οὕτως
753 696 861 722 ἐταπει-

67 734 113 760 νού
117 743 172 769 μην
177 755 183 761 .

101 779 147 807 50.
169 781 225 807 Καὶ
239 782 300 809 κατ’
316 782 383 818 ἐμοῦ
399 784 601 821 εὐφράνθησαν,
618 787 665 813 καὶ
676 787 858 823 συνήχθησανσ

101 825 146 852 51.
169 826 344 863 Συνήχθησαν
358 830 400 855 ἐπ’
412 831 462 865 ἐμὲ
477 831 618 865 μάστιγες,
636 834 683 860 καὶ
699 834 750 860 οὐκ
763 834 858 869 ἔγνων.

103 915 148 942 52.
170 916 378 953 Διεσχὶσθησαν,
395 920 443 946 καὶ
458 921 488 946 οὐ
507 921 714 958 κατενύγησαν

99 960 144 988 55.
161 961 325 998 Ἐπείρασάν
334 973 378 999 με,
388 965 607 1002 ἐξεμυκτήρισάν
619 977 653 1003 με
664 971 860 1006 μυκτηρισμῷ.

101 1049 146 1077 54.
157 1050 293 1086 Ἔὸρυξαν
308 1053 352 1079 ἐπ’
369 1053 419 1088 ἐμὲ
432 1055 496 1087 τοὺς
510 1055 619 1089 ὀδόντας
635 1057 734 1084 αὐτῶν.

103 1095 148 1121 55.
170 1095 268 1131 Κύριε,
286 1097 352 1124 πότε
365 1098 472 1134 sntit)“;

103 1137 148 1166 56.
163 1139 400 1178 Ἀποκατάστησον
425 1144 474 1180 τὴν
495 1145 585 1182 ψυχήν
602 1155 653 1182 μου
672 1148 725 1174 ἀπὺ
742 1149 792 1184 τῆς
810 1158 860 1176 κα-

68 1185 199 1221 κουργίας
216 1187 308 1215 αὐτῶν
318 1196 325 1203 ·

912 235 1116 271 interrogabant
1133 244 1175 263 me
1189 246 1196 263 :

947 281 992 309 25.
1006 281 1200 310 Retribuebant
1214 282 1281 310 mihi
1293 282 1362 310 mala
1377 290 1427 318 pro
1442 284 1521 312 bonis
1535 293 1542 318 ;

947 328 992 355 24.
1013 327 1046 355 Et
1060 329 1229 356 sterilitatem
1246 330 1343 357 anima:
1355 337 1432 357 meae.

947 373 992 400 25.
1009 373 1063 409 Ego
1083 378 1185 406 autem,
1207 382 1269 402 cum
1295 376 1348 410 ipsi
1370 375 1478 403 molesti
1502 382 1595 405 essent
1619 378 1697 413 mihi,

912 416 1044 445 induebar
1058 418 1147 446 cilicio
1162 428 1169 446 :

948 462 992 490 26.
1011 463 1044 490 Et
1055 463 1231 492 humiliabam
1244 465 1271 493 in
1284 465 1390 502 jejunio
1401 467 1521 495 animam
1534 477 1622 497 meam
1636 480 1644 498 :

946 508 989 536 27.
1003 508 1037 536 Et
1047 510 1136 537 oratio
1149 518 1209 538 mea
1223 511 1252 538 in
1272 511 1332 539 sinu
1351 520 1412 540 meo
1432 518 1617 543 convertatur.

948 602 992 630 28.
1011 602 1094 636 Quasi
1103 605 1240 640 proximo,
1257 607 1335 641 quasi
1351 607 1428 636 fratri
1443 614 1550 644 nostro,
1566 611 1607 640 sic
1622 619 1697 641 com-

913 648 1052 683 placebam
1066 660 1073 676 :

947 694 992 722 29.
1004 694 1089 728 Quasi
1102 695 1198 732 lugens
1211 702 1238 725 et
1250 700 1441 734 contristatus,
1460 702 1503 729 sic
1523 703 1698 734 humiliabar.

950 787 993 814 50.
1010 787 1043 816 Et
1057 790 1200 819 adversum
1216 801 1259 821 me
1272 795 1353 823 laetati
1365 803 1438 830 sunt,
1457 803 1484 826 et
1495 807 1698 830 convenerunt:

947 832 992 860 31.
1010 833 1181 871 Congregata
1199 843 1263 866 sunt
1283 848 1365 875 super
1382 850 1427 870 me
1444 843 1560 880 ﬂagella,
1576 851 1603 874 et
1623 849 1698 884 igno-

875 875 896 902 B
911 878 978 905 ravi.

948 925 992 952 32.
1008 925 1135 962 Dissipati
1151 935 1225 963 sunt,
1239 939 1289 959 nec
1303 936 1458 969 compuncti
1476 946 1483 964 :

948 969 992 997 55.
1008 970 1192 1001 Tentaverunt
1208 983 1262 1008 me,
1277 977 1514 1008 subsannaverunt
1528 990 1571 1010 mc
1587 984 1697 1014 subsan-

913 1016 1032 1044 natione.

945 1061 990 1088 54.
1005 1062 1194 1094 Frenduerunt
1209 1075 1291 1104 super
1304 1078 1347 1098 me
1364 1072 1491 1102 dentibus
1505 1076 1574 1104 suis.

947 1106 990 1134 55.
1009 1108 1134 1144 Domine,
1149 1115 1259 1147 quando
1276 1117 1406 1151 respicies
1421 1119 1433 1145 ?

946 1152 990 1180 '56.
1007 1153 1131 1185 Restitue
1158 1159 1275 1188 animam
1301 1169 1390 1190 meam
1414 1172 1428 1191 a
1455 1166 1623 1202 malignitate
1650 1176 1696 1197 eo-

910 1205 970 1225 rum
985 1208 992 1225 Ζ

625 1271 813 1301 ATl-IANASll
835 1269 1130 1308 INTERPRETATIO.

101 1345 334 1378 22.Ἀναστάντες
359 1347 483 1383 λογισμοὶ
505 1349 535 1375 ἐν
556 1351 590 1384 τῇ
615 1350 716 1386 καρδίᾳ
733 1360 794 1386 μου,
812 1351 862 1384 τὰς

70 1389 164 1425 ἡδονὰς
178 1391 224 1417 τοῦ
241 1392 310 1426 βίου,
324 1392 357 1424 ἃς
370 1393 420 1420 οὐκ
434 1394 539 1429 ἤθελον,
557 1395 682 1423 ἐνέϐαλόν
698 1406 753 1432 μοι.

101 1437 146 1469 23,
164 1437 208 1464 ει.
232 1439 288 1464 Καὶ
311 1439 342 1466 τὸ
367 1440 470 1476 σπαρέν
487 1449 531 1476 μοι
547 1441 624 1478 παρὰ
644 1442 690 1469 τοῦ
705 1444 808 1478 Κυρίου
822 1446 859 1480 (ί)

68 1483 231 1518 ἐλάμϐανον,
266 1485 300 1511 τὰ
323 1485 351 1512 δὲ
373 1486 476 1513 ἑαυτῶν
499 1487 641 1515 ὑπετίθουν
669 1497 720 1524 μου
741 1489 788 1525 (2),
815 1492 861 1519 καὶ

68 1530 189 1565 ἄκαρπον
204 1529 312 1556 ἐποίουν
323 1531 372 1566 τὴν
384 1531 473 1567 ψυχήν
489 1541 551 1567 μου.

101 1575 147 1607 25,
165 1575 210 1603 26.
229 1575 299 1610 Ἐγὼ
319 1576 358 1608 δὲ,
377 1578 405 1603 ἐν
420 1578 459 1613 τῷ
476 1579 538 1610 τοὺς
556 1579 697 1615 ἀκάρπους
713 1580 858 1617 λογισμους

68 1621 97 1655 τῇ
125 1621 224 1656 καρδίᾳ
251 1629 300 1656 μου
324 1621 464 1656 ἐπιμένειν
491 1623 540 1658 (5),
565 1623 695 1650 ἐπένθουν
721 1626 791 1660 μετὰ
812 1626 859 1653 δα-

67 1666 158 1701 κρύων
181 1667 229 1692 καὶ
256 1668 388 1702 νηστειῶν
413 1668 639 1704 προσευχόμενος,
654 1670 680 1697 εἴ
693 1679 750 1702 πως
764 1672 778 1697 ὁ
794 1671 859 1703 Θεὸς

67 1711 250 1747 συμπαθήσας
265 1712 371 1748 ἐλεήσει
390 1722 435 1748 με.

101 1758 147 1784 27.
166 1759 221 1785 Καὶ
243 1759 260 1794 ὴ
284 1759 391 1795 αἴτησις
408 1769 459 1796 μου
474 1761 683 1789 είσακουσθεῖσα
697 1763 806 1799 ποιήσει
823 1773 858 1799 με

66 1805 209 1832 συλλαϐεῖν
224 1805 292 1840 ἔργα
310 1806 492 1843 δικαιοσύνης.

101 1850 147 1882 28,
163 1851 208 1878 29.
225 1851 270 1883 Ὧς
290 1852 351 1878 τινὰ
376 1853 428 1879 τῶν
451 1853 536 1887 φίλων
552 1862 613 1889 μου,
628 1854 645 1889 ἢ
662 1854 716 1880 τῶν
735 1854 860 1889 ἀδελφῶν

67 1905 116 1932 μου
134 1896 251 1930 πενθῶν,
269 1897 356 1930 οὕτως
368 1899 486 1934 ἐμαυτὸν
504 1899 633 1927 ἐπένθουν
647 1900 692 1926 διὰ
706 1900 754 1937 τὴν
767 1900 857 1927 οἰκοῦ-

66 1951 116 1969 σαν
140 1943 178 1977 (6)
203 1943 231 1969 ὲν
254 1943 316 1978 ἐμοὶ
349 1944 496 1979 ἁμαρτίαν,
511 1945 558 1972 καὶ
578 1945 665 1977 οὕτως
680 1945 723 1972 διὰ
741 1946 795 1973 τῶν
811 1947 858 1973 δα-

67 1989 159 2024 κρύων
171 1998 222 2024 μου
237 1990 409 2025 εὐηρέστουν.

100 2035 147 2062 50.
156 2035 271 2062 Ἐκεῖνοι
288 2036 327 2068 δὲ,
344 2037 382 2069 ὡς
396 2035 465 2064 εἶδόν
480 2046 513 2072 με
529 2037 688 2070 πενθοῦντα,
711 2038 858 2074 συναχθένε

66 2082 308 2118 πςεῦφραίνονται
317 2082 532 2120 [εὐφράνθησαν]
545 2084 583 2120 (5)
599 2085 645 2111 ἐπὶ
652 2086 684 2120 τῇ
695 2085 782 2120 θλίψει
793 2094 854 2121 μου.

100 2129 145 2155 3L
172 2128 361 2164 Συναχθέντων
386 2129 477 2156 αὐτῶν
502 2129 545 2156 ἐπ’
561 2131 632 2166 ἐμὲ,
655 2131 743 2158 οὐδενὶ
766 2131 856 2158 αὐτῶν

67 2173 236 2209 mnam.

99 2220 145 2247 32.
165 2221 332 2249 Ἀπὲκοπτον
356 2223 455 2254 αὐτοὺς
483 2224 514 2250 ἐκ
531 2223 580 2259 τῆς
596 2224 710 2259 καρδίας
731 2232 782 2259 μου
806 2224 855 2260 (6),

67 2267 113 2293 καὶ
129 2266 206 2293 οὐδὲν
222 2267 308 2299 οὕτως
323 2268 467 2295 ἐπαύοντο.

100 2311 146 2338 55.
157 2311 314 2346 Ἐπείραςόν
330 2321 363 2347 με
377 2312 424 2347 (7),
448 2313 496 2340 καὶ
514 2313 678 2346 κατέπαιζον
701 2314 751 2349 τῆς
773 2314 854 2341 ἀσθε-

67 2365 93 2383 νε
98 2357 140 2388 ia;
154 2366 222 2392 μου.

101 2402 146 2435 54,
156 2403 200 2430 35.
209 2403 358 2439 Βρύχοντες
366 2403 417 2431 ἀπ’
430 2404 504 2439 ἐμοῦ
519 2404 574 2441 [ἐπ’
582 2405 642 2441 ἐμὲ]
653 2405 690 2441 (8)
697 2405 766 2438 τοὺς
772 2405 856 2433 ὀδόν-

67 2456 119 2481 τας
132 2448 248 2475 αὐτῶν
276 2449 332 2483 ἐγὼ
354 2449 382 2475 δὲ
403 2449 512 2484 ἔλεγον
529 2451 616 2484 Κύριε
639 2450 688 2486 (9),
712 2451 783 2478 πότε
803 2451 856 2477 ἐπ-

66 2493 139 2528 dt’m;

101 2540 146 2566 36.
165 2539 308 2576 Λύτρωσαι
323 2541 379 2576 τὴν
392 2541 497 2577 ψυχήν
510 2551 570 2577 μου
587 2543 645 2570 ἀπὸ
658 2543 711 2577 τῆς
729 2552 854 2578 κακουρ-

67 2585 131 2620 flag-
150 2586 259 2614 αὐτῶν.

948 1355 992 1382 22.
1009 1356 1157 1393 Surgentes
1176 1362 1354 1398 cogitationes
1378 1367 1403 1394 in
1425 1369 1507 1397 c0rde
1528 1379 1598 1405 meo,
1621 1374 1697 1402 volu-

914 1405 1002 1435 ptates
1013 1403 1084 1439 vitae,
1101 1413 1170 1440 quas
1183 1409 1319 1443 nolebam,
1337 1412 1488 1446 injecerunt
1500 1416 1577 1444 mihi.

948 1446 993 1478 23,
1010 1447 1054 1475 24.
1071 1449 1149 1482 Quod
1165 1457 1223 1480 erat
1242 1454 1268 1481 in
1285 1464 1328 1483 me
1348 1462 1437 1485 satum
1452 1467 1466 1487 a
1485 1460 1613 1498 Domino,
1631 1473 1697 1501 sup-

873 1514 895 1543 ϐ
913 1493 1010 1523 positis
1031 1495 1099 1523 mihi
1119 1498 1186 1531 suis,
1208 1500 1388 1536 abstulerunt,
1412 1493 1615 1545 eﬂ’eccruntque
1636 1493 1695 1540 an'i-

912 1545 984 1565 mam
1001 1547 1088 1568 meam
1104 1542 1310 1574 infructiferam.

947 1584 993 1615 25.
1007 1585 1051 1613 26.
1065 1586 1122 1622 Ego
1143 1594 1244 1623 autem,
1262 1600 1324 1620 cum
1346 1595 1451 1623 steriles
1476 1599 1654 1633 cogitationes
1669 1603 1697 1629 in

911 1632 992 1660 corde
1009 1641 1069 1660 meo
1080 1643 1282 1671 permanerent,
1301 1640 1426 1675 lugebam
1443 1651 1503 1671 cum
1515 1632 1651 1682 (lacrymis
1670 1654 1698 1676 et

909 1678 1023 1714 jejuniis
1037 1689 1130 1717 orans,
1140 1684 1163 1711 si
1179 1687 1288 1720 quando
1309 1687 1380 1716 Deus
1398 1692 1567 1726 compatiens
1581 1694 1697 1724 misere-

910 1730 986 1753 retur
999 1728 1062 1755 mei.

946 1772 989 1799 27.
1007 1772 1040 1800 Et
1056 1774 1149 1808 petitio
1169 1783 1228 1803 mea
1249 1778 1374 1806 exaudita
1399 1779 1481 1808 faciet
1498 1789 1541 1810 me
1555 1785 1699 1821 concipere

912 1825 994 1853 opera
1006 1819 1132 1853 iustitiae.

934 1863 991 1896 '28,
1005 1864 1049 1891 9.9.
1066 1863 1154 1892 Veluti
1178 1865 1295 1900 aliquem
1317 1874 1350 1894 ex
1376 1869 1471 1898 amicis
1495 1874 1581 1908 meis,
1603 1875 1646 1902 vel
1662 1883 1696 1904 ex

911 1907 1041 1936 fratribus
1055 1911 1122 1937 meis
1139 1911 1260 1946 plorans,
1275 1912 1312 1939 ita
1333 1921 1377 1940 me
1391 1915 1563 1950 deplorabam
1574 1907 1577 1908 ν
1587 1926 1697 1954 propter

911 1955 1067 1983 inhabitans
1086 1955 1114 1982 in
1137 1963 1180 1983 me
1199 1961 1352 1991 peccatum,
1370 1964 1396 1986 et
1417 1961 1453 1988 ita
1477 1961 1604 1999 lacrymis
1627 1966 1697 1994 meis

910 2001 1123 2035 cornplacebam.

945 2044 988 2071 50.
1004 2044 1043 2071 llli
1065 2051 1155 2073 autem
1178 2051 1208 2074 ut
1227 2056 1270 2076 me
1283 2052 1437 2084 gementem
1458 2053 1594 2089 viderunt,
1613 2057 1694 2094 simul

910 2092 1065 2126 congregati
1083 2092 1163 2119 laetati
1175 2099 1239 2121 sunt
1251 2095 1279 2122 in
1294 2096 1470 2126 tribulatione
1482 2108 1551 2128 mea.

944 2137 988 2164 δι.
1007 2137 1184 2174 Congregatis
1199 2140 1265 2173 ipsis
1287 2142 1314 2169 in
1332 2150 1385 2176 me,
1403 2145 1470 2172 nulli
1487 2153 1582 2175 eorum
1605 2149 1695 2176 adlue-

871 2194 894 2222 ι)
908 2183 1012 2209 rcbam.

942 2227 987 2254 52.
1002 2227 1201 2256 Abscindebam
1219 2237 1267 2258 eos
1278 2239 1310 2258 ex
1327 2233 1409 2261 corde
1428 2242 1501 2270 meo,
1512 2242 1540 2263 et
1553 2241 1589 2264 ita
1604 2241 1695 2267 neuti-

908 2281 990 2308 quam
1008 2274 1194 2308 quiescebant.

943 2320 986 2346 55.
1009 2319 1161 2348 Tentabant
1192 2329 1245 2356 me,
1275 2328 1302 2350 et
1330 2324 1480 2354 irridebant
1507 2328 1693 2361 inﬁrmitatem

908 2373 1008 2394 meam.

944 2411 988 2444 54,
1004 2412 1047 2439 55.
1065 2413 1238 2442 Frendebant
1259 2425 1337 2452 super
1357 2427 1398 2446 me
1414 2421 1535 2450 dentibus
1556 2425 1622 2459 suis,
1644 2434 1695 2461 ego

911 2461 1001 2484 autem
1016 2458 1139 2487 dicebam
1156 2469 1162 2487 :
1175 2460 1294 2495 Domine,
1316 2466 1419 2499 quando
1430 2469 1550 2503 respicies
1563 2469 1578 2496 .’

944 2558 988 2586 56.
1003 2558 1100 2587 Libera
1123 2561 1241 2590 animant
1264 2572 1348 2592 meam
1375 2575 1390 2593 a
1412 2569 1575 2604 malignitate
1592 2579 1692 2602 eorum.

544 2635 695 2667 Addenda
712 2640 742 2667 et
766 2636 953 2677 corrigenda
969 2646 1006 2668 ex
1031 2637 1098 2668 cod.
1118 2639 1218 2670 Vatic.

101 2696 139 2732 (ι)
158 2696 235 2723 Θεοῦ.

101 2731 140 2766 (2)
159 2732 222 2758 Μοι.

111 2766 138 2804 εξ)
151 2766 305 2804 Ἐπιμένειν
318 2768 347 2794 ἐν
363 2768 396 2803 τῇ
413 2768 511 2804 καρδίᾳ
525 2777 586 2804 μου.

111 2770 138 2801 5)
151 2770 305 2802 Ἐπιμένειν
318 2770 334 2794 ἐ

100 2770 139 2834 id)
153 2801 334 2829 Ἐνοικοῦσαν.

100 2836 138 2871 (5)
157 2837 349 2872 Εὐφραίνοντο.

182 2884 318 2915 ΡΔΤιιοι..
335 2885 392 2916 Gn.
413 2885 542 2916 XXVII.

938 2699 977 2735 (6)
991 2700 1034 2726 ‘Ev
1047 2701 1079 2735 τῇ
1095 2701 1194 2736 καρδίᾳ
1213 2711 1274 2737 μου,
1292 2705 1338 2731 καὶ
1350 2705 1409 2732 οὐδὲ
1430 2705 1516 2739 οὕτως
1537 2708 1588 2736 οὐκ
1609 2708 1696 2736 ἐπαῦ·

902 2743 972 2762 οντο.

937 2770 976 2805 (7)
995 2770 1038 2796 Με
1053 2770 1102 2802 ἔτι,
1119 2770 1176 2799 καί.

937 2805 975 2839 (8)
995 2806 1062 2832 Κατ’
1078 2806 1154 2840 ἐμοῦ.

935 2841 973 2875 (9)
994 2840 1090 2876 Κύριε,
1101 2841 1219 2876 πρόσχες
1235 2850 1292 2878 μοι.

1526 2893 1568 2925 25
