1916 3052
75 133 124 161 781
512 136 556 165 DE
574 137 711 166 TITULIS
728 139 954 168 PSALMORUM.
975 155 1008 160 —
1026 141 1122 168 PSAL.
1146 143 1254 170 XXXV.
1635 149 1688 176 78!

110 191 154 219 56.
168 192 223 218 Καὶ
236 192 392 222 εἰπάτωσαν
401 195 544 228 διαπαντός
554 206 560 212 ·
576 198 770 234 μεγαλυνθήτω
780 200 794 226 ὁ
804 199 859 226 Κύ-

943 199 986 227 56.
1009 199 1041 226 Et
1064 200 1155 228 dicant
1181 209 1309 236 semper:
1332 202 1516 239 Magniﬁcctur
1545 205 1687 242 Dominus,

75 247 90 275 ρ
171 285 201 311 Ol
216 285 339 317 θέλοντες
352 285 401 322 τὴν
412 287 523 323 εἰρήνην
539 288 586 315 τοῦ
604 290 696 317 δούλου
713 291 805 318 αὐτοῦ.

683 300 696 316 υ
713 291 805 318 αὐτοῦ.
948 289 991 316 57.
1005 288 1057 322 Qui
1072 289 1166 316 volunt
1178 297 1272 325 pacem
1287 291 1357 318 servi
1370 291 1439 326 ejus.

109 331 153 358 58.
169 332 252 367 KaH)
268 332 379 366 γλῶσσά
397 342 447 368 μου
460 334 604 371 μελετήσει
617 336 666 372 τὴν
687 337 860 373 δικαιοσύνην

945 334 990 361 58.
1007 334 1040 362 Et
1056 335 1146 370 lingua
1172 343 1231 363 mea
1255 336 1428 365 meditabitur
1439 338 1571 374 justitiam
1595 346 1687 370 tuam:

75 384 140 403 σου·

107 422 153 450 59.
171 423 256 459 Ὀλην
268 424 317 460 τὴν
332 425 440 461 ἡμέραν
456 425 501 452 τὸν
516 425 625 454 ἔπαινόν
643 436 699 454 σου.

591 427 625 454 νόν
643 436 699 454 σου.
944 428 989 455 59.
1005 427 1073 455 Tota
1088 429 1131 456 dic
1142 429 1248 456 laudem
1262 434 1347 457 tuam.

132 481 186 514 Εἰς
202 481 236 508 τὸ
251 481 354 515 τέλος·
366 481 410 544 ξεῖ)
417 483 629 545 ῗςῗδὶὶῐὲξιρίου
644 484 684 517 τῷ
699 486 796 513 Δαϐίδ.

352 532 357 537 ι
392 524 413 544 Α
444 536 450 545 .
473 538 479 544 .
498 535 506 545 ι
557 539 564 544 .

931 492 943 511 η
956 484 1034 519 ﬁnem
1046 492 1055 511 :
1069 493 1140 512 servo
1153 484 1259 512 Domini
1273 485 1368 514 David.
1387 486 1560 516 PSALMUS
1572 488 1650 516 XXX
1659 489 1687 518 V.

352 532 357 537 ι
366 524 479 548 ΨΑΛΜ.
498 524 520 545 Λ
525 524 564 545 ις.

107 561 134 589 1.
155 561 239 597 Φησὶν
249 563 263 589 ὁ
276 547 434 598 παράνομος
449 563 495 589 τοῦ
513 564 679 599 ἁμαρτάνειν
694 566 723 591 ὲν
739 565 845 601 ἐαυτῷο

945 573 972 601 1.
987 572 1057 601 Dicit
1067 573 1195 608 injustus,
1213 578 1242 601 nt
1257 573 1395 609 delinquat
1409 574 1435 601 in
1454 575 1616 611 semetipso;

105 607 132 634 9..
153 608 210 634 Οὐκ
228 607 286 634 ἐστι
301 608 382 643 φόὸος
402 608 468 635 Θεοῦ
486 609 616 636 ἀπέναντι
640 610 693 637 τῶν
712 611 860 646 ὀφθαλμῶν

781 611 860 646 κλμ-ὧν
943 619 971 647 2.
985 619 1045 647 Non
1060 607 1101 647 est
1117 620 1199 648 timor
1216 620 1262 648 Dei
1279 607 1345 649 ante
1354 621 1448 650 oculos
1460 621 1537 657 ejus:

70 662 153 679 αυτου
166 662 173 669 ·

104 699 131 725 3.
152 699 212 725 Ὅτι
225 699 354 727 ἐδόλωσεν
371 700 485 727 ἐνώπιον
497 701 579 730 αὑτοῦ
590 711 597 718 ’

944 696 971 724 5.
986 696 1118 730 Quoniam
1132 698 1225 727 dolose
1239 699 1292 734 egit
1306 700 1334 727 in
1349 705 1495 735 conspectu
1506 700 1584 736 ejus;

103 744 130 771 4.
148 745 201 771 Τοῦ
217 745 307 781 εὑρεῖν
323 746 371 782 τὴν
384 747 497 783 ἀνομίαν
510 748 604 781 αὺτοῦ,
622 748 670 775 καὶ
686 749 810 784 μισῆσαι.

945 742 971 769 4.
990 741 1023 771 Ut
1047 743 1180 771 inveniret
1203 745 1372 780 iniquitatem
1396 753 1493 778 suam,
1513 751 1541 773 et
1558 746 1621 774 odio
1642 746 1690 775 lia-

909 787 995 815 heret.

105 832 132 859 5.
149 832 190 859 Τὰ
200 833 310 868 ῥήματα
321 834 366 861 τοῦ
378 835 510 871 στόματος
518 836 599 863 αὐτοῦ
609 837 708 872 ἀνομία
715 837 762 863 καὶ
773 836 857 868 δόλος·

755 836 857 868 ίδόλος-
945 833 972 861 5.
987 833 1074 861 Verba
1089 834 1146 862 oris
1160 842 1219 870 ejus
1235 835 1364 870 iniquitas
1377 839 1403 863 et
1415 836 1511 865 dolus:

105 878 132 905 6.
149 879 206 905 Οὐκ
216 878 353 916 ἠϐουλήθη
371 881 489 908 συνιέναι
503 882 549 909 τοῦ
566 882 710 918 ἁγαθῦναι,

873 874 897 905 Β
945 879 972 906 6.
988 878 1079 906 Noluit
1096 880 1247 916 intelligere
1264 885 1294 908 ut
1308 880 1376 908 bene
1390 887 1496 917 ageret:

106 922 132 950 7.
155 924 281 960 Ἀνομίαν
293 925 460 961 διελογίσατο
476 928 522 954 ἐπὶ
535 928 584 963 τῆς
596 929 689 964 κοίτης
705 928 788 955 αὐτοῦ
798 937 806 944 ·

945 925 970 952 7.
986 926 1157 961 lniquitatem
1174 927 1319 955 meditatus
1329 933 1371 954 est
1385 928 1411 955 in
1427 929 1508 956 cubili
1524 937 1593 958 suo:

106 969 134 996 8.
150 970 276 1006 Παρέστη
289 971 363 1007 πάσῃ
380 972 432 1008 ὁδῷ
445 974 495 1000 οὐκ
508 974 597 1010 ἀγαθῇ
610 982 616 988 ·

943 973 969 1000 8.
985 973 1078 1000 Astitit
1094 974 1168 1001 omni
1181 974 1230 1001 viae
1243 982 1298 1002 non
1313 974 1406 1002 boote:

105 1015 131 1042 9.
148 1016 240 1052 Κακία
257 1017 286 1044 δὲ
298 1018 328 1044 οὐ
345 1018 526 1054 προσώχθισε.

941 1018 968 1046 9.
984 1018 1114 1046 Malitiam
1130 1024 1220 1047 autem
1234 1027 1288 1047 non
1305 1020 1399 1049 odivit.

107 1061 150 1088 10.
165 1062 262 1098 Κύριε,
279 1064 307 1090 ὲν
323 1064 362 1100 τῷ
375 1065 482 1100 οὐρανῷ
495 1065 525 1092 τὸ
541 1065 614 1098 ἔλεός
634 1074 682 1092 σου
692 1074 699 1082 ·

943 1064 987 1092 10.
1005 1065 1130 1099 Domine,
1149 1065 1177 1093 in
1189 1067 1258 1093 caelo
1271 1066 1457 1094 misericordia
1473 1071 1529 1095 tua.

107 1106 152 1134 Η.
168 1108 251 1144 Kal-ﬂ
266 1109 381 1145 ἁλήθειὰ
396 1119 443 1137 σου
458 1111 510 1142 ἕως
520 1111 574 1138 τῶν
588 1112 717 1146 νεφελῶν.

714 1132 717 1139 ,
945 1111 989 1138 ll.
1007 1110 1040 1137 Et
1052 1111 1152 1139 veritas
1166 1116 1212 1151 tua
1224 1119 1310 1146 usque
1327 1112 1360 1139 ad
1375 1113 1470 1140 nubes.

107 1152 152 1182 12.
175 1154 207 1180 Ἦ
220 1155 375 1192 δικαιοσύνη
391 1165 438 1184 σου
451 1157 490 1184 ώι
499 1157 549 1185 ὅου
566 1158 634 1184 Θεοῦ
646 1166 652 1172 ·

947 1157 991 1184 12.
1008 1156 1117 1185 Iustitia
1133 1161 1181 1185 tua
1194 1157 1265 1186 sicut
1277 1162 1384 1187 montes
1397 1158 1461 1187 Dei:

639 1245 825 1274 ATHANASII
844 1245 1135 1274 INTERPRETATIO.

106 1319 152 1347 56.
168 1321 223 1348 Καὶ
241 1320 381 1353 δοξάσουσι
396 1322 425 1349 τὺ
439 1323 525 1358 ὄνομά
540 1331 586 1350 σου
602 1324 634 1350 δι’
652 1323 713 1359 ἐμέ.

947 1324 991 1351 56.
1011 1323 1044 1351 Et
1055 1329 1164 1359 propter
1177 1332 1221 1353 me
1231 1325 1382 1361 gloriﬁcent
1394 1335 1491 1355 nomen
1509 1334 1593 1357 tuum.

106 1364 152 1392 57.
168 1366 199 1392 Οί
217 1366 289 1400 ἅγιοι
302 1367 347 1394 τοῦ
363 1367 429 1394 Θεοῦ
444 1368 563 1402 ἄγγελοι.
577 1363 579 1365 ’

518 1370 563 1395 λοι.
577 1363 579 1365 ’
945 1370 989 1396 57.
1009 1369 1100 1397 Sancti
1113 1371 1200 1406 angeli
1217 1371 1274 1399 Dei.

106 1411 152 1438 58.
167 1412 220 1439 Καὶ
232 1412 323 1439 λοιπὸν
335 1413 431 1449 μελετή
437 1423 474 1441 σω
485 1415 513 1441 ὲν
524 1416 579 1446 τοῖς
590 1415 783 1451 προστάγμασι
798 1425 855 1443 σου.

852 1436 855 1443 .
946 1416 990 1443 58.
1010 1416 1042 1442 Ει
1056 1417 1169 1451 posthac
1181 1418 1207 1443 in
1226 1418 1366 1453 praeceptis
1380 1419 1436 1447 tuis
1448 1421 1608 1449 meditabor.

107 1457 153 1484 59.
175 1458 219 1485 ‘Ev
234 1458 274 1494 τῷ
287 1460 356 1494 φωτὶ
370 1460 514 1492 ἀπαύστως
530 1460 634 1497 ἀνυμνή
640 1470 677 1487 σω
691 1470 733 1489 σε.

712 1470 733 1489 ε.
946 1463 991 1490 59.
1006 1461 1174 1491 lncessanter
1188 1464 1303 1492 laudabo
1316 1471 1341 1493 te
1357 1466 1383 1493 in
1398 1466 1468 1494 lucc.

111 1537 146 1563 Ἡ
157 1537 323 1572 προκειμένη
333 1538 471 1574 ἐπιγραφὴ
484 1538 607 1574 περιέχει
628 1538 665 1574 (1)
679 1548 685 1553 ·
702 1539 755 1572 Εἰς
773 1539 806 1566 τὸ
818 1539 907 1572 τέλος
919 1539 960 1572 τῷ
976 1539 1074 1574 δούλῳ
1087 1540 1198 1575 Κυρίου
1215 1542 1254 1575 τῷ
1265 1543 1362 1570 Δαϐίδ.
1379 1543 1462 1571 Τοῦτο
1477 1542 1522 1572 οὖν
1540 1546 1625 1580 λέγει,
1650 1547 1692 1574 ὅτι

71 1584 85 1610 ὀ
97 1584 205 1619 ψαλμὺς
219 1581 295 1616 οὗτος
311 1584 418 1620 εἴρηται
434 1586 481 1612 ἐπὶ
499 1585 636 1621 συντελείᾳ
652 1587 706 1613 τῶν
719 1586 823 1613 αἰώνων
834 1587 873 1621 τῷ
883 1587 940 1623 λαῷ
953 1587 991 1622 τῷ
1007 1587 1157 1615 δουλεύοντι
1174 1589 1212 1624 τῷ
1230 1590 1323 1626 Κυρίῳ
1335 1591 1373 1626 τῷ
1386 1592 1489 1628 πεποθη
1494 1593 1566 1629 μένῳ
1586 1595 1631 1621 ὑπ’
1643 1595 1692 1621 αὖα

72 1631 118 1658 τοῦ
128 1640 134 1646 ·
150 1631 218 1666 πρὸς
234 1631 282 1666 μὲν
300 1632 351 1667 τὴν
366 1631 414 1658 τοῦ
430 1632 553 1659 διαὸόλου
569 1634 701 1668 πονηρίαν
715 1634 753 1668 (2)
768 1631 838 1671 [καὶ]
854 1635 1036 1662 ἐπανάστασιν
1056 1635 1127 1662 κατὰ
1143 1636 1188 1662 τοῦ
1202 1637 1298 1671 γένους
1314 1638 1368 1665 τῶν
1391 1639 1549 1675 ἀνθρώπων,
1569 1642 1637 1677 πρὸς
1664 1643 1691 1670 δὲ

72 1680 120 1715 τὴν
135 1679 184 1706 τοῦ
200 1679 266 1706 Θεοῦ
279 1680 434 1716 ἀγαθότητα
445 1681 491 1707 καὶ
508 1681 712 1717 φιλανθρωπίαν
728 1682 759 1709 τὸ
772 1682 830 1714 πῶς
843 1683 925 1710 πᾶσιν
938 1683 1092 1719 ἀνθρώποις
1113 1684 1245 1717 πλουσίως
1262 1686 1352 1721 ὲκχέει
1366 1686 1411 1713 τὸν
1430 1687 1525 1714 ἑαυτοῦ
1549 1688 1621 1716 ἔλεον
1646 1692 1691 1718 καὶ

71 1728 119 1763 τὴν
133 1728 213 1764 χάριν
228 1728 277 1763 (5).

106 1787 214 1815 Titulus
238 1789 566 1824 przeposituscontiuet:
584 1789 616 1818 In
628 1791 707 1825 ﬁnem
719 1800 792 1819 seruo
806 1792 914 1820 Domini
934 1794 1030 1822 David.
1049 1795 1106 1823 Hoc
1129 1796 1211 1830 igitur
1234 1796 1378 1832 significat,
1398 1797 1470 1832 quod
1496 1799 1618 1833 psalmus
1641 1801 1691 1829 iste

71 1832 161 1861 dictus
173 1838 216 1861 est
232 1835 259 1861 in
273 1836 508 1864 consummatione
523 1837 685 1866 saeculorum
697 1840 811 1874 populo,
829 1841 876 1876 qui
893 1843 978 1870 servit
994 1842 1120 1876 Domino,
1132 1848 1158 1871 et
1175 1843 1210 1872 ab
1226 1851 1258 1871 eo
1278 1845 1447 1873 desideratus
1461 1849 1523 1873 est:
1544 1846 1577 1873 de
1593 1849 1690 1883 nequi-

71 1879 108 1908 tia
122 1879 233 1914 quidem
255 1886 281 1907 et
294 1881 493 1910 insurrectione
515 1883 616 1911 diaboli
637 1885 768 1913 adversus
788 1894 874 1920 genus
893 1887 1059 1922 humanum;
1074 1889 1108 1917 de
1123 1889 1245 1917 bonitate
1263 1895 1352 1918 autem
1377 1890 1433 1922 Dei,
1445 1896 1471 1918 et
1488 1899 1551 1926 erga
1567 1892 1690 1922 homines

70 1927 270 1962 benevolentia,
288 1930 425 1964 quomodo
442 1931 469 1957 in
487 1931 642 1960 universum
660 1933 811 1962 humanum
828 1943 914 1970 genus
927 1937 1036 1964 divitias
1050 1938 1245 1966 misericordiae
1258 1943 1286 1966 et
1304 1939 1398 1974 gratia:
1409 1947 1465 1966 suae
1480 1939 1602 1968 effundit.

104 1976 130 2005 Ι.
150 1977 249 2010 Φησὶν
258 1977 273 2003 ὁ
286 1977 454 2014 ἁμαρτάνειν
469 1978 554 2006 θέλων
565 1980 594 2006 ὲν
607 1981 708 2017 ἐαυτῷ·

871 1986 892 2015 c
945 1986 970 2011 Ι.
986 1985 1057 2012 Dicit
1070 1994 1181 2022 peccare
1196 1988 1291 2016 volens
1304 1987 1331 2015 in
1349 1988 1511 2022 semetipso:

102 2023 130 2050 2.
147 2023 205 2049 Οὐκ
222 2022 279 2049 ἐστι
294 2023 383 2059 κρίσις
396 2024 463 2051 Θεοῦ
477 2025 506 2051 ὲν
520 2025 558 2061 τῷ
573 2026 696 2061 μέλλοντι
714 2027 800 2056 αἰῶνι.

940 2032 967 2059 2.
983 2031 1042 2060 Non
1057 2037 1099 2060 est
1112 2033 1233 2061 divinum
1243 2033 1376 2068 judicium
1389 2033 1417 2061 in
1430 2033 1522 2061 futuro
1534 2035 1644 2063 saeculo.

102 2069 130 2101 5,
146 2069 174 2096 ι.
193 2069 278 2097 Τοῦτο
291 2069 319 2096 δὲ
334 2070 404 2105 λέγει
420 2071 435 2096 ὁ
454 2071 574 2104 τοιοῦτος
585 2091 592 2103 ,
614 2073 655 2100 ὅτι
675 2074 705 2100 οὐ
725 2075 855 2110 προέθετο

941 2077 968 2108 5,
986 2077 1014 2105 4.
1032 2077 1089 2106 Hoc
1102 2084 1190 2106 autem
1207 2079 1230 2107 is
1243 2080 1319 2112 dicit,
1336 2080 1463 2115 quoniam
1478 2087 1530 2107 non
1547 2081 1687 2116 proposuit

69 2114 115 2142 τοῦ
131 2115 170 2151 (4)
185 2115 334 2150 ἐπιγνῶναι
344 2116 394 2152 τὴν
418 2116 512 2143 ἑαυτοῦ
532 2118 669 2154 ἁμαρτίαν
683 2120 730 2146 καὶ
753 2120 825 2148 παίσι

719 2120 730 2146 ἱ
753 2120 854 2148 παίσα-
906 2131 1053 2159 agnoscere
1070 2130 1209 2160 peccatum
1222 2133 1302 2153 suum
1315 2114 1474 2162 etrabigere.

68 2161 143 2188 σθαι.

101 2204 127 2231 5.
149 2204 182 2231 'H
194 2205 342 2241 ἐνθύμησις
351 2207 400 2243 τῆς
415 2207 529 2244 καρδίας
544 2208 640 2238 αὑτοῦ.

544 2208 640 2238 αὑτοῦ.
940 2215 966 2242 5.
980 2213 1114 2250 Cogitatio
1126 2216 1214 2243 cordis
1228 2216 1296 2251 ejus.

102 2249 130 2277 6.
145 2251 203 2278 Οὐκ
215 2251 345 2288 ἠθέλησεν
357 2253 513 2287 ἐπιγνῶναι,
527 2255 572 2282 καὶ
580 2255 690 2290 ποιῆσαι
699 2257 728 2284 τὺ
737 2257 849 2292 ἀγαθόν.

747 2257 849 2292 ἰγαθόν.
939 2260 965 2287 6.
983 2249 1071 2288 Noluit
1085 2269 1231 2296 agnoscere
1243 2249 1270 2289 et
1286 2261 1374 2290 facere
1391 2262 1503 2290 bonum.

102 2294 129 2322 7.
152 2295 221 2322 Ἀλλ’
237 2298 254 2332 ὴ
278 2297 430 2329 ἀνάπαυσις
454 2298 503 2334 τῆς
526 2298 616 2334 ψυχῆς
639 2301 721 2328 αὑτοῦ
751 2303 852 2339 ἀνομία

786 2304 852 2339 optat
939 2305 965 2332 7.
981 2305 1032 2333 Sed
1047 2306 1154 2341 requies
1168 2307 1266 2334 animae
1277 2307 1336 2342 ejus
1348 2308 1478 2343 iniquitas
1490 2312 1540 2336 est.

66 2341 195 2376 τυγχάνει
210 2342 259 2378 (5).

101 2386 128 2418 8,
147 2387 174 2415 9.
193 2387 230 2423 (6)
246 2388 306 2415 Οὐδ’
321 2389 457 2424 ἐνέμεινεν
467 2391 495 2418 ἐν
516 2393 566 2428 μιᾷ
581 2393 666 2429 κακίᾳ.
678 2414 685 2426 ,
702 2393 771 2421 ἀλλὰ
792 2394 851 2422 δια-

937 2394 963 2427 8,
975 2394 1001 2422 9.
1016 2394 1108 2430 Neque
1121 2396 1149 2423 in
1161 2404 1215 2424 una
1227 2397 1326 2426 mansit
1339 2398 1492 2434 iniquitate,
1507 2399 1553 2427 sed
1565 2399 1684 2428 diversas

66 2433 165 2468 φόρους
175 2434 321 2469 ἐπενόησεν
338 2436 435 2471 ἐαυτῷ.

387 2436 435 2471 τῷ.
904 2440 956 2468 sibi
971 2443 1143 2477 excogitavit.

101 2478 146 2506 10.
169 2479 213 2506 Ἐν
227 2482 281 2512 τοῖς
295 2481 328 2507 τὰ
344 2482 456 2518 οὐράνια
470 2483 597 2518 φρονοῦσι
609 2484 640 2511 τὸ
652 2484 726 2517 ἔλεός
738 2494 795 2512 σου.

937 2487 981 2514 10.
996 2487 1024 2514 ln
1040 2489 1221 2524 cogitantibus
1235 2490 1355 2518 ctelestia
1368 2490 1553 2519 misericordia
1569 2495 1624 2518 tua.

102 2525 146 2552 Η.
163 2526 223 2553 Τῶν
237 2527 325 2554 αὐτῶν
336 2528 431 2562 ἁγίων,
445 2529 532 2563 λέγει.

939 2533 982 2560 ll.
1001 2533 1093 2568 Usque
1108 2534 1140 2562 ad
1160 2536 1234 2570 ipsos
1249 2541 1368 2569 sanctos,
1387 2537 1461 2570 dicit.

99 2572 145 2599 12.
163 2572 194 2598 Οἱ
210 2572 308 2600 δίκαιοι
323 2573 372 2610 (7).

323 2573 372 2610 (7).
865 2576 888 2604 ι)
940 2579 983 2605 te.
998 2578 1077 2607 Justi.

538 2665 690 2697 Addenda
708 2670 738 2697 et
752 2667 940 2707 corrigenda
960 2676 999 2699 ex
1024 2669 1093 2699 cod.
1111 2669 1213 2700 Velie.

148 2742 185 2792 ξτιι
197 2742 309 2792 didii;
323 2744 508 2782 κινναϐάρεως
526 2754 589 2782 περ.
990 2749 1140 2792 ξγπάρ-χει.
1221 2787 1228 2792 _
1294 2787 1299 2792 _
1399 2787 1404 2792 Ι
1463 2786 1504 2792 ___
1539 2785 1545 2792 _
1588 2785 1594 2792 .

107 2778 134 2825 ἓξ
146 2778 365 2825 ῌξνηρξνξξινέ
375 2824 381 2825 7
440 2778 446 2782 ”
564 2778 569 2782 ’
901 2817 925 2825 υ
1073 2778 1354 2825 ὟἘρ-πεταιὲπιμένων
1370 2787 1444 2823 πάσῃ
1458 2786 1509 2821 ὀδῷ
1519 2785 1569 2813 οὐκ
1584 2785 1686 2825 ἀγαθῇ.

126 2813 315 2857 ίΞὴὲέέιυτρῦ
332 2815 420 2857 κάρμι-
506 2851 512 2857 .
585 2852 591 2857 .
650 2852 660 2857 -
901 2813 979 2857 Ν-Ϊέσ
996 2813 1362 2857 οβκςι-’ὲποιησενὶαυτῷ-

108 2847 135 2883 ι)
149 2847 204 2876 Τόῦ
219 2850 288 2877 deest
300 2847 400 2878 in'l‘o'd.
410 2871 417 2878 .
429 2871 435 2878 .
449 2872 456 2880 .
470 2851 517 2879 καὶ
538 2852 701 2879 παύσασθαι.

453 2851 517 2879 ,καὶ
538 2852 701 2879 παύσασθαι.
936 2854 974 2886 (7)
992 2856 1023 2882 οι
1041 2855 1139 2883 δίκαιοί
1154 2847 1209 2883 σον-ι’.
