1896 3052
44 159 95 188 785
477 159 520 187 DE
540 160 678 188 TlTULlS
694 161 918 190 PSALMORUM.
936 177 970 183 ——
984 161 1082 191 PSAL.
1099 161 1217 190 XXXVI.
1601 163 1654 193 788

78 219 102 246 ἆ.
114 219 167 246 Καὶ
179 219 246 246 ὡσεὶ
257 219 362 255 λάχανα
375 219 456 256 χλόης
467 221 535 256 ταχὺ
554 204 764 250 ἀποπεσοῦνται.

906 224 932 251 1.
950 222 983 251 Et
1003 222 1234 259 quemadmodum
1255 223 1330 251 olera
1351 224 1498 252 herbarum
1511 224 1565 252 cito
1579 225 1653 252 deci-

873 269 948 296 dent.

79 307 103 335 5.
118 307 243 334 Ἔλπισον
258 309 306 335 ἐπὶ
318 308 430 344 Κύριον,
445 310 495 337 καὶ
504 310 575 337 ποίει
590 311 760 347 χρηστότητα
770 321 777 327 ·

729 321 760 338 τα
770 321 777 327 ·
907 316 934 343 5.
951 314 1034 351 Spera
1046 315 1074 343 in
1085 315 1211 348 Domino,
1222 320 1249 343 et
1261 315 1304 343 fac
1313 316 1460 344 bonitatem
1471 326 1477 350 ;

81 353 104 381 6.
116 354 167 380 Kal
183 356 353 390 χατασκήνου
367 355 416 390 τὴν
427 355 479 390 γῆν
489 363 495 370 ·

908 362 935 389 6.
953 362 986 390 Ει
998 362 1120 389 inhabita
1136 367 1237 389 terram
1247 372 1254 396 ;

81 401 104 427 'I.
116 400 169 427 Καὶ
183 401 356 437 ποιμανθήσῃ
374 401 420 428 ἐπὶ
431 401 471 436 τῷ
487 401 594 437 πλούτῳ
605 403 700 438 αὐτῆς.

608 403 700 438 αὐτῆς.
908 407 934 433 7.
949 407 983 435 Ει
997 408 1117 442 pasceris
1130 408 1158 434 iu
1170 408 1272 435 divitiis
1286 408 1356 443 ejus.

80 447 102 473 8.
115 447 330 483 Κατατρὺφησον
355 448 400 475 τοῦ
429 449 541 485 Κυρίου,
568 450 614 477 καὶ
636 450 715 477 δώσει
730 459 771 477 σοι
788 451 822 478 τὰ

907 454 933 480 8.
952 453 1091 482 Delectata
1110 454 1138 481 in
1158 453 1284 487 Domino,
1299 458 1327 482 et
1349 455 1424 482 dabit
1442 455 1490 483 tibi
1511 456 1654 491 petitiones

54 493 175 528 αἰτήματα
187 493 238 529 τῆς
250 493 366 528 καρδίας
378 503 436 521 σου.

277 493 366 528 ιρδίας
378 503 436 521 σου.
874 499 964 527 cordis
977 501 1025 528 tui.

81 538 104 565 9.
122 538 307 573 ’Δποκάλυψον
319 540 388 575 πρὸς
401 539 503 576 Κύριον
517 541 566 577 τὴν
578 541 636 568 ὀδόν
653 550 710 574 σου,

682 552 710 574 υ,
909 546 935 573 9.
952 545 1052 574 Revela
1063 547 1097 574 ad
1107 546 1254 575 Dominum
1264 547 1335 575 viam
1347 551 1430 580 tuam.

83 580 120 608 10.
139 581 191 607 Kal
208 581 318 608 ἐλπισον
335 583 378 609 ἐπ’
390 584 481 616 αὑτὸν,
499 585 544 612 καὶ
557 586 637 617 αὐτὸς
650 587 767 622 ποιήσει.

655 587 767 622 ποιήσει.
907 591 951 618 10.
966 591 1000 620 Et
1010 600 1087 627 spera
1101 593 1127 620 in
1143 601 1186 626 eo,
1197 597 1224 620 et
1238 593 1296 628 ipse
1306 593 1403 622 faciet:

81 627 118 654 11.
135 628 188 655 Kal
198 628 297 661 ἐξοίσει
313 630 351 661 ὡς
361 630 418 664 φῶς
432 630 480 666 τὴν
493 631 664 668 δικαιοσύνην
676 641 721 659 σου
731 641 738 648 ·

910 638 954 665 11.
973 638 1006 666 Et
1018 639 1115 666 educet
1131 639 1210 674 quasi
1226 627 1318 667 lumen
1327 640 1462 676 justitiam
1474 644 1558 667 tuam.

81 674 118 702 12.
135 675 189 702 Καὶ
201 676 232 702 τὸ
248 677 335 712 κρϊμά
345 685 391 704 σου
407 677 444 710 ὡς
460 679 644 715 μεσημϐρίαν.

907 683 951 711 12.
970 684 1002 712 Ει
1013 685 1146 720 judicium
1162 690 1238 712 tuum
1257 674 1384 721 tanquam
1396 686 1545 714 meridiem.

82 720 118 747 13.
139 721 307 757 ’Υποτάγηθι
323 723 362 758 τῷ
373 724 477 760 Κυρίῳ,
489 725 536 751 καὶ
550 725 687 752 ἱκέτευσον
703 727 793 754 αὐτόν.

750 727 793 754 νόν.
907 729 950 756 15.
965 728 1096 758 Subditus
1113 734 1171 757 esto
1181 720 1352 764 Dominoiet
1362 739 1409 758 ora
1425 739 1498 758 eum.

82 767 118 794 11.
134 768 180 803 Μὴ
200 768 358 804 παραζήλου
379 770 409 796 ὲν
429 770 469 805 τῷ
486 771 707 808 κατευοδουμένῳ
732 773 760 800 ὲν
787 775 820 809 τῇ

909 775 952 802 11.
969 775 1028 803 Noli
1053 776 1176 803 aemulari
1198 777 1226 804 in
1248 784 1280 804 eo
1305 777 1352 812 qui
1378 781 1554 812 prosperatur
1573 776 1601 804 in
1613 776 1653 803 via

53 811 94 847 ῶῷ
103 812 181 839 αὐτοῦ
190 822 196 828 ·

190 822 196 828 “
870 831 933 858 sua;

78 857 116 905 15.
135 859 178 886 Ἐν
195 859 331 896 ἀνθρώπῳ
344 860 464 888 ποιοῦντι
487 863 667 898 παρανομίαν.

835 893 859 905 ἢ
908 857 995 896 13.1n
1011 869 1121 897 homine
1137 869 1254 898 faciente
1266 869 1430 905 injustilias.‘

134 903 240 931 Παῦσαι
247 893 308 932 -ἀπὸ
316 893 412 942 οργῆς,
425 907 472 933 καὶ
489 893 654 941 ὲγέατάλιπε
667 908 752 944 θυμόν
762 917 768 924 ·

835 893 860 924 Β
907 893 953 942 iis:
967 893 1539 951 ὖέέὶῖκῖὲιῖξίὲζιῖέἶῌεῖέῖἶιζεῇζέξιὶτοτειηε

79 948 117 976 1-7.
131 949 177 985 Μὴ
197 950 366 986 παραζήλου,
381 951 450 979 ὥστε
464 961 531 989 πονη
537 953 661 989 ρεύεσθαι
673 962 680 969 ·

673 962 680 969 ·
909 961 952 988 17.
969 960 1028 988 Noli
1043 948 1176 994 aemulari.
1195 966 1224 989 ut
1238 948 1409 998 maligneris;

80 995 119 1023 18.
136 995 196 1022 Ὀτι
210 996 235 1022 οἱ
247 997 458 1032 πονηρευόμενοι
469 998 740 1035 ὲξολοθρευθήσονται
749 1010 756 1016 ·

907 1007 950 1034 18.
966 1006 1109 1040 Quoniam,
1123 995 1373 1043 qui‘malignantur,
1387 1007 1653 1034 exterminabunlur:

80 1041 117 1069 19L
131 1042 162 1069 οι
175 1042 206 1068 δὲ
216 1042 398 1078 ὑπομένοντες
412 1043 457 1070 τὸν
475 1044 588 1080 Κύριον,
607 1046 683 1073 αὐτοὶ
693 1046 822 1083 κληρονο-

908 1053 952 1080 19.
968 1041 1140 1081 Sustinentes
1153 1041 1422 1087 autem‘Dominum,
1439 1053 1491 1088 ipsi
1509 1052 1650 1081 hmredlta-

56 1088 155 1123 μήσουσι
169 1088 220 1123 τὴν
239 1088 302 1123 γῆν.

873 1097 940 1125 bunt
958 1101 1067 1124 terram.

80 1133 119 1160 20.
134 1134 187 1160 Kal
197 1133 237 1160 ἐτι
249 1133 348 1168 ὀλίγον,
359 1134 405 1161 καὶ
414 1135 444 1161 οὺ
455 1135 491 1171 μὴ
505 1136 613 1172 ὑπάρξῃ
624 1138 638 1164 ὸ
650 1138 819 1174 ἁμαρτωλόςο

909 1142 955 1170 20.
967 1142 1000 1169 Et
1014 1143 1103 1170 adltuc
1119 1143 1259 1178 pusillum,
1271 1148 1298 1171 et
1314 1151 1368 1171 non
1379 1145 1431 1171 erit
1447 1147 1581 1178 peccator.

81 1179 120 1205 21.
134 1179 189 1206 Καὶ
200 1179 328 1214 ζητήσεις
339 1179 383 1206 τὸν
392 1180 473 1207 τόπον
481 1181 573 1214 αὑτοῦ,
583 1183 629 1209 καὶ
640 1183 669 1210 οὐ
681 1184 718 1218 μὴ
727 1184 818 1221 εὕρῃς.

815 1206 818 1212 .
910 1188 957 1216 ‘21.
971 1188 1004 1215 Et
1017 1196 1122 1223 quazres
1137 1189 1227 1216 locum
1242 1189 1310 1224 ejus.
1323 1193 1350 1217 et
1361 1196 1415 1216 non
1433 1189 1563 1216 invenies.

81 1227 122 1254 22.
135 1228 165 1253 οἱ
176 1227 205 1254 δὲ
222 1229 320 1263 πραεῖς
335 1228 566 1263 κληρονομήσουσι
579 1229 631 1264 γῆν
643 1237 650 1244 ⁵

909 1234 954 1260 22.
969 1233 1101 1262 Mansueti
1114 1239 1204 1262 autem
1220 1235 1417 1263 hmreditabunt
1430 1240 1530 1262 terram
1543 1244 1549 1262 :

81 1272 120 1299 23.
133 1273 187 1300 Καὶ
201 1274 459 1309 κατατρυφήσουσιν
472 1275 518 1301 ἐπὶ
533 1274 628 1310 πλήθει
640 1275 760 1311 ειρήνης.

910 1278 955 1305 25.
971 1278 1004 1305 Et
1018 1278 1226 1307 delectabunwr
1243 1280 1270 1306 in
1287 1279 1460 1307 multitudine
1472 1279 1556 1314 pacis.

600 1351 794 1381 ATHANASII‘
808 1352 1097 1384 INTERPRETATIO.

79 1428 104 1457 1.
117 1428 190 1464 Ταχὺ
203 1429 404 1456 ἁποπεσοῦνται
419 1429 526 1465 θανάτῳ
544 1429 750 1465 παραδοθέντες.

612 1429 750 1462 ιδοθέντες.
837 1436 857 1464 c
910 1434 937 1460 1.
953 1434 1014 1462 Cito
1027 1435 1151 1463 decident
1162 1436 1244 1463 morti
1259 1435 1360 1463 traditi.

80 1475 104 1502 5.
117 1475 176 1501 Kal
188 1476 259 1502 ποίει
273 1476 327 1502 πᾶν
339 1476 418 1511 ἔργον
433 1476 544 1510 ἀγαθόν.

913 1479 939 1507 5.
957 1479 991 1507 Et
1007 1480 1049 1508 fac
1059 1489 1140 1509 omne
1153 1489 1222 1517 opus
1239 1482 1353 1510 bonum.

77 1521 103 1552 6,
117 1521 142 1548 7.
158 1522 212 1548 Kal
239 1521 308 1548 οἴκει
335 1523 382 1548 ἐπὶ
406 1522 456 1557 τῆς
473 1523 525 1558 γῆς
547 1524 755 1559 ποιμαινόμενος
772 1525 824 1551 ὑπὸ

911 1526 938 1558 6,
951 1526 975 1552 7.
991 1526 1023 1554 Et
1038 1527 1129 1554 habita
1150 1528 1177 1555 in
1197 1532 1268 1555 terra
1286 1528 1428 1555 nutritusa
1439 1526 1573 1554 Domino:
1589 1526 1657 1554 divi~

50 1568 143 1603 Κυρίου
154 1577 160 1583 '
180 1567 294 1599 πλοῦτος
319 1568 373 1604 γὰρ
387 1569 435 1604 τῆς
451 1569 501 1604 γῆς
516 1570 530 1596 ὁ
549 1570 651 1606 Κύριος
666 1570 793 1606 ὑπάρχει,

909 1579 920 1599 e
933 1572 1005 1600 enim
1023 1577 1102 1601 teme
1118 1573 1251 1601 Dominus
1271 1578 1345 1606 sunt,
1362 1573 1453 1601 ditans
1466 1581 1525 1601 eam
1542 1573 1657 1601 diversis

49 1614 162 1641 πλουτῶν
177 1615 262 1650 αὐτὴν
276 1614 367 1642 ἄνθεσι
380 1615 518 1651 διαφόροις
533 1616 580 1642 xal
598 1616 716 1652 δένδρεσι
727 1625 797 1643 παντ

630 1617 716 1652 νδρεσι
727 1625 825 1643 παντο·
876 1617 990 1646 ﬂoribus
999 1623 1026 1646 et
1038 1619 1112 1647 omni
1125 1627 1223 1655 genere
1238 1620 1378 1647 arborum.

49 1660 145 1688 δαπέσι.

77 1707 102 1734 8.
127 1707 280 1742 ’Δγάπησον
291 1708 337 1735 τὸν
351 1708 454 1744 Κύριον
470 1707 499 1740 ἐξ
514 1707 578 1743 ὅλης
587 1708 677 1743 ψυχῆς
689 1729 696 1741 ,
715 1708 753 1745 (1)
779 1709 825 1736 καὶ

919 1708 938 1735 3.
953 1707 1038 1744 Dilige
1057 1708 1203 1737 Dominum
1223 1716 1256 1737 ex
1276 1713 1331 1736 tota
1349 1708 1495 1741 anima,.et
1514 1706 1592 1734 faciet
1604 1714 1667 1734 ,νο--¹

49 1753 77 1779 τὰ
92 1752 232 1789 Θελήματά
247 1763 293 1780 σου
310 1755 428 1789 ποιήσει.

328 1755 428 1789 τοιήσει.
877 1754 994 1782 luntates
1008 1759 1076 1782 tuas.

77 1799 102 1827 9.
126 1799 339 1834 Ἆποκάλυψον
353 1800 428 1834 πρὸς
441 1801 550 1835 Κύριον
557 1800 606 1836 τὴν
616 1800 731 1835 καρδίαν
746 1809 802 1833 σου,

666 1800 731 1826 ›δίαν
746 1809 802 1833 σου,
914 1802 941 1829 9.
957 1800 1051 1828 Revela
1065 1802 1098 1827 ad
1117 1800 1257 1828 Dominum
1269 1809 1316 1829 cor
1326 1803 1414 1834 tuum,

78 1846 120 1873 10.
136 1847 192 1873 Καὶ
205 1846 287 1877 αὐτὸς
300 1846 427 1882 ὁδηγήσει
444 1855 472 1872 σε
488 1847 527 1878 εἰς
544 1847 597 1873 πᾶν
615 1847 694 1882 ἔργον
712 1847 824 1881 ἀγαθόν.

916 1848 958 1874 10.
975 1847 1008 1874 Et
1021 1847 1078 1882 ipse
1089 1847 1203 1874 deducet
1216 1847 1281 1875 tein
1299 1855 1379 1874 omne
1394 1854 1462 1882 opus
1477 1846 1589 1873 bonum.

79 1893 121 1920 11.
136 1892 280 1928 Καθαρὰν,
300 1892 384 1926 λέγει.

914 1893 957 1920 11.
971 1892 1110 1927 Mundam,
1123 1893 1220 1928 inquit.

78 1941 120 1968 12.
138 1940 364 1976 Πειρωτισμένην.

915 1940 958 1967 12.
974 1940 1157 1968 llluminatum
1173 1939 1254 1967 dicit.

78 1986 173 2013 15-15.
187 1985 363 2012 Ταπείνωσον
380 1987 492 2013 σεαυτὸν
509 1985 548 2020 (‘2)
564 1986 616 2012 ὑπὸ
631 1985 678 2020 τὴν
693 1984 826 2020 κραταιὰν

915 1986 1009 2014 13-15.
1033 1985 1150 2014 Humilia
1164 1985 1280 2021 teipsum
1293 1985 1344 2014 sub
1359 1985 1461 2020 potenti
1483 1985 1543 2020 ejus
1557 1991 1656 2011 manu:

51 2032 122 2059 αὖτοῦ
134 2033 219 2067 χεῖρα
230 2039 238 2046 ·
251 2031 300 2066 μὴ,
313 2031 359 2058 ἐὰν
372 2031 429 2067 ἴδῃς
448 2032 509 2063 τοὺς
525 2031 731 2066 ἁμαρτάνοντας
745 2030 799 2057 εὺθπ

911 2044 923 2064 ι,
949 2033 972 2060 si
994 2033 1094 2060 videris
1113 2037 1268 2068 peccatores
1293 2039 1420 2067 prospere.
1443 2036 1562 2067 agentes,
1587 2031 1659 2058 indi-

51 2078 162 2109 vatag,
180 2077 312 2113 ὀργισθῇς
323 2078 352 2104 ὲν
367 2078 402 2113 τῇ
417 2076 514 2113 καρδίᾳ
534 2085 582 2103 σου
603 2077 635 2103 δι’
660 2077 768 2108 αὐτοὺς,
782 2085 799 2104 κ

911 2078 971 2105 ieris
982 2084 1092 2113 propter
1108 2085 1155 2106 eos
1167 2078 1195 2105 in
1210 2077 1291 2105 corde
1303 2081 1361 2110 tuo,
1378 2081 1405 2105 et
1420 2077 1486 2104 velis
1502 2077 1582 2104 talem
1591 2075 1659 2109 ﬁeri,

51 2119 159 2158 θελήσῃς
175 2120 302 2155 γενέσθαι
314 2121 432 2153 τοιοῦτος
444 2122 533 2152 ὁποῖος
548 2121 679 2152 κάκεῖνος.

366 2121 432 2153 ιῦτος
444 2122 533 2152 ὁποῖος
548 2121 679 2152 κάκεῖνος.
845 2117 868 2145 Β
881 2123 976 2159 quales
991 2124 1028 2151 illi
1042 2129 1114 2151 sunt.

80 2167 119 2194 16.
141 2166 229 2202 Ὀργὴ
243 2166 297 2202 γὰρ
309 2166 403 2202 ἀνδρὸς
417 2166 589 2202 δικαιοσύνην
601 2166 668 2192 Θεοῦ
685 2166 734 2193 οὐκ
744 2166 828 2201 ἀπερ-

917 2169 961 2196 16.
979 2169 1019 2196 Ira
1040 2170 1113 2197 enim
1137 2163 1264 2199 hominis.
1274 2170 1408 2206 justitiam
1422 2169 1470 2197 Dei
1491 2176 1545 2196 non
1564 2175 1660 2203 opera-

51 2212 155 2245 γά-ζεται
167 2212 217 2246 (5).

185 2212 217 2246 5).
880 2219 933 2243 tur.

81 2259 121 2286 17.
136 2258 185 2294 Μὴ
204 2258 288 2294 μιμοῦ
304 2258 334 2285 τὸ
348 2259 441 2285 κακόν.

917 2261 962 2288 17.
977 2260 1016 2288 Ne
1027 2261 1141 2289 imiteris
1155 2261 1266 2288 malum.

80 2305 119 2332 18.
136 2305 235 2331 Ὀτιοὶ
251 2304 390 2336 ποιοῦντες
400 2305 430 2331 τὸ
443 2305 527 2332 κακὸν
548 2304 826 2341 ὲξολοθρευθήσονται.

917 2308 959 2335 18.
979 2307 1113 2341 Quoniam
1132 2307 1263 2335 facientes
1285 2307 1386 2334 malum
1408 2306 1661 2333 euerminaountur.

80 2351 119 2379 19.
137 2351 171 2377 Οἱ
193 2350 223 2377 δὲ
244 2350 454 2385 ἀπεκδεχόμενοι
471 2350 517 2377 τοῦ
536 2351 640 2386 Κυρίου
661 2351 709 2387 τὴν
727 2352 828 2386 ἐπιφά-

917 2354 962 2380 19.
975 2353 1172 2388 Exspectantes
1195 2358 1285 2380 autem
1308 2351 1417 2380 Domini
1440 2351 1663 2386 adventum.ipsi

53 2405 127 2430 νειαν,
146 2396 224 2423 αὐτοὶ
242 2396 477 2433 κληρονομήσουσι
491 2396 540 2433 τὴν
556 2397 691 2432 βασιλείαν
712 2397 765 2424 τῶν
781 2406 801 2424 οι

618 2397 691 2424 λείαν
712 2397 765 2424 τῶν
781 2398 827 2424 οὐ·
883 2399 1083 2427 haereditabunt
1097 2407 1211 2434 regnum
1223 2399 1366 2427 caelorum.

54 2451 143 2478 ρανων.

80 2489 120 2517 9.0.
142 2489 247 2524 Ὀλίγον
266 2489 320 2524 γάρ
337 2489 404 2519 ἐστι,
420 2489 467 2516 καὶ
484 2489 674 2525 παρέρχεταιὸ
689 2489 798 2524 κόσμος.

916 2487 961 2515 20.
976 2486 1107 2515 Ρυειιιυη]
1121 2487 1194 2514 enim
1205 2491 1257 2519 est,
1270 2491 1298 2514 et
1310 2487 1428 2515 mundus
1443 2487 1597 2522 pertransit.

81 2534 121 2562 21.
139 2535 317 2572 Παραδίδοται
333 2535 388 2570 γὰρ
405 2535 518 2566 ἕκαστος
539 2535 593 2561 τῶν
618 2535 829 2571 ἁμαρτανόντων

916 2532 962 2559 21.
976 2532 1080 2568 Singuli
1092 2533 1164 2560 enim
1178 2537 1335 2568 peccatores
1345 2537 1454 2561 aeterna:
1463 2531 1597 2567 punitioni
1610 2534 1664 2558 trav

54 2580 81 2614 τῇ
91 2581 184 2616 αἰωνίᾳ
200 2581 310 2608 κολάσει
327 2580 375 2615 (1).

244 2581 310 2607 .acat
327 2580 375 2615 (1).
883 2579 992 2606 duntur.

83 2625 122 2653 '22.
136 2626 191 2662 Τὴν
205 2626 262 2653 ἄνω
280 2625 457 2660 Ἰερουσαλὴμ
470 2624 553 2659 λέγει.
803 2663 806 2666 7

803 2663 806 2666 7
919 2623 964 2650 Ξῖ.
984 2623 1135 2659 Supernam
1145 2624 1295 2652 .erusalem
1308 2623 1449 2659 signiﬁcat.

85 2671 124 2699 25.
140 2673 188 2704 Εἰς
204 2671 250 2698 τὸν
269 2670 355 2698 αἰῶνα
369 2670 416 2697 τοῦ
429 2670 535 2702 αἰῶνος.

520 2679 535 2702 ε,
920 2670 965 2697 25.
980 2669 1009 2697 ln
1021 2670 1151 2698 saeculum
1165 2671 1268 2698 saeculi.

517 2747 671 2779 Addenda
694 2750 726 2779 et
740 2747 927 2788 corrigenda
949 2757 988 2779 ex
1005 2748 1074 2779 cod.
1092 2749 1193 2779 Vatic.

88 2799 225 2836 Ι1)Ὶξύχῆς
242 2809 300 2831 σου,
315 2801 362 2836 καὶ
373 2800 407 2826 τά
425 2804 448 2827 et
463 2800 623 2836 rel.7desunt
643 2801 670 2826 in
683 2800 749 2836 cod.
788 2835 791 2836 7
807 2835 812 2836 7

484 2800 623 2836 'l.7desunt
643 2801 670 2826 in
683 2800 749 2836 cod.
788 2835 791 2836 7
807 2835 812 2836 7
920 2801 958 2836 ('5)
972 2801 1009 2828 Οὐ
1027 2801 1232 2836 κατεργάζεται.

89 2801 120 2833 [1)
130 2801 225 2836 Ψυχῆς
242 2809 300 2831 σου,
315 2801 362 2827 καὶ
373 2801 407 2826 τά
425 2804 448 2827 et
463 2801 508 2826 rel.
530 2801 623 2826 desunt
643 2801 670 2826 in
683 2801 741 2826 cod.
931 2801 947 2827 5
972 2801 1009 2828 Οὐ
1027 2801 1233 2836 κατεργάζεται.

89 2835 120 2872 1'27)
128 2835 163 2872 7N.
181 2837 223 2863 15.
250 2835 440 2872 Taguivmm7
450 2835 584 2872 ἑαυτὸν...
609 2836 713 2872 χεῖραη
727 2834 760 2862 Ν.
785 2835 826 2870 11,
919 2801 958 2872 (1;
972 2837 1019 2868 Είς
1033 2836 1081 2872 τὴν
1094 2836 1200 2863 αἰώνιον
1218 2835 1335 2862 κόλασιν.

59 2866 181 2906 15.Μὴ...
210 2869 339 2906 γενὲςθαι
364 2870 499 2903 τοσοῦτος,
524 2866 764 2898 ὁποῖοι”κᾶκεῖνοι.
