  <div class='ocr_page' id='page_1' title='image "/cluster/home/n/w/nwhite01/storage/ocr_20150623/27/njp.32101010944609/419.png"; bbox 0 0 1896 3052; ppageno 0'>
   <div class='ocr_carea' id='block_1_1' title="bbox 250 155 1861 192">
    <p class='ocr_par' dir='ltr' id='par_1_1' title="bbox 250 155 1861 192">
     <span class='ocr_line' id='line_1_1' title="bbox 250 155 1861 192; baseline 0 -4"><span class='ocrx_word' id='word_1_1' title='bbox 250 155 301 184; x_wconf 73' lang='grc'><strong>⁷87</strong></span> <span class='ocrx_word' id='word_1_2' title='bbox 666 161 695 188; x_wconf 88' lang='lat' dir='ltr'><strong>S.</strong></span> <span class='ocrx_word' id='word_1_3' title='bbox 716 161 902 191; x_wconf 73' lang='lat' dir='ltr'><strong>ATHANASII</strong></span> <span class='ocrx_word' id='word_1_4' title='bbox 921 163 996 191; x_wconf 86' lang='lat' dir='ltr'><strong>OPP.</strong></span> <span class='ocrx_word' id='word_1_5' title='bbox 1017 163 1108 192; x_wconf 76' lang='lat' dir='ltr'><strong>PARS</strong></span> <span class='ocrx_word' id='word_1_6' title='bbox 1125 163 1171 191; x_wconf 86' lang='lat' dir='ltr'><strong>Ill.</strong></span> <span class='ocrx_word' id='word_1_7' title='bbox 1187 178 1222 184; x_wconf 94' lang='lat'>—</span> <span class='ocrx_word' id='word_1_8' title='bbox 1239 160 1446 190; x_wconf 75' lang='lat' dir='ltr'><strong>EXEGETICA.</strong></span> <span class='ocrx_word' id='word_1_9' title='bbox 1814 159 1861 188; x_wconf 72' lang='lat'><strong>788</strong></span> 
     </span>
    </p>
   </div>
   <div class='ocr_carea' id='block_1_2' title="bbox 282 215 1030 258">
    <p class='ocr_par' dir='ltr' id='par_1_2' title="bbox 282 215 780 255">
     <span class='ocr_line' id='line_1_2' title="bbox 282 215 780 255; baseline 0.014 -13"><span class='ocrx_word' id='word_1_10' title='bbox 282 216 326 242; x_wconf 64' lang='grc'>24.</span> <span class='ocrx_word' id='word_1_11' title='bbox 345 215 504 246; x_wconf 77' lang='lat' dir='ltr'><strong>Observabit</strong></span> <span class='ocrx_word' id='word_1_12' title='bbox 516 224 642 254; x_wconf 73' lang='lat' dir='ltr'><strong>peccator</strong></span> <span class='ocrx_word' id='word_1_13' title='bbox 654 219 759 255; x_wconf 78' lang='lat' dir='ltr'><strong>justum</strong></span> <span class='ocrx_word' id='word_1_14' title='bbox 772 231 780 248; x_wconf 87' lang='lat'><strong>:</strong></span> 
     </span>
    </p>
   </div>
   <div class='ocr_carea' id='block_1_3' title="bbox 1050 215 1798 258">
    <p class='ocr_par' dir='ltr' id='par_1_3' title="bbox 1050 219 1798 258">
     <span class='ocr_line' id='line_1_3' title="bbox 1050 219 1798 258; baseline -0.004 -8"><span class='ocrx_word' id='word_1_15' title='bbox 1050 225 1066 254; x_wconf 61' lang='grc' dir='ltr'><strong>λ</strong></span> <span class='ocrx_word' id='word_1_16' title='bbox 1113 223 1157 250; x_wconf 66' lang='grc'>24.</span> <span class='ocrx_word' id='word_1_17' title='bbox 1173 223 1400 258; x_wconf 74' lang='grc' dir='ltr'>Παρατηρήσεται</span> <span class='ocrx_word' id='word_1_18' title='bbox 1418 222 1433 248; x_wconf 89' lang='grc' dir='ltr'><strong>ό</strong></span> <span class='ocrx_word' id='word_1_19' title='bbox 1449 220 1609 256; x_wconf 81' lang='grc' dir='ltr'>ἁμαρτωλὸς</span> <span class='ocrx_word' id='word_1_20' title='bbox 1621 219 1669 248; x_wconf 74' lang='grc' dir='ltr'><strong>τὸν</strong></span> <span class='ocrx_word' id='word_1_21' title='bbox 1677 219 1798 248; x_wconf 79' lang='grc' dir='ltr'>δίκαιον·</span> 
     </span>
    </p>
   </div>
   <div class='ocr_carea' id='block_1_4' title="bbox 285 261 1033 303">
    <p class='ocr_par' dir='ltr' id='par_1_4' title="bbox 285 261 922 300">
     <span class='ocr_line' id='line_1_4' title="bbox 285 261 922 300; baseline 0.014 -12"><span class='ocrx_word' id='word_1_22' title='bbox 285 261 331 288; x_wconf 80' lang='grc'><strong>25.</strong></span> <span class='ocrx_word' id='word_1_23' title='bbox 346 261 380 289; x_wconf 86' lang='lat' dir='ltr'><strong>Et</strong></span> <span class='ocrx_word' id='word_1_24' title='bbox 394 263 518 291; x_wconf 72' lang='lat' dir='ltr'><strong>stridebit</strong></span> <span class='ocrx_word' id='word_1_25' title='bbox 531 273 613 300; x_wconf 83' lang='lat' dir='ltr'><strong>super</strong></span> <span class='ocrx_word' id='word_1_26' title='bbox 626 274 688 293; x_wconf 89' lang='lat' dir='ltr'><strong>eum</strong></span> <span class='ocrx_word' id='word_1_27' title='bbox 702 267 829 296; x_wconf 79' lang='lat' dir='ltr'><strong>dentibus</strong></span> <span class='ocrx_word' id='word_1_28' title='bbox 843 269 922 300; x_wconf 80' lang='lat' dir='ltr'><strong>suis.,</strong></span> 
     </span>
    </p>
   </div>
   <div class='ocr_carea' id='block_1_5' title="bbox 1053 261 1801 303">
    <p class='ocr_par' dir='ltr' id='par_1_5' title="bbox 1117 265 1801 303">
     <span class='ocr_line' id='line_1_5' title="bbox 1117 265 1801 303; baseline -0.003 -7"><span class='ocrx_word' id='word_1_29' title='bbox 1117 269 1162 296; x_wconf 76' lang='grc'><strong>25.</strong></span> <span class='ocrx_word' id='word_1_30' title='bbox 1178 269 1233 295; x_wconf 78' lang='grc' dir='ltr'>Καὶ</span> <span class='ocrx_word' id='word_1_31' title='bbox 1250 267 1342 303; x_wconf 77' lang='grc' dir='ltr'>βρύξει</span> <span class='ocrx_word' id='word_1_32' title='bbox 1355 268 1398 294; x_wconf 73' lang='grc' dir='ltr'><strong>ὲπ*</strong></span> <span class='ocrx_word' id='word_1_33' title='bbox 1414 267 1494 294; x_wconf 79' lang='grc' dir='ltr'>αὑτὸν</span> <span class='ocrx_word' id='word_1_34' title='bbox 1505 267 1568 298; x_wconf 80' lang='grc' dir='ltr'>τοὺς</span> <span class='ocrx_word' id='word_1_35' title='bbox 1584 266 1693 298; x_wconf 81' lang='grc' dir='ltr'><strong>ὀδόντας</strong></span> <span class='ocrx_word' id='word_1_36' title='bbox 1706 265 1801 294; x_wconf 74' lang='grc' dir='ltr'>αὐτοῦ.</span> 
     </span>
    </p>
   </div>
   <div class='ocr_carea' id='block_1_6' title="bbox 285 307 1033 348">
    <p class='ocr_par' dir='ltr' id='par_1_6' title="bbox 285 307 812 341">
     <span class='ocr_line' id='line_1_6' title="bbox 285 307 812 341; baseline 0.013 -7"><span class='ocrx_word' id='word_1_37' title='bbox 285 307 329 334; x_wconf 80' lang='grc'><strong>26.</strong></span> <span class='ocrx_word' id='word_1_38' title='bbox 344 308 473 338; x_wconf 95' lang='lat' dir='ltr'><strong>Dominus</strong></span> <span class='ocrx_word' id='word_1_39' title='bbox 491 316 579 338; x_wconf 86' lang='lat' dir='ltr'><strong>autem</strong></span> <span class='ocrx_word' id='word_1_40' title='bbox 594 312 718 340; x_wconf 70' lang='lat' dir='ltr'><strong>irridebit</strong></span> <span class='ocrx_word' id='word_1_41' title='bbox 731 322 812 341; x_wconf 90' lang='lat' dir='ltr'><strong>eum:</strong></span> 
     </span>
    </p>
   </div>
   <div class='ocr_carea' id='block_1_7' title="bbox 925 307 1673 348">
    <p class='ocr_par' dir='ltr' id='par_1_7' title="bbox 1117 311 1673 348">
     <span class='ocr_line' id='line_1_7' title="bbox 1117 311 1673 348; baseline -0.004 -8"><span class='ocrx_word' id='word_1_42' title='bbox 1117 314 1162 340; x_wconf 84' lang='lat'><strong>26.</strong></span> <span class='ocrx_word' id='word_1_43' title='bbox 1183 313 1212 340; x_wconf 90' lang='lat'><strong>&#39;0</strong></span> <span class='ocrx_word' id='word_1_44' title='bbox 1226 313 1254 340; x_wconf 76' lang='grc' dir='ltr'>δὲ</span> <span class='ocrx_word' id='word_1_45' title='bbox 1265 313 1366 348; x_wconf 83' lang='grc' dir='ltr'>Κύριος</span> <span class='ocrx_word' id='word_1_46' title='bbox 1382 312 1558 346; x_wconf 80' lang='grc' dir='ltr'>ὲκγελάσεται</span> <span class='ocrx_word' id='word_1_47' title='bbox 1577 311 1673 338; x_wconf 78' lang='grc' dir='ltr'>αὐτόν’</span> 
     </span>
    </p>
   </div>
   <div class='ocr_carea' id='block_1_8' title="bbox 285 353 1033 396">
    <p class='ocr_par' dir='ltr' id='par_1_8' title="bbox 285 353 973 396">
     <span class='ocr_line' id='line_1_8' title="bbox 285 353 973 396; baseline 0.015 -17"><span class='ocrx_word' id='word_1_48' title='bbox 285 353 329 380; x_wconf 86' lang='grc'><strong>27.</strong></span> <span class='ocrx_word' id='word_1_49' title='bbox 343 353 476 387; x_wconf 82' lang='lat' dir='ltr'><strong>Quoniam</strong></span> <span class='ocrx_word' id='word_1_50' title='bbox 492 357 630 391; x_wconf 76' lang='lat' dir='ltr'><strong>prospicit,</strong></span> <span class='ocrx_word' id='word_1_51' title='bbox 643 359 714 393; x_wconf 88' lang='lat' dir='ltr'><strong>quod</strong></span> <span class='ocrx_word' id='word_1_52' title='bbox 730 360 819 387; x_wconf 88' lang='lat' dir='ltr'><strong>veniet</strong></span> <span class='ocrx_word' id='word_1_53' title='bbox 831 360 888 388; x_wconf 87' lang='lat' dir='ltr'><strong>dies</strong></span> <span class='ocrx_word' id='word_1_54' title='bbox 902 360 973 396; x_wconf 86' lang='lat' dir='ltr'><strong>ejus.</strong></span> 
     </span>
    </p>
   </div>
   <div class='ocr_carea' id='block_1_9' title="bbox 1034 353 1782 396">
    <p class='ocr_par' dir='ltr' id='par_1_9' title="bbox 1116 355 1782 394">
     <span class='ocr_line' id='line_1_9' title="bbox 1116 355 1782 394; baseline -0.005 -8"><span class='ocrx_word' id='word_1_55' title='bbox 1116 360 1160 387; x_wconf 88' lang='lat'><strong>27.</strong></span> <span class='ocrx_word' id='word_1_56' title='bbox 1175 359 1237 385; x_wconf 73' lang='lat' dir='ltr'><strong>&quot;Ott</strong></span> <span class='ocrx_word' id='word_1_57' title='bbox 1249 357 1404 394; x_wconf 80' lang='grc' dir='ltr'>προϐλέπει,</span> <span class='ocrx_word' id='word_1_58' title='bbox 1418 358 1459 384; x_wconf 84' lang='grc' dir='ltr'>ὅτι</span> <span class='ocrx_word' id='word_1_59' title='bbox 1472 357 1531 392; x_wconf 73' lang='grc' dir='ltr'>ἥξει</span> <span class='ocrx_word' id='word_1_60' title='bbox 1546 358 1562 392; x_wconf 82' lang='grc' dir='ltr'>ἡ</span> <span class='ocrx_word' id='word_1_61' title='bbox 1580 357 1673 392; x_wconf 83' lang='grc' dir='ltr'>ἡμέρα</span> <span class='ocrx_word' id='word_1_62' title='bbox 1688 355 1782 383; x_wconf 75' lang='grc' dir='ltr'>αὐτοῦ.</span> 
     </span>
    </p>
   </div>
   <div class='ocr_carea' id='block_1_10' title="bbox 285 399 1033 441">
    <p class='ocr_par' dir='ltr' id='par_1_10' title="bbox 285 399 885 440">
     <span class='ocr_line' id='line_1_10' title="bbox 285 399 885 440; baseline 0.013 -14"><span class='ocrx_word' id='word_1_63' title='bbox 285 399 330 426; x_wconf 91' lang='grc'>28.</span> <span class='ocrx_word' id='word_1_64' title='bbox 347 400 472 429; x_wconf 81' lang='lat' dir='ltr'><strong>Gladium</strong></span> <span class='ocrx_word' id='word_1_65' title='bbox 486 404 697 438; x_wconf 81' lang='lat' dir='ltr'><strong>evaginaverunt</strong></span> <span class='ocrx_word' id='word_1_66' title='bbox 712 411 885 440; x_wconf 79' lang='lat' dir='ltr'><strong>peccatores;</strong></span> 
     </span>
    </p>
   </div>
   <div class='ocr_carea' id='block_1_11' title="bbox 969 399 1717 441">
    <p class='ocr_par' dir='ltr' id='par_1_11' title="bbox 1118 403 1717 441">
     <span class='ocr_line' id='line_1_11' title="bbox 1118 403 1717 441; baseline -0.007 -8"><span class='ocrx_word' id='word_1_67' title='bbox 1118 407 1163 433; x_wconf 84' lang='lat'><strong>28.</strong></span> <span class='ocrx_word' id='word_1_68' title='bbox 1182 406 1329 441; x_wconf 87' lang='grc' dir='ltr'>Ῥομφαίαν</span> <span class='ocrx_word' id='word_1_69' title='bbox 1342 405 1496 432; x_wconf 73' lang='grc' dir='ltr'><strong>ἐσπάσαντο</strong></span> <span class='ocrx_word' id='word_1_70' title='bbox 1509 404 1534 430; x_wconf 78' lang='grc' dir='ltr'>οἱ</span> <span class='ocrx_word' id='word_1_71' title='bbox 1546 403 1717 439; x_wconf 82' lang='grc' dir='ltr'>ἁμαρτωλοί·</span> 
     </span>
    </p>
   </div>
   <div class='ocr_carea' id='block_1_12' title="bbox 287 445 1035 487">
    <p class='ocr_par' dir='ltr' id='par_1_12' title="bbox 287 445 1032 487">
     <span class='ocr_line' id='line_1_12' title="bbox 287 445 1032 487; baseline 0.015 -16"><span class='ocrx_word' id='word_1_72' title='bbox 287 445 332 472; x_wconf 88' lang='grc'><strong>29.</strong></span> <span class='ocrx_word' id='word_1_73' title='bbox 348 445 523 476; x_wconf 85' lang='lat' dir='ltr'><strong>lnlenderunt</strong></span> <span class='ocrx_word' id='word_1_74' title='bbox 543 458 636 478; x_wconf 89' lang='lat' dir='ltr'><strong>arcum</strong></span> <span class='ocrx_word' id='word_1_75' title='bbox 654 459 733 479; x_wconf 90' lang='lat' dir='ltr'><strong>suum</strong></span> <span class='ocrx_word' id='word_1_76' title='bbox 753 451 856 487; x_wconf 87' lang='lat' dir='ltr'><strong>[suum,</strong></span> <span class='ocrx_word' id='word_1_77' title='bbox 874 461 932 481; x_wconf 86' lang='lat' dir='ltr'><strong>rem</strong></span> <span class='ocrx_word' id='word_1_78' title='bbox 958 461 1032 481; x_wconf 81' lang='lat' dir='ltr'><strong>ama-</strong></span> 
     </span>
    </p>
   </div>
   <div class='ocr_carea' id='block_1_13' title="bbox 1113 445 1861 487">
    <p class='ocr_par' dir='ltr' id='par_1_13' title="bbox 1119 449 1861 486">
     <span class='ocr_line' id='line_1_13' title="bbox 1119 449 1861 486; baseline -0.007 -7"><span class='ocrx_word' id='word_1_79' title='bbox 1119 452 1163 479; x_wconf 85' lang='lat'><strong>29.</strong></span> <span class='ocrx_word' id='word_1_80' title='bbox 1185 451 1332 479; x_wconf 81' lang='grc' dir='ltr'>Ἐνέτειναν</span> <span class='ocrx_word' id='word_1_81' title='bbox 1349 450 1424 483; x_wconf 79' lang='grc' dir='ltr'>τόξον</span> <span class='ocrx_word' id='word_1_82' title='bbox 1447 449 1536 477; x_wconf 80' lang='grc' dir='ltr'>αὐτῶν</span> <span class='ocrx_word' id='word_1_83' title='bbox 1553 449 1654 486; x_wconf 87' lang='grc' dir='ltr'>[αὐτῶν</span> <span class='ocrx_word' id='word_1_84' title='bbox 1684 450 1800 484; x_wconf 80' lang='grc' dir='ltr'>πρᾶγμα</span> <span class='ocrx_word' id='word_1_85' title='bbox 1822 457 1861 475; x_wconf 84' lang='grc' dir='ltr'>πι-</span> 
     </span>
    </p>
   </div>
   <div class='ocr_carea' id='block_1_14' title="bbox 252 490 1000 534">
    <p class='ocr_par' dir='ltr' id='par_1_14' title="bbox 252 490 466 530">
     <span class='ocr_line' id='line_1_14' title="bbox 252 490 466 530; baseline 0 -13"><span class='ocrx_word' id='word_1_86' title='bbox 252 490 323 527; x_wconf 84' lang='lat' dir='ltr'><strong>ram]</strong></span> <span class='ocrx_word' id='word_1_87' title='bbox 335 501 341 524; x_wconf 86' lang='lat'>;</span> <span class='ocrx_word' id='word_1_88' title='bbox 463 528 466 530; x_wconf 15' lang='grc' dir='ltr'><strong>γ</strong></span> 
     </span>
    </p>
   </div>
   <div class='ocr_carea' id='block_1_15' title="bbox 433 490 1181 534">
    <p class='ocr_par' dir='ltr' id='par_1_15' title="bbox 463 498 1181 534">
     <span class='ocr_line' id='line_1_15' title="bbox 463 498 1181 534; baseline 0.001 -11"><span class='ocrx_word' id='word_1_89' title='bbox 463 528 466 530; x_wconf 19' lang='grc' dir='ltr'><strong>γ</strong></span> <span class='ocrx_word' id='word_1_90' title='bbox 1085 498 1181 534; x_wconf 63' lang='lat' dir='ltr'><strong>296v]-</strong></span> 
     </span>
    </p>
   </div>
   <div class='ocr_carea' id='block_1_16' title="bbox 286 498 1034 577">
    <p class='ocr_par' dir='ltr' id='par_1_16' title="bbox 286 498 870 576">
     <span class='ocr_line' id='line_1_16' title="bbox 286 498 341 517; baseline 0.018 -12"><span class='ocrx_word' id='word_1_91' title='bbox 286 498 309 517; x_wconf 68' lang='grc' dir='ltr'><strong>,η</strong></span> <span class='ocrx_word' id='word_1_92' title='bbox 335 501 341 506; x_wconf 92' lang='grc'><strong>.</strong></span> 
     </span>
     <span class='ocr_line' id='line_1_17' title="bbox 286 498 870 576; baseline 0.015 -16"><span class='ocrx_word' id='word_1_93' title='bbox 286 498 381 562; x_wconf 52' lang='lat' dir='ltr'><strong>5(iJ.&#39;Ut</strong></span> <span class='ocrx_word' id='word_1_94' title='bbox 397 528 525 570; x_wconf 84' lang='lat' dir='ltr'><strong>dejiciant</strong></span> <span class='ocrx_word' id='word_1_95' title='bbox 538 545 682 573; x_wconf 77' lang='lat' dir='ltr'><strong>pauperem</strong></span> <span class='ocrx_word' id='word_1_96' title='bbox 697 544 724 566; x_wconf 88' lang='lat' dir='ltr'><strong>et</strong></span> <span class='ocrx_word' id='word_1_97' title='bbox 739 540 846 576; x_wconf 88' lang='lat' dir='ltr'><strong>inopem</strong></span> <span class='ocrx_word' id='word_1_98' title='bbox 861 550 870 575; x_wconf 90' lang='lat'><strong>;</strong></span> 
     </span>
    </p>
   </div>
   <div class='ocr_carea' id='block_1_17' title="bbox 972 498 1720 577">
    <p class='ocr_par' dir='ltr' id='par_1_17' title="bbox 1085 498 1720 577">
     <span class='ocr_line' id='line_1_18' title="bbox 1085 498 1720 577; baseline -0.008 -5"><span class='ocrx_word' id='word_1_99' title='bbox 1085 498 1166 572; x_wconf 27' lang='lat'><strong>2956);?</strong></span> <span class='ocrx_word' id='word_1_100' title='bbox 1180 544 1233 570; x_wconf 82' lang='grc' dir='ltr'>Τοῦ</span> <span class='ocrx_word' id='word_1_101' title='bbox 1246 543 1408 570; x_wconf 74' lang='grc' dir='ltr'>καταϐαλεῖν</span> <span class='ocrx_word' id='word_1_102' title='bbox 1423 542 1529 577; x_wconf 78' lang='grc' dir='ltr'>πτωχὸν</span> <span class='ocrx_word' id='word_1_103' title='bbox 1539 542 1585 568; x_wconf 71' lang='grc' dir='ltr'>καὶ</span> <span class='ocrx_word' id='word_1_104' title='bbox 1599 541 1704 576; x_wconf 80' lang='grc' dir='ltr'>πένητα</span> <span class='ocrx_word' id='word_1_105' title='bbox 1713 549 1720 556; x_wconf 93' lang='grc'>·</span> 
     </span>
    </p>
   </div>
   <div class='ocr_carea' id='block_1_18' title="bbox 288 581 1036 623">
    <p class='ocr_par' dir='ltr' id='par_1_18' title="bbox 288 581 742 613">
     <span class='ocr_line' id='line_1_19' title="bbox 288 581 742 613; baseline 0.013 -6"><span class='ocrx_word' id='word_1_106' title='bbox 288 581 332 608; x_wconf 87' lang='grc'><strong>51.</strong></span> <span class='ocrx_word' id='word_1_107' title='bbox 352 581 384 608; x_wconf 90' lang='lat' dir='ltr'><strong>Ut</strong></span> <span class='ocrx_word' id='word_1_108' title='bbox 398 583 533 611; x_wconf 89' lang='lat' dir='ltr'><strong>trucident</strong></span> <span class='ocrx_word' id='word_1_109' title='bbox 548 590 637 612; x_wconf 88' lang='lat' dir='ltr'><strong>rectos</strong></span> <span class='ocrx_word' id='word_1_110' title='bbox 651 586 742 613; x_wconf 82' lang='lat' dir='ltr'><strong>corde.</strong></span> 
     </span>
    </p>
   </div>
   <div class='ocr_carea' id='block_1_19' title="bbox 945 581 1693 623">
    <p class='ocr_par' dir='ltr' id='par_1_19' title="bbox 1119 587 1693 623">
     <span class='ocr_line' id='line_1_20' title="bbox 1119 587 1693 623; baseline -0.007 -6"><span class='ocrx_word' id='word_1_111' title='bbox 1119 590 1162 617; x_wconf 98' lang='grc'><strong>51.</strong></span> <span class='ocrx_word' id='word_1_112' title='bbox 1178 590 1231 616; x_wconf 84' lang='grc' dir='ltr'><strong>Τοῦ</strong></span> <span class='ocrx_word' id='word_1_113' title='bbox 1248 589 1347 623; x_wconf 74' lang='grc' dir='ltr'>σφάξαι</span> <span class='ocrx_word' id='word_1_114' title='bbox 1361 589 1425 620; x_wconf 83' lang='grc' dir='ltr'>τοὺς</span> <span class='ocrx_word' id='word_1_115' title='bbox 1437 588 1524 620; x_wconf 80' lang='grc' dir='ltr'>εὐθεῐς</span> <span class='ocrx_word' id='word_1_116' title='bbox 1536 589 1569 623; x_wconf 76' lang='grc' dir='ltr'>τῇ</span> <span class='ocrx_word' id='word_1_117' title='bbox 1586 587 1693 623; x_wconf 79' lang='grc' dir='ltr'>καρδίᾳ.</span> 
     </span>
    </p>
   </div>
   <div class='ocr_carea' id='block_1_20' title="bbox 287 627 1035 670">
    <p class='ocr_par' dir='ltr' id='par_1_20' title="bbox 287 627 1032 669">
     <span class='ocr_line' id='line_1_21' title="bbox 287 627 1032 669; baseline 0.011 -15"><span class='ocrx_word' id='word_1_118' title='bbox 287 627 330 654; x_wconf 89' lang='grc'><strong>52.</strong></span> <span class='ocrx_word' id='word_1_119' title='bbox 347 627 459 656; x_wconf 82' lang='lat' dir='ltr'><strong>Gladius</strong></span> <span class='ocrx_word' id='word_1_120' title='bbox 475 637 570 657; x_wconf 89' lang='lat' dir='ltr'><strong>eorum</strong></span> <span class='ocrx_word' id='word_1_121' title='bbox 583 631 665 658; x_wconf 88' lang='lat' dir='ltr'><strong>intret</strong></span> <span class='ocrx_word' id='word_1_122' title='bbox 678 631 706 658; x_wconf 89' lang='lat' dir='ltr'><strong>in</strong></span> <span class='ocrx_word' id='word_1_123' title='bbox 714 639 762 659; x_wconf 93' lang='lat' dir='ltr'><strong>cor</strong></span> <span class='ocrx_word' id='word_1_124' title='bbox 775 631 881 669; x_wconf 88' lang='lat' dir='ltr'><strong>[corda]</strong></span> <span class='ocrx_word' id='word_1_125' title='bbox 893 641 1032 669; x_wconf 87' lang='lat' dir='ltr'><strong>ipsorum;</strong></span> 
     </span>
    </p>
   </div>
   <div class='ocr_carea' id='block_1_21' title="bbox 1113 627 1861 670">
    <p class='ocr_par' dir='ltr' id='par_1_21' title="bbox 1117 631 1861 670">
     <span class='ocr_line' id='line_1_22' title="bbox 1117 631 1861 670; baseline -0.007 -7"><span class='ocrx_word' id='word_1_126' title='bbox 1117 636 1162 663; x_wconf 83' lang='lat'><strong>52.</strong></span> <span class='ocrx_word' id='word_1_127' title='bbox 1183 636 1215 662; x_wconf 76' lang='grc' dir='ltr'>Ἦ</span> <span class='ocrx_word' id='word_1_128' title='bbox 1231 635 1351 670; x_wconf 80' lang='grc' dir='ltr'><strong>ῥομφαία</strong></span> <span class='ocrx_word' id='word_1_129' title='bbox 1363 635 1452 661; x_wconf 82' lang='grc' dir='ltr'>αὐτῶν</span> <span class='ocrx_word' id='word_1_130' title='bbox 1472 633 1589 660; x_wconf 77' lang='grc' dir='ltr'>εἰσέλθοι</span> <span class='ocrx_word' id='word_1_131' title='bbox 1616 634 1656 665; x_wconf 88' lang='grc' dir='ltr'><strong>είς</strong></span> <span class='ocrx_word' id='word_1_132' title='bbox 1680 632 1730 668; x_wconf 86' lang='grc' dir='ltr'>τὴν</span> <span class='ocrx_word' id='word_1_133' title='bbox 1756 631 1861 667; x_wconf 81' lang='grc' dir='ltr'>καρδίαν</span> 
     </span>
    </p>
   </div>
   <div class='ocr_carea' id='block_1_22' title="bbox 1085 681 1410 719">
    <p class='ocr_par' dir='ltr' id='par_1_22' title="bbox 1085 681 1410 719">
     <span class='ocr_line' id='line_1_23' title="bbox 1085 681 1410 719; baseline -0.006 -10"><span class='ocrx_word' id='word_1_134' title='bbox 1085 682 1142 719; x_wconf 82' lang='grc' dir='ltr'>[εἰς</span> <span class='ocrx_word' id='word_1_135' title='bbox 1156 681 1286 717; x_wconf 83' lang='grc' dir='ltr'><strong>καρδίας]</strong></span> <span class='ocrx_word' id='word_1_136' title='bbox 1302 681 1392 708; x_wconf 81' lang='grc' dir='ltr'>αὐτῶν</span> <span class='ocrx_word' id='word_1_137' title='bbox 1402 690 1410 697; x_wconf 83' lang='grc'><em>’</em></span> 
     </span>
    </p>
   </div>
   <div class='ocr_carea' id='block_1_23' title="bbox 287 718 1035 763">
    <p class='ocr_par' dir='ltr' id='par_1_23' title="bbox 287 718 814 758">
     <span class='ocr_line' id='line_1_24' title="bbox 287 718 814 758; baseline 0.015 -14"><span class='ocrx_word' id='word_1_138' title='bbox 287 718 331 745; x_wconf 87' lang='grc'><strong>55.</strong></span> <span class='ocrx_word' id='word_1_139' title='bbox 348 718 380 745; x_wconf 86' lang='lat' dir='ltr'><strong>Et</strong></span> <span class='ocrx_word' id='word_1_140' title='bbox 396 727 477 747; x_wconf 90' lang='lat' dir='ltr'><strong>arcus</strong></span> <span class='ocrx_word' id='word_1_141' title='bbox 487 728 582 748; x_wconf 90' lang='lat' dir='ltr'><strong>eorum</strong></span> <span class='ocrx_word' id='word_1_142' title='bbox 597 722 814 758; x_wconf 79' lang='lat' dir='ltr'><strong>confringantur.</strong></span> 
     </span>
    </p>
   </div>
   <div class='ocr_carea' id='block_1_24' title="bbox 895 718 1643 763">
    <p class='ocr_par' dir='ltr' id='par_1_24' title="bbox 1086 718 1643 763">
     <span class='ocr_line' id='line_1_25' title="bbox 1086 718 1643 763; baseline -0.004 -7"><span class='ocrx_word' id='word_1_143' title='bbox 1086 718 1095 719; x_wconf 20' lang='grc' dir='ltr'>ί</span> <span class='ocrx_word' id='word_1_144' title='bbox 1119 729 1163 755; x_wconf 87' lang='grc'><strong>55.</strong></span> <span class='ocrx_word' id='word_1_145' title='bbox 1180 728 1234 755; x_wconf 75' lang='grc' dir='ltr'><strong>Καὶ</strong></span> <span class='ocrx_word' id='word_1_146' title='bbox 1250 727 1285 754; x_wconf 77' lang='grc' dir='ltr'>τὰ</span> <span class='ocrx_word' id='word_1_147' title='bbox 1295 727 1358 759; x_wconf 79' lang='grc' dir='ltr'>τόξα</span> <span class='ocrx_word' id='word_1_148' title='bbox 1375 727 1465 754; x_wconf 83' lang='grc' dir='ltr'>αὐτῶν</span> <span class='ocrx_word' id='word_1_149' title='bbox 1479 726 1643 763; x_wconf 80' lang='grc' dir='ltr'>συντριϐείη-</span> 
     </span>
    </p>
   </div>
   <div class='ocr_carea' id='block_1_25' title="bbox 286 762 1034 810">
    <p class='ocr_par' dir='ltr' id='par_1_25' title="bbox 286 762 1034 807">
     <span class='ocr_line' id='line_1_26' title="bbox 286 762 1034 807; baseline 0.015 -18"><span class='ocrx_word' id='word_1_150' title='bbox 286 762 331 790; x_wconf 78' lang='grc'>54.</span> <span class='ocrx_word' id='word_1_151' title='bbox 349 763 443 792; x_wconf 82' lang='lat' dir='ltr'><strong>Melius</strong></span> <span class='ocrx_word' id='word_1_152' title='bbox 456 770 497 793; x_wconf 87' lang='lat' dir='ltr'><strong>est</strong></span> <span class='ocrx_word' id='word_1_153' title='bbox 511 767 646 795; x_wconf 87' lang='lat' dir='ltr'><strong>modicum</strong></span> <span class='ocrx_word' id='word_1_154' title='bbox 656 768 741 803; x_wconf 85' lang='lat' dir='ltr'><strong>justo,</strong></span> <span class='ocrx_word' id='word_1_155' title='bbox 757 777 838 805; x_wconf 85' lang='lat' dir='ltr'><strong>super</strong></span> <span class='ocrx_word' id='word_1_156' title='bbox 853 770 963 799; x_wconf 91' lang='lat' dir='ltr'><strong>divitias</strong></span> <span class='ocrx_word' id='word_1_157' title='bbox 973 779 1034 807; x_wconf 89' lang='lat' dir='ltr'><strong>pec-</strong></span> 
     </span>
    </p>
   </div>
   <div class='ocr_carea' id='block_1_26' title="bbox 1116 762 1864 810">
    <p class='ocr_par' dir='ltr' id='par_1_26' title="bbox 1119 772 1864 810">
     <span class='ocr_line' id='line_1_27' title="bbox 1119 772 1864 810; baseline -0.005 -8"><span class='ocrx_word' id='word_1_158' title='bbox 1119 775 1163 802; x_wconf 72' lang='grc'><strong>51.</strong></span> <span class='ocrx_word' id='word_1_159' title='bbox 1179 775 1313 810; x_wconf 84' lang='grc' dir='ltr'>Κρεῐσσον</span> <span class='ocrx_word' id='word_1_160' title='bbox 1322 773 1410 808; x_wconf 83' lang='grc' dir='ltr'>ὀλίγον</span> <span class='ocrx_word' id='word_1_161' title='bbox 1417 772 1457 808; x_wconf 82' lang='grc' dir='ltr'>τῷ</span> <span class='ocrx_word' id='word_1_162' title='bbox 1466 773 1561 808; x_wconf 82' lang='grc' dir='ltr'>δικαίῳ</span> <span class='ocrx_word' id='word_1_163' title='bbox 1576 772 1646 808; x_wconf 81' lang='grc' dir='ltr'>ὑπὲρ</span> <span class='ocrx_word' id='word_1_164' title='bbox 1655 772 1771 799; x_wconf 78' lang='grc' dir='ltr'>πλοῦτον</span> <span class='ocrx_word' id='word_1_165' title='bbox 1781 773 1864 808; x_wconf 84' lang='grc' dir='ltr'>ἁμαρ-</span> 
     </span>
    </p>
   </div>
   <div class='ocr_carea' id='block_1_27' title="bbox 252 811 1000 848">
    <p class='ocr_par' dir='ltr' id='par_1_27' title="bbox 252 811 510 839">
     <span class='ocr_line' id='line_1_28' title="bbox 252 811 510 839; baseline 0.016 -4"><span class='ocrx_word' id='word_1_166' title='bbox 252 812 374 836; x_wconf 82' lang='lat' dir='ltr'><strong>catorum</strong></span> <span class='ocrx_word' id='word_1_167' title='bbox 390 811 489 838; x_wconf 83' lang='lat' dir='ltr'><strong>multas</strong></span> <span class='ocrx_word' id='word_1_168' title='bbox 502 820 510 839; x_wconf 86' lang='lat'><strong>:</strong></span> 
     </span>
    </p>
   </div>
   <div class='ocr_carea' id='block_1_28' title="bbox 535 811 1283 848">
    <p class='ocr_par' dir='ltr' id='par_1_28' title="bbox 1084 820 1283 848">
     <span class='ocr_line' id='line_1_29' title="bbox 1084 820 1283 848; baseline -0.01 0"><span class='ocrx_word' id='word_1_169' title='bbox 1084 821 1177 848; x_wconf 80' lang='grc' dir='ltr'>τωλῶν</span> <span class='ocrx_word' id='word_1_170' title='bbox 1191 820 1283 847; x_wconf 81' lang='grc' dir='ltr'>πολύν.</span> 
     </span>
    </p>
   </div>
   <div class='ocr_carea' id='block_1_29' title="bbox 287 853 1035 901">
    <p class='ocr_par' dir='ltr' id='par_1_29' title="bbox 287 853 998 895">
     <span class='ocr_line' id='line_1_30' title="bbox 287 853 998 895; baseline 0.014 -15"><span class='ocrx_word' id='word_1_171' title='bbox 287 853 331 881; x_wconf 83' lang='lat'><strong>55.</strong></span> <span class='ocrx_word' id='word_1_172' title='bbox 348 854 483 888; x_wconf 81' lang='lat' dir='ltr'><strong>Quoniam</strong></span> <span class='ocrx_word' id='word_1_173' title='bbox 498 857 610 887; x_wconf 85' lang='lat' dir='ltr'><strong>brachia</strong></span> <span class='ocrx_word' id='word_1_174' title='bbox 622 867 797 895; x_wconf 71' lang='lat' dir='ltr'><strong>peccatorum</strong></span> <span class='ocrx_word' id='word_1_175' title='bbox 813 866 998 890; x_wconf 85' lang='lat' dir='ltr'><strong>conterentur.</strong></span> 
     </span>
    </p>
   </div>
   <div class='ocr_carea' id='block_1_30' title="bbox 1083 853 1831 901">
    <p class='ocr_par' dir='ltr' id='par_1_30' title="bbox 1121 864 1831 901">
     <span class='ocr_line' id='line_1_31' title="bbox 1121 864 1831 901; baseline -0.003 -8"><span class='ocrx_word' id='word_1_176' title='bbox 1121 867 1165 894; x_wconf 79' lang='grc'><strong>55.</strong></span> <span class='ocrx_word' id='word_1_177' title='bbox 1181 867 1242 892; x_wconf 85' lang='grc' dir='ltr'>Ὅτι</span> <span class='ocrx_word' id='word_1_178' title='bbox 1259 865 1399 901; x_wconf 76' lang='grc' dir='ltr'>βραχίονες</span> <span class='ocrx_word' id='word_1_179' title='bbox 1408 865 1577 901; x_wconf 78' lang='grc' dir='ltr'>ἁμαρτωλῶν</span> <span class='ocrx_word' id='word_1_180' title='bbox 1594 864 1831 901; x_wconf 76' lang='grc' dir='ltr'>συντριϐήσονται·</span> 
     </span>
    </p>
   </div>
   <div class='ocr_carea' id='block_1_31' title="bbox 289 899 1037 946">
    <p class='ocr_par' dir='ltr' id='par_1_31' title="bbox 289 899 857 940">
     <span class='ocr_line' id='line_1_32' title="bbox 289 899 857 940; baseline 0.016 -14"><span class='ocrx_word' id='word_1_181' title='bbox 289 899 332 927; x_wconf 85' lang='grc'><strong>56.</strong></span> <span class='ocrx_word' id='word_1_182' title='bbox 349 901 496 930; x_wconf 79' lang='lat' dir='ltr'><strong>Continuat</strong></span> <span class='ocrx_word' id='word_1_183' title='bbox 508 909 597 932; x_wconf 88' lang='lat' dir='ltr'><strong>autem</strong></span> <span class='ocrx_word' id='word_1_184' title='bbox 611 906 700 940; x_wconf 87' lang='lat' dir='ltr'><strong>justos</strong></span> <span class='ocrx_word' id='word_1_185' title='bbox 716 907 857 935; x_wconf 85' lang='lat' dir='ltr'><strong>Dominus.</strong></span> 
     </span>
    </p>
   </div>
   <div class='ocr_carea' id='block_1_32' title="bbox 1038 899 1786 946">
    <p class='ocr_par' dir='ltr' id='par_1_32' title="bbox 1051 899 1786 946">
     <span class='ocr_line' id='line_1_33' title="bbox 1051 899 1786 946; baseline 0 -8"><span class='ocrx_word' id='word_1_186' title='bbox 1051 901 1072 929; x_wconf 71' lang='grc' dir='ltr'><strong>Β</strong></span> <span class='ocrx_word' id='word_1_187' title='bbox 1121 912 1166 939; x_wconf 83' lang='grc'>56.</span> <span class='ocrx_word' id='word_1_188' title='bbox 1186 899 1375 946; x_wconf 71' lang='grc' dir='ltr'>Ὑποστηρίζει</span> <span class='ocrx_word' id='word_1_189' title='bbox 1390 910 1419 937; x_wconf 83' lang='grc' dir='ltr'>δὲ</span> <span class='ocrx_word' id='word_1_190' title='bbox 1430 899 1497 942; x_wconf 55' lang='grc' dir='ltr'>τοὺς</span> <span class='ocrx_word' id='word_1_191' title='bbox 1511 911 1632 942; x_wconf 75' lang='grc' dir='ltr'>δικαίους</span> <span class='ocrx_word' id='word_1_192' title='bbox 1646 899 1786 946; x_wconf 50' lang='lat' dir='ltr'><strong>exciam.</strong></span> 
     </span>
    </p>
   </div>
   <div class='ocr_carea' id='block_1_33' title="bbox 288 945 1036 993">
    <p class='ocr_par' dir='ltr' id='par_1_33' title="bbox 288 945 920 981">
     <span class='ocr_line' id='line_1_34' title="bbox 288 945 920 981; baseline 0.016 -10"><span class='ocrx_word' id='word_1_193' title='bbox 288 946 332 973; x_wconf 83' lang='lat'><strong>57.</strong></span> <span class='ocrx_word' id='word_1_194' title='bbox 350 945 430 975; x_wconf 87' lang='lat' dir='ltr'><strong>Novit</strong></span> <span class='ocrx_word' id='word_1_195' title='bbox 443 948 573 978; x_wconf 87' lang='lat' dir='ltr'><strong>Dominus</strong></span> <span class='ocrx_word' id='word_1_196' title='bbox 585 952 643 979; x_wconf 85' lang='lat' dir='ltr'><strong>vias</strong></span> <span class='ocrx_word' id='word_1_197' title='bbox 659 952 896 980; x_wconf 86' lang='lat' dir='ltr'><strong>immaculatorum</strong></span> <span class='ocrx_word' id='word_1_198' title='bbox 912 962 920 981; x_wconf 88' lang='lat'><strong>:</strong></span> 
     </span>
    </p>
   </div>
   <div class='ocr_carea' id='block_1_34' title="bbox 1067 945 1815 993">
    <p class='ocr_par' dir='ltr' id='par_1_34' title="bbox 1122 945 1815 993">
     <span class='ocr_line' id='line_1_35' title="bbox 1122 945 1815 993; baseline 0 -8"><span class='ocrx_word' id='word_1_199' title='bbox 1122 959 1166 985; x_wconf 88' lang='lat'><strong>57.</strong></span> <span class='ocrx_word' id='word_1_200' title='bbox 1185 945 1314 984; x_wconf 77' lang='grc' dir='ltr'>Γινώσκει</span> <span class='ocrx_word' id='word_1_201' title='bbox 1329 957 1432 992; x_wconf 84' lang='grc' dir='ltr'>Κύριος</span> <span class='ocrx_word' id='word_1_202' title='bbox 1446 957 1497 989; x_wconf 84' lang='grc' dir='ltr'><strong>τὰς</strong></span> <span class='ocrx_word' id='word_1_203' title='bbox 1513 958 1590 990; x_wconf 82' lang='grc' dir='ltr'>ὀδοὺς</span> <span class='ocrx_word' id='word_1_204' title='bbox 1604 957 1660 984; x_wconf 84' lang='grc' dir='ltr'><strong>τῶν</strong></span> <span class='ocrx_word' id='word_1_205' title='bbox 1676 945 1815 993; x_wconf 70' lang='grc' dir='ltr'>ἀμῶμων·</span> 
     </span>
    </p>
   </div>
   <div class='ocr_carea' id='block_1_35' title="bbox 285 991 1033 1038">
    <p class='ocr_par' dir='ltr' id='par_1_35' title="bbox 285 991 906 1038">
     <span class='ocr_line' id='line_1_36' title="bbox 285 991 906 1038; baseline 0.014 -20"><span class='ocrx_word' id='word_1_206' title='bbox 285 991 329 1019; x_wconf 83' lang='grc'><strong>58.</strong></span> <span class='ocrx_word' id='word_1_207' title='bbox 345 991 378 1038; x_wconf 65' lang='lat' dir='ltr'><strong>iit</strong></span> <span class='ocrx_word' id='word_1_208' title='bbox 392 993 534 1024; x_wconf 58' lang='lat' dir='ltr'><strong>hatreditas</strong></span> <span class='ocrx_word' id='word_1_209' title='bbox 551 1004 646 1024; x_wconf 85' lang='lat' dir='ltr'><strong>eorum</strong></span> <span class='ocrx_word' id='word_1_210' title='bbox 659 998 686 1025; x_wconf 91' lang='lat' dir='ltr'><strong>in</strong></span> <span class='ocrx_word' id='word_1_211' title='bbox 700 1003 829 1026; x_wconf 79' lang='lat' dir='ltr'><strong>aeternum</strong></span> <span class='ocrx_word' id='word_1_212' title='bbox 843 999 906 1026; x_wconf 88' lang='lat' dir='ltr'><strong>erit.</strong></span> 
     </span>
    </p>
   </div>
   <div class='ocr_carea' id='block_1_36' title="bbox 1114 991 1862 1038">
    <p class='ocr_par' dir='ltr' id='par_1_36' title="bbox 1122 991 1862 1038">
     <span class='ocr_line' id='line_1_37' title="bbox 1122 991 1862 1038; baseline 0.003 -10"><span class='ocrx_word' id='word_1_213' title='bbox 1122 1003 1165 1029; x_wconf 88' lang='lat'><strong>58.</strong></span> <span class='ocrx_word' id='word_1_214' title='bbox 1182 1003 1238 1028; x_wconf 81' lang='grc' dir='ltr'><strong>Καὶ</strong></span> <span class='ocrx_word' id='word_1_215' title='bbox 1254 1003 1270 1038; x_wconf 90' lang='grc' dir='ltr'><strong>ή</strong></span> <span class='ocrx_word' id='word_1_216' title='bbox 1285 991 1450 1038; x_wconf 81' lang='grc' dir='ltr'>κληρονομία</span> <span class='ocrx_word' id='word_1_217' title='bbox 1465 1003 1554 1030; x_wconf 83' lang='grc' dir='ltr'>αὐτῶν</span> <span class='ocrx_word' id='word_1_218' title='bbox 1570 1004 1610 1035; x_wconf 82' lang='grc' dir='ltr'><strong>είς</strong></span> <span class='ocrx_word' id='word_1_219' title='bbox 1624 1003 1670 1030; x_wconf 84' lang='grc' dir='ltr'><strong>τδν</strong></span> <span class='ocrx_word' id='word_1_220' title='bbox 1681 991 1770 1030; x_wconf 74' lang='grc' dir='ltr'>αἰῶνα</span> <span class='ocrx_word' id='word_1_221' title='bbox 1785 1004 1862 1030; x_wconf 77' lang='grc' dir='ltr'>ἔσται.</span> 
     </span>
    </p>
   </div>
   <div class='ocr_carea' id='block_1_37' title="bbox 285 1036 1033 1085">
    <p class='ocr_par' dir='ltr' id='par_1_37' title="bbox 285 1036 900 1085">
     <span class='ocr_line' id='line_1_38' title="bbox 285 1036 900 1085; baseline 0.016 -22"><span class='ocrx_word' id='word_1_222' title='bbox 285 1036 332 1085; x_wconf 70' lang='lat'><strong>59.</strong></span> <span class='ocrx_word' id='word_1_223' title='bbox 348 1036 406 1065; x_wconf 91' lang='lat' dir='ltr'><strong>Non</strong></span> <span class='ocrx_word' id='word_1_224' title='bbox 421 1040 622 1070; x_wconf 76' lang='lat' dir='ltr'><strong>confundantur</strong></span> <span class='ocrx_word' id='word_1_225' title='bbox 634 1044 660 1071; x_wconf 93' lang='lat' dir='ltr'><strong>in</strong></span> <span class='ocrx_word' id='word_1_226' title='bbox 675 1049 794 1080; x_wconf 85' lang='lat' dir='ltr'><strong>tempore</strong></span> <span class='ocrx_word' id='word_1_227' title='bbox 808 1045 900 1073; x_wconf 86' lang='lat' dir='ltr'><strong>malo:</strong></span> 
     </span>
    </p>
   </div>
   <div class='ocr_carea' id='block_1_38' title="bbox 1052 1036 1800 1085">
    <p class='ocr_par' dir='ltr' id='par_1_38' title="bbox 1123 1036 1800 1085">
     <span class='ocr_line' id='line_1_39' title="bbox 1123 1036 1800 1085; baseline 0.003 -11"><span class='ocrx_word' id='word_1_228' title='bbox 1123 1048 1166 1075; x_wconf 89' lang='lat'><strong>59.</strong></span> <span class='ocrx_word' id='word_1_229' title='bbox 1181 1049 1218 1074; x_wconf 82' lang='grc' dir='ltr'><strong>Οὺ</strong></span> <span class='ocrx_word' id='word_1_230' title='bbox 1238 1036 1514 1083; x_wconf 49' lang='grc' dir='ltr'>καταιήυώῆσονται</span> <span class='ocrx_word' id='word_1_231' title='bbox 1529 1049 1558 1075; x_wconf 83' lang='grc' dir='ltr'>ὲν</span> <span class='ocrx_word' id='word_1_232' title='bbox 1573 1048 1661 1085; x_wconf 84' lang='grc' dir='ltr'>καιρῷ</span> <span class='ocrx_word' id='word_1_233' title='bbox 1671 1049 1800 1085; x_wconf 81' lang='grc' dir='ltr'>πονηρῷ·</span> 
     </span>
    </p>
   </div>
   <div class='ocr_carea' id='block_1_39' title="bbox 287 1081 1035 1131">
    <p class='ocr_par' dir='ltr' id='par_1_39' title="bbox 287 1081 850 1119">
     <span class='ocr_line' id='line_1_40' title="bbox 287 1081 850 1119; baseline 0.018 -10"><span class='ocrx_word' id='word_1_234' title='bbox 287 1081 332 1110; x_wconf 79' lang='grc'>10.</span> <span class='ocrx_word' id='word_1_235' title='bbox 348 1082 382 1111; x_wconf 89' lang='grc' dir='ltr'><strong>Ει</strong></span> <span class='ocrx_word' id='word_1_236' title='bbox 398 1085 424 1112; x_wconf 89' lang='lat' dir='ltr'><strong>in</strong></span> <span class='ocrx_word' id='word_1_237' title='bbox 441 1086 537 1114; x_wconf 83' lang='lat' dir='ltr'><strong>diebus</strong></span> <span class='ocrx_word' id='word_1_238' title='bbox 550 1087 629 1116; x_wconf 79' lang='lat' dir='ltr'><strong>famis</strong></span> <span class='ocrx_word' id='word_1_239' title='bbox 643 1091 850 1119; x_wconf 85' lang='lat' dir='ltr'><strong>saturahuntur.</strong></span> 
     </span>
    </p>
   </div>
   <div class='ocr_carea' id='block_1_40' title="bbox 1021 1081 1769 1131">
    <p class='ocr_par' dir='ltr' id='par_1_40' title="bbox 1124 1081 1769 1131">
     <span class='ocr_line' id='line_1_41' title="bbox 1124 1081 1769 1131; baseline 0.002 -10"><span class='ocrx_word' id='word_1_240' title='bbox 1124 1094 1168 1121; x_wconf 73' lang='grc'><strong>40.</strong></span> <span class='ocrx_word' id='word_1_241' title='bbox 1186 1095 1241 1121; x_wconf 70' lang='grc' dir='ltr'>Καὶ</span> <span class='ocrx_word' id='word_1_242' title='bbox 1258 1095 1286 1121; x_wconf 83' lang='grc' dir='ltr'>ὲν</span> <span class='ocrx_word' id='word_1_243' title='bbox 1301 1081 1420 1130; x_wconf 67' lang='grc' dir='ltr'>ἡμέραις</span> <span class='ocrx_word' id='word_1_244' title='bbox 1433 1094 1512 1129; x_wconf 82' lang='grc' dir='ltr'>λιμοῦ</span> <span class='ocrx_word' id='word_1_245' title='bbox 1526 1081 1769 1131; x_wconf 49' lang='grc' dir='ltr'>χορτασϐίήσοντα-ι.</span> 
     </span>
    </p>
   </div>
   <div class='ocr_carea' id='block_1_41' title="bbox 274 1128 1022 1176">
    <p class='ocr_par' dir='ltr' id='par_1_41' title="bbox 274 1128 752 1176">
     <span class='ocr_line' id='line_1_42' title="bbox 274 1128 752 1176; baseline 0.021 -22"><span class='ocrx_word' id='word_1_246' title='bbox 348 1129 416 1176; x_wconf 77' lang='lat' dir='ltr'><strong>Quia</strong></span> <span class='ocrx_word' id='word_1_247' title='bbox 431 1138 589 1166; x_wconf 82' lang='lat' dir='ltr'><strong>peccatores</strong></span> <span class='ocrx_word' id='word_1_248' title='bbox 606 1136 752 1169; x_wconf 87' lang='lat' dir='ltr'><strong>peribunt:</strong></span> 
     </span>
    </p>
   </div>
   <div class='ocr_carea' id='block_1_42' title="bbox 888 1128 1636 1176">
    <p class='ocr_par' dir='ltr' id='par_1_42' title="bbox 1123 1128 1636 1176">
     <span class='ocr_line' id='line_1_43' title="bbox 1123 1128 1636 1176; baseline 0 -10"><span class='ocrx_word' id='word_1_249' title='bbox 1123 1140 1166 1166; x_wconf 70' lang='grc'>41.</span> <span class='ocrx_word' id='word_1_250' title='bbox 1183 1140 1243 1166; x_wconf 85' lang='grc' dir='ltr'><strong>Ὅτι</strong></span> <span class='ocrx_word' id='word_1_251' title='bbox 1254 1140 1278 1166; x_wconf 71' lang='grc' dir='ltr'>οἱ</span> <span class='ocrx_word' id='word_1_252' title='bbox 1291 1128 1446 1176; x_wconf 68' lang='grc' dir='ltr'>ἁμαρτωλοὶ</span> <span class='ocrx_word' id='word_1_253' title='bbox 1458 1128 1636 1167; x_wconf 68' lang='grc' dir='ltr'>ἀπολοῦνται·</span> 
     </span>
    </p>
   </div>
   <div class='ocr_carea' id='block_1_43' title="bbox 289 1175 1037 1224">
    <p class='ocr_par' dir='ltr' id='par_1_43' title="bbox 289 1175 1035 1211">
     <span class='ocr_line' id='line_1_44' title="bbox 289 1175 1035 1211; baseline 0.012 -9"><span class='ocrx_word' id='word_1_254' title='bbox 289 1175 334 1202; x_wconf 74' lang='grc'>42.</span> <span class='ocrx_word' id='word_1_255' title='bbox 352 1175 456 1205; x_wconf 89' lang='lat' dir='ltr'><strong>Inimici</strong></span> <span class='ocrx_word' id='word_1_256' title='bbox 471 1186 536 1206; x_wconf 85' lang='lat' dir='ltr'><strong>vero</strong></span> <span class='ocrx_word' id='word_1_257' title='bbox 547 1179 655 1208; x_wconf 86' lang='lat' dir='ltr'><strong>Domini</strong></span> <span class='ocrx_word' id='word_1_258' title='bbox 671 1190 734 1210; x_wconf 86' lang='lat' dir='ltr'><strong>mox</strong></span> <span class='ocrx_word' id='word_1_259' title='bbox 747 1187 776 1210; x_wconf 91' lang='lat' dir='ltr'><strong>ut</strong></span> <span class='ocrx_word' id='word_1_260' title='bbox 790 1183 960 1211; x_wconf 81' lang='lat' dir='ltr'><strong>honoriﬁcati</strong></span> <span class='ocrx_word' id='word_1_261' title='bbox 976 1182 1035 1210; x_wconf 80' lang='lat' dir='ltr'><strong>fue-</strong></span> 
     </span>
    </p>
   </div>
   <div class='ocr_carea' id='block_1_44' title="bbox 1116 1175 1864 1224">
    <p class='ocr_par' dir='ltr' id='par_1_44' title="bbox 1122 1185 1864 1224">
     <span class='ocr_line' id='line_1_45' title="bbox 1122 1185 1864 1224; baseline 0.004 -12"><span class='ocrx_word' id='word_1_262' title='bbox 1122 1186 1166 1213; x_wconf 68' lang='grc'>42.</span> <span class='ocrx_word' id='word_1_263' title='bbox 1185 1187 1216 1213; x_wconf 86' lang='grc' dir='ltr'><strong>Οἱ</strong></span> <span class='ocrx_word' id='word_1_264' title='bbox 1233 1185 1261 1212; x_wconf 84' lang='grc' dir='ltr'>δὲ</span> <span class='ocrx_word' id='word_1_265' title='bbox 1275 1185 1366 1222; x_wconf 68' lang='grc' dir='ltr'>ἐχθροὶ</span> <span class='ocrx_word' id='word_1_266' title='bbox 1380 1185 1426 1212; x_wconf 81' lang='grc' dir='ltr'>τοῦ</span> <span class='ocrx_word' id='word_1_267' title='bbox 1441 1186 1543 1221; x_wconf 82' lang='grc' dir='ltr'>Κυρίου</span> <span class='ocrx_word' id='word_1_268' title='bbox 1553 1206 1560 1218; x_wconf 86' lang='grc'><strong>,</strong></span> <span class='ocrx_word' id='word_1_269' title='bbox 1583 1187 1641 1222; x_wconf 79' lang='grc' dir='ltr'><strong>ἃμα</strong></span> <span class='ocrx_word' id='word_1_270' title='bbox 1656 1187 1695 1222; x_wconf 83' lang='grc' dir='ltr'><strong>τῷ</strong></span> <span class='ocrx_word' id='word_1_271' title='bbox 1711 1187 1864 1224; x_wconf 66' lang='grc' dir='ltr'>ὼξασθῆναι</span> 
     </span>
    </p>
   </div>
   <div class='ocr_carea' id='block_1_45' title="bbox 254 1220 1002 1268">
    <p class='ocr_par' dir='ltr' id='par_1_45' title="bbox 254 1220 550 1258">
     <span class='ocr_line' id='line_1_46' title="bbox 254 1220 550 1258; baseline 0.024 -12"><span class='ocrx_word' id='word_1_272' title='bbox 254 1220 308 1247; x_wconf 85' lang='lat' dir='ltr'><strong>rint</strong></span> <span class='ocrx_word' id='word_1_273' title='bbox 320 1221 370 1256; x_wconf 89' lang='lat' dir='ltr'><strong>ipsi</strong></span> <span class='ocrx_word' id='word_1_274' title='bbox 388 1228 415 1250; x_wconf 91' lang='lat' dir='ltr'><strong>et</strong></span> <span class='ocrx_word' id='word_1_275' title='bbox 429 1225 550 1258; x_wconf 79' lang='lat' dir='ltr'><strong>exaltati,</strong></span> 
     </span>
    </p>
   </div>
   <div class='ocr_carea' id='block_1_46' title="bbox 667 1220 1415 1268">
    <p class='ocr_par' dir='ltr' id='par_1_46' title="bbox 1089 1220 1415 1268">
     <span class='ocr_line' id='line_1_47' title="bbox 1089 1220 1415 1268; baseline 0 -10"><span class='ocrx_word' id='word_1_276' title='bbox 1089 1233 1187 1264; x_wconf 76' lang='grc' dir='ltr'>αὐτοὺς</span> <span class='ocrx_word' id='word_1_277' title='bbox 1199 1232 1246 1258; x_wconf 78' lang='grc' dir='ltr'>καὶ</span> <span class='ocrx_word' id='word_1_278' title='bbox 1260 1220 1398 1268; x_wconf 58' lang='grc' dir='ltr'>ὑψωθῆναι</span> <span class='ocrx_word' id='word_1_279' title='bbox 1409 1253 1415 1264; x_wconf 82' lang='grc'><strong>,</strong></span> 
     </span>
    </p>
   </div>
   <div class='ocr_carea' id='block_1_47' title="bbox 289 1267 1037 1311">
    <p class='ocr_par' dir='ltr' id='par_1_47' title="bbox 289 1267 1012 1307">
     <span class='ocr_line' id='line_1_48' title="bbox 289 1267 1012 1307; baseline 0.015 -14"><span class='ocrx_word' id='word_1_280' title='bbox 289 1267 332 1295; x_wconf 75' lang='grc'>45.</span> <span class='ocrx_word' id='word_1_281' title='bbox 348 1268 506 1299; x_wconf 82' lang='lat' dir='ltr'><strong>Deﬁcientes</strong></span> <span class='ocrx_word' id='word_1_282' title='bbox 523 1274 750 1307; x_wconf 85' lang='lat' dir='ltr'><strong>quemadmodum</strong></span> <span class='ocrx_word' id='word_1_283' title='bbox 767 1279 861 1304; x_wconf 83' lang='lat' dir='ltr'><strong>turnus</strong></span> <span class='ocrx_word' id='word_1_284' title='bbox 876 1276 1012 1304; x_wconf 75' lang='lat' dir='ltr'><strong>deficient.</strong></span> 
     </span>
    </p>
   </div>
   <div class='ocr_carea' id='block_1_48' title="bbox 983 1267 1731 1311">
    <p class='ocr_par' dir='ltr' id='par_1_48' title="bbox 983 1277 1731 1311">
     <span class='ocr_line' id='line_1_49' title="bbox 983 1277 1731 1311; baseline 0.004 -8"><span class='ocrx_word' id='word_1_285' title='bbox 983 1280 1012 1303; x_wconf 87' lang='lat' dir='ltr'><strong>it.</strong></span> <span class='ocrx_word' id='word_1_286' title='bbox 1123 1278 1168 1304; x_wconf 71' lang='lat'><strong>45.</strong></span> <span class='ocrx_word' id='word_1_287' title='bbox 1194 1277 1378 1310; x_wconf 80' lang='grc' dir='ltr'>Ἑκλείποντες</span> <span class='ocrx_word' id='word_1_288' title='bbox 1397 1278 1463 1305; x_wconf 76' lang='grc' dir='ltr'>ὡσεὶ</span> <span class='ocrx_word' id='word_1_289' title='bbox 1477 1279 1580 1311; x_wconf 78' lang='grc' dir='ltr'>καπνὸς</span> <span class='ocrx_word' id='word_1_290' title='bbox 1598 1279 1731 1311; x_wconf 78' lang='grc' dir='ltr'>ἐξέλιπον.</span> 
     </span>
    </p>
   </div>
   <div class='ocr_carea' id='block_1_49' title="bbox 288 1313 1036 1360">
    <p class='ocr_par' dir='ltr' id='par_1_49' title="bbox 288 1313 861 1354">
     <span class='ocr_line' id='line_1_50' title="bbox 288 1313 861 1354; baseline 0.019 -15"><span class='ocrx_word' id='word_1_291' title='bbox 288 1313 333 1340; x_wconf 65' lang='grc' dir='ltr'>Μ.</span> <span class='ocrx_word' id='word_1_292' title='bbox 350 1315 488 1343; x_wconf 84' lang='lat' dir='ltr'><strong>Mutuatur</strong></span> <span class='ocrx_word' id='word_1_293' title='bbox 501 1325 636 1354; x_wconf 84' lang='lat' dir='ltr'><strong>peccator,</strong></span> <span class='ocrx_word' id='word_1_294' title='bbox 650 1326 677 1348; x_wconf 88' lang='lat' dir='ltr'><strong>et</strong></span> <span class='ocrx_word' id='word_1_295' title='bbox 690 1329 743 1348; x_wconf 91' lang='lat' dir='ltr'><strong>non</strong></span> <span class='ocrx_word' id='word_1_296' title='bbox 756 1323 841 1349; x_wconf 88' lang='lat' dir='ltr'><strong>solvet</strong></span> <span class='ocrx_word' id='word_1_297' title='bbox 855 1331 861 1349; x_wconf 86' lang='lat'><strong>:</strong></span> 
     </span>
    </p>
   </div>
   <div class='ocr_carea' id='block_1_50' title="bbox 1071 1313 1819 1360">
    <p class='ocr_par' dir='ltr' id='par_1_50' title="bbox 1125 1323 1819 1360">
     <span class='ocr_line' id='line_1_51' title="bbox 1125 1323 1819 1360; baseline 0.006 -10"><span class='ocrx_word' id='word_1_298' title='bbox 1125 1323 1168 1350; x_wconf 66' lang='grc'><strong>44.</strong></span> <span class='ocrx_word' id='word_1_299' title='bbox 1183 1323 1336 1356; x_wconf 85' lang='grc' dir='ltr'>Δανείζεται</span> <span class='ocrx_word' id='word_1_300' title='bbox 1346 1325 1360 1351; x_wconf 86' lang='grc' dir='ltr'><strong>ό</strong></span> <span class='ocrx_word' id='word_1_301' title='bbox 1373 1324 1542 1360; x_wconf 80' lang='grc' dir='ltr'>ἁμαρτωλὸς,</span> <span class='ocrx_word' id='word_1_302' title='bbox 1555 1326 1601 1352; x_wconf 73' lang='grc' dir='ltr'>καὶ</span> <span class='ocrx_word' id='word_1_303' title='bbox 1614 1326 1663 1353; x_wconf 84' lang='grc' dir='ltr'>οὐκ</span> <span class='ocrx_word' id='word_1_304' title='bbox 1677 1327 1819 1354; x_wconf 67' lang='grc' dir='ltr'>ἀποτίσει·</span> 
     </span>
    </p>
   </div>
   <div class='ocr_carea' id='block_1_51' title="bbox 289 1359 1037 1408">
    <p class='ocr_par' dir='ltr' id='par_1_51' title="bbox 289 1359 881 1399">
     <span class='ocr_line' id='line_1_52' title="bbox 289 1359 881 1399; baseline 0.019 -14"><span class='ocrx_word' id='word_1_305' title='bbox 289 1359 334 1385; x_wconf 71' lang='grc'>45.</span> <span class='ocrx_word' id='word_1_306' title='bbox 351 1359 444 1389; x_wconf 81' lang='lat' dir='ltr'><strong>Justus</strong></span> <span class='ocrx_word' id='word_1_307' title='bbox 457 1368 547 1391; x_wconf 89' lang='lat' dir='ltr'><strong>autem</strong></span> <span class='ocrx_word' id='word_1_308' title='bbox 564 1366 719 1399; x_wconf 77' lang='lat' dir='ltr'><strong>miseretur,</strong></span> <span class='ocrx_word' id='word_1_309' title='bbox 731 1372 757 1394; x_wconf 88' lang='lat' dir='ltr'><strong>et</strong></span> <span class='ocrx_word' id='word_1_310' title='bbox 772 1368 881 1397; x_wconf 87' lang='lat' dir='ltr'><strong>tribuet.</strong></span> 
     </span>
    </p>
   </div>
   <div class='ocr_carea' id='block_1_52' title="bbox 981 1359 1729 1408">
    <p class='ocr_par' dir='ltr' id='par_1_52' title="bbox 1124 1359 1729 1408">
     <span class='ocr_line' id='line_1_53' title="bbox 1124 1359 1729 1408; baseline 0.007 -12"><span class='ocrx_word' id='word_1_311' title='bbox 1124 1370 1170 1397; x_wconf 71' lang='grc'>45.</span> <span class='ocrx_word' id='word_1_312' title='bbox 1195 1370 1224 1396; x_wconf 85' lang='lat' dir='ltr'><strong>‘O</strong></span> <span class='ocrx_word' id='word_1_313' title='bbox 1236 1370 1264 1396; x_wconf 82' lang='grc' dir='ltr'>δὲ</span> <span class='ocrx_word' id='word_1_314' title='bbox 1279 1369 1382 1402; x_wconf 86' lang='grc' dir='ltr'>δίκαιος</span> <span class='ocrx_word' id='word_1_315' title='bbox 1392 1359 1532 1408; x_wconf 75' lang='grc' dir='ltr'>οίκτείρει,</span> <span class='ocrx_word' id='word_1_316' title='bbox 1547 1371 1595 1398; x_wconf 77' lang='grc' dir='ltr'>καὶ</span> <span class='ocrx_word' id='word_1_317' title='bbox 1613 1372 1729 1400; x_wconf 84' lang='grc' dir='ltr'>δίδωσιν.</span> 
     </span>
    </p>
   </div>
   <div class='ocr_carea' id='block_1_53' title="bbox 811 1434 1311 1466">
    <p class='ocr_par' dir='ltr' id='par_1_53' title="bbox 811 1434 1311 1466">
     <span class='ocr_line' id='line_1_54' title="bbox 811 1434 1311 1466; baseline 0.008 -5"><span class='ocrx_word' id='word_1_318' title='bbox 811 1434 999 1464; x_wconf 77' lang='lat' dir='ltr'><strong>ATHANASII</strong></span> <span class='ocrx_word' id='word_1_319' title='bbox 1019 1436 1311 1466; x_wconf 73' lang='lat' dir='ltr'><strong>INTERPRETATIO.</strong></span> 
     </span>
    </p>
   </div>
   <div class='ocr_carea' id='block_1_54' title="bbox 290 1487 1038 1532">
    <p class='ocr_par' dir='ltr' id='par_1_54' title="bbox 290 1487 1006 1525">
     <span class='ocr_line' id='line_1_55' title="bbox 290 1487 1006 1525; baseline 0.01 -11"><span class='ocrx_word' id='word_1_320' title='bbox 290 1487 336 1514; x_wconf 73' lang='grc'>24.</span> <span class='ocrx_word' id='word_1_321' title='bbox 351 1487 482 1517; x_wconf 87' lang='lat' dir='ltr'><strong>Diabolus</strong></span> <span class='ocrx_word' id='word_1_322' title='bbox 497 1493 523 1517; x_wconf 88' lang='lat' dir='ltr'><strong>et</strong></span> <span class='ocrx_word' id='word_1_323' title='bbox 537 1489 597 1525; x_wconf 78' lang='lat' dir='ltr'><strong>ejus</strong></span> <span class='ocrx_word' id='word_1_324' title='bbox 611 1491 730 1519; x_wconf 87' lang='lat' dir='ltr'><strong>ministri</strong></span> <span class='ocrx_word' id='word_1_325' title='bbox 748 1492 893 1521; x_wconf 85' lang='lat' dir='ltr'><strong>observant</strong></span> <span class='ocrx_word' id='word_1_326' title='bbox 904 1493 1006 1523; x_wconf 82' lang='lat' dir='ltr'><strong>ﬁdeles.</strong></span> 
     </span>
    </p>
   </div>
   <div class='ocr_carea' id='block_1_55' title="bbox 1118 1487 1866 1532">
    <p class='ocr_par' dir='ltr' id='par_1_55' title="bbox 1123 1495 1866 1532">
     <span class='ocr_line' id='line_1_56' title="bbox 1123 1495 1866 1532; baseline 0.005 -10"><span class='ocrx_word' id='word_1_327' title='bbox 1123 1496 1168 1523; x_wconf 70' lang='grc'>24.</span> <span class='ocrx_word' id='word_1_328' title='bbox 1187 1496 1218 1522; x_wconf 89' lang='lat'><strong>&#39;0</strong></span> <span class='ocrx_word' id='word_1_329' title='bbox 1232 1495 1353 1528; x_wconf 78' lang='grc' dir='ltr'>διάϐολος</span> <span class='ocrx_word' id='word_1_330' title='bbox 1369 1496 1415 1523; x_wconf 74' lang='grc' dir='ltr'>καὶ</span> <span class='ocrx_word' id='word_1_331' title='bbox 1436 1496 1461 1522; x_wconf 68' lang='lat' dir='ltr'><strong>oi</strong></span> <span class='ocrx_word' id='word_1_332' title='bbox 1479 1495 1562 1523; x_wconf 83' lang='grc' dir='ltr'>αὐτοῦ</span> <span class='ocrx_word' id='word_1_333' title='bbox 1579 1496 1800 1532; x_wconf 80' lang='grc' dir='ltr'>παρατηροῦνται</span> <span class='ocrx_word' id='word_1_334' title='bbox 1811 1499 1866 1531; x_wconf 75' lang='grc' dir='ltr'>τοὺς</span> 
     </span>
    </p>
   </div>
   <div class='ocr_carea' id='block_1_56' title="bbox 1090 1540 1212 1572">
    <p class='ocr_par' dir='ltr' id='par_1_56' title="bbox 1090 1540 1212 1572">
     <span class='ocr_line' id='line_1_57' title="bbox 1090 1540 1212 1572; baseline 0 -6"><span class='ocrx_word' id='word_1_335' title='bbox 1090 1540 1212 1572; x_wconf 85' lang='grc' dir='ltr'>πιστούς.</span> 
     </span>
    </p>
   </div>
   <div class='ocr_carea' id='block_1_57' title="bbox 291 1579 1039 1621">
    <p class='ocr_par' dir='ltr' id='par_1_57' title="bbox 291 1579 714 1617">
     <span class='ocr_line' id='line_1_58' title="bbox 291 1579 714 1617; baseline 0.007 -10"><span class='ocrx_word' id='word_1_336' title='bbox 291 1580 336 1607; x_wconf 78' lang='grc'><strong>25.</strong></span> <span class='ocrx_word' id='word_1_337' title='bbox 352 1579 481 1614; x_wconf 64' lang='lat' dir='ltr'><strong>Qumrens</strong></span> <span class='ocrx_word' id='word_1_338' title='bbox 491 1581 580 1616; x_wconf 88' lang='lat' dir='ltr'><strong>ipsum</strong></span> <span class='ocrx_word' id='word_1_339' title='bbox 592 1583 714 1617; x_wconf 86' lang='lat' dir='ltr'><strong>perdere.</strong></span> 
     </span>
    </p>
   </div>
   <div class='ocr_carea' id='block_1_58' title="bbox 784 1579 1532 1621">
    <p class='ocr_par' dir='ltr' id='par_1_58' title="bbox 1124 1585 1532 1621">
     <span class='ocr_line' id='line_1_59' title="bbox 1124 1585 1532 1621; baseline 0.002 -9"><span class='ocrx_word' id='word_1_340' title='bbox 1124 1585 1170 1613; x_wconf 83' lang='lat'><strong>25.</strong></span> <span class='ocrx_word' id='word_1_341' title='bbox 1185 1585 1277 1621; x_wconf 86' lang='grc' dir='ltr'>Ζητῶν</span> <span class='ocrx_word' id='word_1_342' title='bbox 1294 1585 1373 1612; x_wconf 79' lang='grc' dir='ltr'>αὐτὸν</span> <span class='ocrx_word' id='word_1_343' title='bbox 1386 1585 1532 1613; x_wconf 85' lang='grc' dir='ltr'>ἀναλῶσαι.</span> 
     </span>
    </p>
   </div>
   <div class='ocr_carea' id='block_1_59' title="bbox 291 1626 1039 1672">
    <p class='ocr_par' dir='ltr' id='par_1_59' title="bbox 291 1626 1038 1667">
     <span class='ocr_line' id='line_1_60' title="bbox 291 1626 1038 1667; baseline 0.011 -14"><span class='ocrx_word' id='word_1_344' title='bbox 291 1626 336 1654; x_wconf 76' lang='grc'>26.</span> <span class='ocrx_word' id='word_1_345' title='bbox 355 1626 422 1654; x_wconf 89' lang='lat' dir='ltr'><strong>Eum</strong></span> <span class='ocrx_word' id='word_1_346' title='bbox 449 1628 587 1656; x_wconf 86' lang='lat' dir='ltr'><strong>inﬁrmum</strong></span> <span class='ocrx_word' id='word_1_347' title='bbox 610 1630 745 1664; x_wconf 77' lang='lat' dir='ltr'><strong>ostendet;</strong></span> <span class='ocrx_word' id='word_1_348' title='bbox 757 1635 784 1659; x_wconf 92' lang='lat' dir='ltr'><strong>ct</strong></span> <span class='ocrx_word' id='word_1_349' title='bbox 798 1631 858 1667; x_wconf 75' lang='lat' dir='ltr'><strong>ejus</strong></span> <span class='ocrx_word' id='word_1_350' title='bbox 871 1631 1038 1660; x_wconf 79' lang='lat' dir='ltr'><strong>voluntatem</strong></span> 
     </span>
    </p>
   </div>
   <div class='ocr_carea' id='block_1_60' title="bbox 1118 1626 1866 1672">
    <p class='ocr_par' dir='ltr' id='par_1_60' title="bbox 1124 1631 1866 1672">
     <span class='ocr_line' id='line_1_61' title="bbox 1124 1631 1866 1672; baseline 0.007 -15"><span class='ocrx_word' id='word_1_351' title='bbox 1124 1631 1169 1657; x_wconf 82' lang='lat'><strong>26.</strong></span> <span class='ocrx_word' id='word_1_352' title='bbox 1192 1631 1302 1667; x_wconf 84' lang='grc' dir='ltr'>Ἀσθενῆ</span> <span class='ocrx_word' id='word_1_353' title='bbox 1320 1631 1402 1659; x_wconf 75' lang='grc' dir='ltr'>αὐτὸν</span> <span class='ocrx_word' id='word_1_354' title='bbox 1418 1631 1570 1666; x_wconf 77' lang='grc' dir='ltr'>ἀναδείξει,</span> <span class='ocrx_word' id='word_1_355' title='bbox 1588 1632 1627 1668; x_wconf 90' lang='grc'><strong>(1)</strong></span> <span class='ocrx_word' id='word_1_356' title='bbox 1647 1633 1692 1660; x_wconf 77' lang='grc' dir='ltr'><strong>καὶ</strong></span> <span class='ocrx_word' id='word_1_357' title='bbox 1709 1633 1761 1671; x_wconf 77' lang='grc' dir='ltr'>τὴν</span> <span class='ocrx_word' id='word_1_358' title='bbox 1778 1635 1866 1672; x_wconf 75' lang='grc' dir='ltr'>βουλὴν</span> 
     </span>
    </p>
   </div>
   <div class='ocr_carea' id='block_1_61' title="bbox 257 1672 1005 1713">
    <p class='ocr_par' dir='ltr' id='par_1_61' title="bbox 257 1672 467 1702">
     <span class='ocr_line' id='line_1_62' title="bbox 257 1672 467 1702; baseline 0.014 -3"><span class='ocrx_word' id='word_1_359' title='bbox 257 1672 360 1700; x_wconf 85' lang='lat' dir='ltr'><strong>irritam</strong></span> <span class='ocrx_word' id='word_1_360' title='bbox 377 1673 467 1702; x_wconf 80' lang='lat' dir='ltr'><strong>faciet.</strong></span> 
     </span>
    </p>
   </div>
   <div class='ocr_carea' id='block_1_62' title="bbox 595 1672 1343 1713">
    <p class='ocr_par' dir='ltr' id='par_1_62' title="bbox 1090 1677 1343 1713">
     <span class='ocr_line' id='line_1_63' title="bbox 1090 1677 1343 1713; baseline 0 -9"><span class='ocrx_word' id='word_1_361' title='bbox 1090 1677 1171 1705; x_wconf 78' lang='grc' dir='ltr'>αὑτοῦ</span> <span class='ocrx_word' id='word_1_362' title='bbox 1184 1677 1343 1713; x_wconf 77' lang='grc' dir='ltr'>ματαιὼσει.</span> 
     </span>
    </p>
   </div>
   <div class='ocr_carea' id='block_1_63' title="bbox 290 1721 1038 1760">
    <p class='ocr_par' dir='ltr' id='par_1_63' title="bbox 290 1721 662 1760">
     <span class='ocr_line' id='line_1_64' title="bbox 290 1721 662 1760; baseline 0.013 -13"><span class='ocrx_word' id='word_1_363' title='bbox 290 1721 335 1748; x_wconf 89' lang='lat'><strong>27.</strong></span> <span class='ocrx_word' id='word_1_364' title='bbox 354 1722 416 1749; x_wconf 87' lang='lat' dir='ltr'><strong>Dies</strong></span> <span class='ocrx_word' id='word_1_365' title='bbox 426 1723 577 1758; x_wconf 80' lang='lat' dir='ltr'><strong>punitionis</strong></span> <span class='ocrx_word' id='word_1_366' title='bbox 591 1724 662 1760; x_wconf 86' lang='lat' dir='ltr'><strong>ejus.</strong></span> 
     </span>
    </p>
   </div>
   <div class='ocr_carea' id='block_1_64' title="bbox 906 1721 1654 1760">
    <p class='ocr_par' dir='ltr' id='par_1_64' title="bbox 1125 1722 1654 1759">
     <span class='ocr_line' id='line_1_65' title="bbox 1125 1722 1654 1759; baseline 0.002 -9"><span class='ocrx_word' id='word_1_367' title='bbox 1125 1723 1171 1750; x_wconf 87' lang='grc'><strong>27.</strong></span> <span class='ocrx_word' id='word_1_368' title='bbox 1195 1724 1227 1750; x_wconf 83' lang='grc' dir='ltr'><strong><em>Ἠ</em></strong></span> <span class='ocrx_word' id='word_1_369' title='bbox 1245 1723 1336 1759; x_wconf 80' lang='grc' dir='ltr'>ἡμέρα</span> <span class='ocrx_word' id='word_1_370' title='bbox 1349 1724 1399 1758; x_wconf 85' lang='grc' dir='ltr'>τῆς</span> <span class='ocrx_word' id='word_1_371' title='bbox 1412 1723 1549 1755; x_wconf 83' lang='grc' dir='ltr'>κολάσεως</span> <span class='ocrx_word' id='word_1_372' title='bbox 1563 1722 1654 1752; x_wconf 77' lang='grc' dir='ltr'>αὑτοῦ.</span> 
     </span>
    </p>
   </div>
   <div class='ocr_carea' id='block_1_65' title="bbox 291 1767 1039 1805">
    <p class='ocr_par' dir='ltr' id='par_1_65' title="bbox 291 1767 660 1804">
     <span class='ocr_line' id='line_1_66' title="bbox 291 1767 660 1804; baseline 0.011 -10"><span class='ocrx_word' id='word_1_373' title='bbox 291 1767 336 1794; x_wconf 86' lang='grc'>28.</span> <span class='ocrx_word' id='word_1_374' title='bbox 354 1767 494 1796; x_wconf 84' lang='lat' dir='ltr'><strong>Daemones</strong></span> <span class='ocrx_word' id='word_1_375' title='bbox 509 1775 660 1804; x_wconf 88' lang='lat' dir='ltr'><strong>peccatum.</strong></span> 
     </span>
    </p>
   </div>
   <div class='ocr_carea' id='block_1_66' title="bbox 836 1767 1584 1805">
    <p class='ocr_par' dir='ltr' id='par_1_66' title="bbox 1125 1769 1584 1805">
     <span class='ocr_line' id='line_1_67' title="bbox 1125 1769 1584 1805; baseline 0.002 -10"><span class='ocrx_word' id='word_1_376' title='bbox 1125 1769 1170 1796; x_wconf 88' lang='grc'>28.</span> <span class='ocrx_word' id='word_1_377' title='bbox 1184 1770 1214 1796; x_wconf 86' lang='grc' dir='ltr'>Οί</span> <span class='ocrx_word' id='word_1_378' title='bbox 1230 1769 1356 1804; x_wconf 87' lang='grc' dir='ltr'>δαίμονες</span> <span class='ocrx_word' id='word_1_379' title='bbox 1372 1769 1422 1805; x_wconf 84' lang='grc' dir='ltr'>τὴν</span> <span class='ocrx_word' id='word_1_380' title='bbox 1436 1769 1584 1805; x_wconf 75' lang='grc' dir='ltr'>ἁμαρτίαν.</span> 
     </span>
    </p>
   </div>
   <div class='ocr_carea' id='block_1_67' title="bbox 291 1814 1039 1852">
    <p class='ocr_par' dir='ltr' id='par_1_67' title="bbox 291 1814 631 1851">
     <span class='ocr_line' id='line_1_68' title="bbox 291 1814 631 1851; baseline 0.012 -10"><span class='ocrx_word' id='word_1_381' title='bbox 291 1814 336 1842; x_wconf 86' lang='grc'>29.</span> <span class='ocrx_word' id='word_1_382' title='bbox 352 1814 444 1842; x_wconf 81' lang='lat' dir='ltr'><strong>Mundi</strong></span> <span class='ocrx_word' id='word_1_383' title='bbox 460 1817 631 1851; x_wconf 85' lang='lat' dir='ltr'><strong>cupiditates.</strong></span> 
     </span>
    </p>
   </div>
   <div class='ocr_carea' id='block_1_68' title="bbox 838 1814 1586 1852">
    <p class='ocr_par' dir='ltr' id='par_1_68' title="bbox 1123 1815 1586 1852">
     <span class='ocr_line' id='line_1_69' title="bbox 1123 1815 1586 1852; baseline 0.002 -10"><span class='ocrx_word' id='word_1_384' title='bbox 1123 1815 1169 1842; x_wconf 84' lang='grc'>29.</span> <span class='ocrx_word' id='word_1_385' title='bbox 1183 1815 1240 1847; x_wconf 78' lang='grc' dir='ltr'><strong>Τὰς</strong></span> <span class='ocrx_word' id='word_1_386' title='bbox 1249 1815 1396 1851; x_wconf 77' lang='grc' dir='ltr'>ἐπιθυμίας</span> <span class='ocrx_word' id='word_1_387' title='bbox 1409 1815 1456 1842; x_wconf 82' lang='grc' dir='ltr'>τοῦ</span> <span class='ocrx_word' id='word_1_388' title='bbox 1472 1815 1586 1852; x_wconf 82' lang='grc' dir='ltr'>κόσμου.</span> 
     </span>
    </p>
   </div>
   <div class='ocr_carea' id='block_1_69' title="bbox 290 1860 1038 1889">
    <p class='ocr_par' dir='ltr' id='par_1_69' title="bbox 290 1860 468 1889">
     <span class='ocr_line' id='line_1_70' title="bbox 290 1860 468 1889; baseline 0.011 -2"><span class='ocrx_word' id='word_1_389' title='bbox 290 1860 334 1887; x_wconf 91' lang='lat'><strong>50.</strong></span> <span class='ocrx_word' id='word_1_390' title='bbox 349 1860 468 1889; x_wconf 85' lang='lat' dir='ltr'><strong>Justum.</strong></span> 
     </span>
    </p>
   </div>
   <div class='ocr_carea' id='block_1_70' title="bbox 612 1860 1360 1889">
    <p class='ocr_par' dir='ltr' id='par_1_70' title="bbox 1125 1861 1360 1888">
     <span class='ocr_line' id='line_1_71' title="bbox 1125 1861 1360 1888; baseline 0 0"><span class='ocrx_word' id='word_1_391' title='bbox 1125 1861 1169 1888; x_wconf 85' lang='lat'><strong>50.</strong></span> <span class='ocrx_word' id='word_1_392' title='bbox 1185 1861 1236 1888; x_wconf 78' lang='grc' dir='ltr'><strong>Τὸν</strong></span> <span class='ocrx_word' id='word_1_393' title='bbox 1248 1861 1360 1888; x_wconf 85' lang='grc' dir='ltr'>δίκαιον.</span> 
     </span>
    </p>
   </div>
   <div class='ocr_carea' id='block_1_71' title="bbox 292 1906 1040 1942">
    <p class='ocr_par' dir='ltr' id='par_1_71' title="bbox 292 1906 478 1936">
     <span class='ocr_line' id='line_1_72' title="bbox 292 1906 478 1936; baseline 0.022 -4"><span class='ocrx_word' id='word_1_394' title='bbox 292 1906 337 1933; x_wconf 86' lang='grc'><strong>51.</strong></span> <span class='ocrx_word' id='word_1_395' title='bbox 355 1907 478 1936; x_wconf 85' lang='lat' dir='ltr'><strong>Sanctos.</strong></span> 
     </span>
    </p>
   </div>
   <div class='ocr_carea' id='block_1_72' title="bbox 631 1906 1379 1942">
    <p class='ocr_par' dir='ltr' id='par_1_72' title="bbox 1126 1906 1379 1942">
     <span class='ocr_line' id='line_1_73' title="bbox 1126 1906 1379 1942; baseline 0.004 -9"><span class='ocrx_word' id='word_1_396' title='bbox 1126 1906 1170 1934; x_wconf 87' lang='grc'><strong>51.</strong></span> <span class='ocrx_word' id='word_1_397' title='bbox 1188 1907 1257 1939; x_wconf 85' lang='grc' dir='ltr'>Τοὺς</span> <span class='ocrx_word' id='word_1_398' title='bbox 1275 1907 1379 1942; x_wconf 85' lang='grc' dir='ltr'>ἁγίους.</span> 
     </span>
    </p>
   </div>
   <div class='ocr_carea' id='block_1_73' title="bbox 291 1951 1039 1994">
    <p class='ocr_par' dir='ltr' id='par_1_73' title="bbox 291 1954 934 1994">
     <span class='ocr_line' id='line_1_74' title="bbox 291 1954 934 1994; baseline 0.005 -13"><span class='ocrx_word' id='word_1_399' title='bbox 291 1954 336 1981; x_wconf 87' lang='grc'><strong>52.</strong></span> <span class='ocrx_word' id='word_1_400' title='bbox 354 1955 490 1983; x_wconf 87' lang='lat' dir='ltr'><strong>Conversa</strong></span> <span class='ocrx_word' id='word_1_401' title='bbox 504 1961 545 1984; x_wconf 89' lang='lat' dir='ltr'><strong>est</strong></span> <span class='ocrx_word' id='word_1_402' title='bbox 558 1956 688 1992; x_wconf 80' lang='lat' dir='ltr'><strong>iniquitas</strong></span> <span class='ocrx_word' id='word_1_403' title='bbox 701 1966 796 1986; x_wconf 89' lang='lat' dir='ltr'><strong>eorum</strong></span> <span class='ocrx_word' id='word_1_404' title='bbox 811 1959 838 1986; x_wconf 97' lang='lat' dir='ltr'><strong>in</strong></span> <span class='ocrx_word' id='word_1_405' title='bbox 851 1959 934 1994; x_wconf 87' lang='lat' dir='ltr'><strong>ipsos.</strong></span> 
     </span>
    </p>
   </div>
   <div class='ocr_carea' id='block_1_74' title="bbox 1032 1951 1780 1994">
    <p class='ocr_par' dir='ltr' id='par_1_74' title="bbox 1125 1951 1780 1988">
     <span class='ocr_line' id='line_1_75' title="bbox 1125 1951 1780 1988; baseline 0.003 -10"><span class='ocrx_word' id='word_1_406' title='bbox 1125 1951 1170 1978; x_wconf 85' lang='grc'><strong>52.</strong></span> <span class='ocrx_word' id='word_1_407' title='bbox 1192 1952 1373 1988; x_wconf 82' lang='grc' dir='ltr'>Ἑπέστρεψεν</span> <span class='ocrx_word' id='word_1_408' title='bbox 1384 1952 1401 1986; x_wconf 90' lang='grc' dir='ltr'>ἡ</span> <span class='ocrx_word' id='word_1_409' title='bbox 1415 1951 1499 1978; x_wconf 80' lang='grc' dir='ltr'>κακία</span> <span class='ocrx_word' id='word_1_410' title='bbox 1510 1951 1599 1979; x_wconf 82' lang='grc' dir='ltr'>αὐτῶν</span> <span class='ocrx_word' id='word_1_411' title='bbox 1614 1953 1658 1979; x_wconf 74' lang='grc' dir='ltr'><strong>ἐπ’</strong></span> <span class='ocrx_word' id='word_1_412' title='bbox 1671 1952 1780 1986; x_wconf 79' lang='grc' dir='ltr'>αὐτούς.</span> 
     </span>
    </p>
   </div>
   <div class='ocr_carea' id='block_1_75' title="bbox 293 1997 1041 2039">
    <p class='ocr_par' dir='ltr' id='par_1_75' title="bbox 293 2001 841 2039">
     <span class='ocr_line' id='line_1_76' title="bbox 293 2001 841 2039; baseline 0.007 -12"><span class='ocrx_word' id='word_1_413' title='bbox 293 2001 338 2028; x_wconf 86' lang='grc'><strong>55.</strong></span> <span class='ocrx_word' id='word_1_414' title='bbox 354 2001 440 2037; x_wconf 84' lang='lat' dir='ltr'><strong>ignita</strong></span> <span class='ocrx_word' id='word_1_415' title='bbox 457 2002 610 2030; x_wconf 72' lang='lat' dir='ltr'><strong>daemonum</strong></span> <span class='ocrx_word' id='word_1_416' title='bbox 626 2003 679 2030; x_wconf 87' lang='lat' dir='ltr'><strong>tela</strong></span> <span class='ocrx_word' id='word_1_417' title='bbox 695 2004 841 2039; x_wconf 79' lang='lat' dir='ltr'><strong>signiﬁcat.</strong></span> 
     </span>
    </p>
   </div>
   <div class='ocr_carea' id='block_1_76' title="bbox 1073 1997 1821 2039">
    <p class='ocr_par' dir='ltr' id='par_1_76' title="bbox 1125 1997 1821 2034">
     <span class='ocr_line' id='line_1_77' title="bbox 1125 1997 1821 2034; baseline 0.003 -10"><span class='ocrx_word' id='word_1_418' title='bbox 1125 1998 1170 2025; x_wconf 83' lang='lat'><strong>55.</strong></span> <span class='ocrx_word' id='word_1_419' title='bbox 1187 1998 1227 2024; x_wconf 87' lang='grc' dir='ltr'><strong>Τὰ</strong></span> <span class='ocrx_word' id='word_1_420' title='bbox 1240 1997 1425 2033; x_wconf 83' lang='grc' dir='ltr'>πεπυρωμένα</span> <span class='ocrx_word' id='word_1_421' title='bbox 1436 1997 1500 2033; x_wconf 83' lang='grc' dir='ltr'>βέλη</span> <span class='ocrx_word' id='word_1_422' title='bbox 1518 1997 1572 2025; x_wconf 85' lang='grc' dir='ltr'><strong>τῶν</strong></span> <span class='ocrx_word' id='word_1_423' title='bbox 1584 1998 1719 2034; x_wconf 84' lang='grc' dir='ltr'>δαιμόνων</span> <span class='ocrx_word' id='word_1_424' title='bbox 1738 1998 1821 2034; x_wconf 79' lang='grc' dir='ltr'>λέγει.</span> 
     </span>
    </p>
   </div>
   <div class='ocr_carea' id='block_1_77' title="bbox 292 2043 1040 2083">
    <p class='ocr_par' dir='ltr' id='par_1_77' title="bbox 292 2047 1039 2083">
     <span class='ocr_line' id='line_1_78' title="bbox 292 2047 1039 2083; baseline 0.005 -9"><span class='ocrx_word' id='word_1_425' title='bbox 292 2047 337 2074; x_wconf 64' lang='lat'><strong>55.</strong></span> <span class='ocrx_word' id='word_1_426' title='bbox 351 2048 475 2082; x_wconf 80' lang='lat' dir='ltr'><strong>Amplius</strong></span> <span class='ocrx_word' id='word_1_427' title='bbox 492 2052 532 2075; x_wconf 89' lang='lat' dir='ltr'><strong>est</strong></span> <span class='ocrx_word' id='word_1_428' title='bbox 551 2048 626 2083; x_wconf 83' lang='lat' dir='ltr'><strong>justo</strong></span> <span class='ocrx_word' id='word_1_429' title='bbox 643 2050 755 2083; x_wconf 86' lang='lat' dir='ltr'><strong>paulum</strong></span> <span class='ocrx_word' id='word_1_430' title='bbox 780 2049 974 2078; x_wconf 82' lang='lat' dir='ltr'><strong>misericordiae</strong></span> <span class='ocrx_word' id='word_1_431' title='bbox 988 2050 1039 2077; x_wconf 89' lang='lat' dir='ltr'><strong>Do-</strong></span> 
     </span>
    </p>
   </div>
   <div class='ocr_carea' id='block_1_78' title="bbox 1120 2043 1868 2083">
    <p class='ocr_par' dir='ltr' id='par_1_78' title="bbox 1126 2043 1868 2082">
     <span class='ocr_line' id='line_1_79' title="bbox 1126 2043 1868 2082; baseline 0.004 -12"><span class='ocrx_word' id='word_1_432' title='bbox 1126 2043 1170 2070; x_wconf 76' lang='grc'>54.</span> <span class='ocrx_word' id='word_1_433' title='bbox 1185 2043 1286 2075; x_wconf 79' lang='grc' dir='ltr'>Μεῖζόν</span> <span class='ocrx_word' id='word_1_434' title='bbox 1301 2045 1375 2071; x_wconf 73' lang='grc' dir='ltr'>ἐστιν</span> <span class='ocrx_word' id='word_1_435' title='bbox 1392 2044 1489 2080; x_wconf 79' lang='grc' dir='ltr'>μικρὸν</span> <span class='ocrx_word' id='word_1_436' title='bbox 1502 2044 1575 2076; x_wconf 77' lang='grc' dir='ltr'>ἔλεος</span> <span class='ocrx_word' id='word_1_437' title='bbox 1589 2045 1637 2072; x_wconf 79' lang='grc' dir='ltr'><strong>τοῦ</strong></span> <span class='ocrx_word' id='word_1_438' title='bbox 1663 2046 1768 2082; x_wconf 87' lang='grc' dir='ltr'>Κυρίου</span> <span class='ocrx_word' id='word_1_439' title='bbox 1790 2046 1826 2082; x_wconf 80' lang='grc' dir='ltr'><strong>τῷ</strong></span> <span class='ocrx_word' id='word_1_440' title='bbox 1837 2046 1868 2073; x_wconf 85' lang='grc' dir='ltr'>δι-</span> 
     </span>
    </p>
   </div>
   <div class='ocr_carea' id='block_1_79' title="bbox 259 2089 1007 2129">
    <p class='ocr_par' dir='ltr' id='par_1_79' title="bbox 259 2094 776 2129">
     <span class='ocr_line' id='line_1_80' title="bbox 259 2094 776 2129; baseline 0.004 -8"><span class='ocrx_word' id='word_1_441' title='bbox 259 2094 335 2126; x_wconf 78' lang='lat' dir='ltr'><strong>mini,</strong></span> <span class='ocrx_word' id='word_1_442' title='bbox 350 2103 432 2129; x_wconf 88' lang='lat' dir='ltr'><strong>quam</strong></span> <span class='ocrx_word' id='word_1_443' title='bbox 444 2103 540 2123; x_wconf 90' lang='lat' dir='ltr'><strong>omnes</strong></span> <span class='ocrx_word' id='word_1_444' title='bbox 555 2095 649 2123; x_wconf 91' lang='lat' dir='ltr'><strong>mundi</strong></span> <span class='ocrx_word' id='word_1_445' title='bbox 665 2096 776 2123; x_wconf 52' lang='lat' dir='ltr'><strong>divitia.</strong></span> 
     </span>
    </p>
   </div>
   <div class='ocr_carea' id='block_1_80' title="bbox 987 2089 1735 2129">
    <p class='ocr_par' dir='ltr' id='par_1_80' title="bbox 1092 2089 1735 2128">
     <span class='ocr_line' id='line_1_81' title="bbox 1092 2089 1735 2128; baseline 0.005 -12"><span class='ocrx_word' id='word_1_446' title='bbox 1092 2089 1162 2125; x_wconf 86' lang='grc' dir='ltr'>καίῳ</span> <span class='ocrx_word' id='word_1_447' title='bbox 1179 2089 1248 2126; x_wconf 76' lang='grc' dir='ltr'>ὑπὲρ</span> <span class='ocrx_word' id='word_1_448' title='bbox 1268 2090 1356 2117; x_wconf 84' lang='grc' dir='ltr'>πάντα</span> <span class='ocrx_word' id='word_1_449' title='bbox 1372 2091 1418 2117; x_wconf 81' lang='grc' dir='ltr'>τὸν</span> <span class='ocrx_word' id='word_1_450' title='bbox 1431 2090 1545 2117; x_wconf 83' lang='grc' dir='ltr'>πλοῦτον</span> <span class='ocrx_word' id='word_1_451' title='bbox 1559 2091 1607 2118; x_wconf 78' lang='grc' dir='ltr'><strong>τοῦ</strong></span> <span class='ocrx_word' id='word_1_452' title='bbox 1621 2092 1735 2128; x_wconf 83' lang='grc' dir='ltr'>κόσμου.</span> 
     </span>
    </p>
   </div>
   <div class='ocr_carea' id='block_1_81' title="bbox 294 2136 1042 2178">
    <p class='ocr_par' dir='ltr' id='par_1_81' title="bbox 294 2141 964 2178">
     <span class='ocr_line' id='line_1_82' title="bbox 294 2141 964 2178; baseline 0.001 -10"><span class='ocrx_word' id='word_1_453' title='bbox 294 2142 340 2169; x_wconf 84' lang='grc'><strong>55.</strong></span> <span class='ocrx_word' id='word_1_454' title='bbox 353 2141 487 2174; x_wconf 85' lang='lat' dir='ltr'><strong>Quoniam</strong></span> <span class='ocrx_word' id='word_1_455' title='bbox 504 2143 594 2170; x_wconf 90' lang='lat' dir='ltr'><strong>omnis</strong></span> <span class='ocrx_word' id='word_1_456' title='bbox 610 2150 704 2170; x_wconf 90' lang='lat' dir='ltr'><strong>eorum</strong></span> <span class='ocrx_word' id='word_1_457' title='bbox 718 2143 839 2178; x_wconf 89' lang='lat' dir='ltr'><strong>potentia</strong></span> <span class='ocrx_word' id='word_1_458' title='bbox 856 2143 964 2177; x_wconf 83' lang='lat' dir='ltr'><strong>peribit.</strong></span> 
     </span>
    </p>
   </div>
   <div class='ocr_carea' id='block_1_82' title="bbox 1056 2136 1804 2178">
    <p class='ocr_par' dir='ltr' id='par_1_82' title="bbox 1128 2136 1804 2172">
     <span class='ocr_line' id='line_1_83' title="bbox 1128 2136 1804 2172; baseline 0.004 -9"><span class='ocrx_word' id='word_1_459' title='bbox 1128 2136 1172 2163; x_wconf 77' lang='grc'><strong>55.</strong></span> <span class='ocrx_word' id='word_1_460' title='bbox 1189 2137 1249 2163; x_wconf 81' lang='grc' dir='ltr'><strong>Ὀτι</strong></span> <span class='ocrx_word' id='word_1_461' title='bbox 1268 2137 1343 2164; x_wconf 82' lang='grc' dir='ltr'>πᾶσα</span> <span class='ocrx_word' id='word_1_462' title='bbox 1356 2137 1372 2172; x_wconf 83' lang='grc' dir='ltr'>ἠ</span> <span class='ocrx_word' id='word_1_463' title='bbox 1385 2137 1529 2164; x_wconf 84' lang='grc' dir='ltr'>δυναστεία</span> <span class='ocrx_word' id='word_1_464' title='bbox 1545 2137 1634 2164; x_wconf 81' lang='grc' dir='ltr'>αὐτῶν</span> <span class='ocrx_word' id='word_1_465' title='bbox 1655 2139 1804 2166; x_wconf 82' lang='grc' dir='ltr'>ἀπολεῖται.</span> 
     </span>
    </p>
   </div>
   <div class='ocr_carea' id='block_1_83' title="bbox 292 2177 1040 2218">
    <p class='ocr_par' dir='ltr' id='par_1_83' title="bbox 292 2187 877 2216">
     <span class='ocr_line' id='line_1_84' title="bbox 292 2187 877 2216; baseline 0.002 -2"><span class='ocrx_word' id='word_1_466' title='bbox 292 2187 336 2214; x_wconf 79' lang='grc'><strong>56,</strong></span> <span class='ocrx_word' id='word_1_467' title='bbox 354 2187 484 2215; x_wconf 86' lang='lat' dir='ltr'><strong>Immotos</strong></span> <span class='ocrx_word' id='word_1_468' title='bbox 500 2196 547 2216; x_wconf 88' lang='lat' dir='ltr'><strong>eos</strong></span> <span class='ocrx_word' id='word_1_469' title='bbox 562 2187 681 2215; x_wconf 88' lang='lat' dir='ltr'><strong>custodit</strong></span> <span class='ocrx_word' id='word_1_470' title='bbox 695 2188 722 2215; x_wconf 93' lang='lat' dir='ltr'><strong>in</strong></span> <span class='ocrx_word' id='word_1_471' title='bbox 736 2193 877 2215; x_wconf 59' lang='lat' dir='ltr'><strong>aeternum.</strong></span> 
     </span>
    </p>
   </div>
   <div class='ocr_carea' id='block_1_84' title="bbox 1119 2177 1867 2218">
    <p class='ocr_par' dir='ltr' id='par_1_84' title="bbox 1127 2183 1867 2218">
     <span class='ocr_line' id='line_1_85' title="bbox 1127 2183 1867 2218; baseline 0.004 -9"><span class='ocrx_word' id='word_1_472' title='bbox 1127 2183 1170 2210; x_wconf 83' lang='grc'>56.</span> <span class='ocrx_word' id='word_1_473' title='bbox 1180 2183 1354 2215; x_wconf 81' lang='grc' dir='ltr'>Ἀσαλεύτους</span> <span class='ocrx_word' id='word_1_474' title='bbox 1364 2183 1637 2218; x_wconf 77' lang='grc' dir='ltr'>αὑτοὺςδιαφυλάττει</span> <span class='ocrx_word' id='word_1_475' title='bbox 1645 2185 1684 2216; x_wconf 83' lang='grc' dir='ltr'><strong>είς</strong></span> <span class='ocrx_word' id='word_1_476' title='bbox 1692 2185 1756 2217; x_wconf 77' lang='grc' dir='ltr'>τοὺς</span> <span class='ocrx_word' id='word_1_477' title='bbox 1766 2185 1867 2217; x_wconf 75' lang='grc' dir='ltr'>αἰῶνας.</span> 
     </span>
    </p>
   </div>
   <div class='ocr_carea' id='block_1_85' title="bbox 295 2229 1043 2270">
    <p class='ocr_par' dir='ltr' id='par_1_85' title="bbox 295 2234 864 2270">
     <span class='ocr_line' id='line_1_86' title="bbox 295 2234 864 2270; baseline 0.002 -9"><span class='ocrx_word' id='word_1_478' title='bbox 295 2234 338 2261; x_wconf 81' lang='lat'><strong>57.</strong></span> <span class='ocrx_word' id='word_1_479' title='bbox 355 2234 420 2270; x_wconf 87' lang='lat' dir='ltr'><strong>Ejus</strong></span> <span class='ocrx_word' id='word_1_480' title='bbox 432 2235 503 2262; x_wconf 92' lang='lat' dir='ltr'><strong>enim</strong></span> <span class='ocrx_word' id='word_1_481' title='bbox 518 2239 581 2262; x_wconf 87' lang='lat' dir='ltr'><strong>sunt</strong></span> <span class='ocrx_word' id='word_1_482' title='bbox 597 2242 678 2269; x_wconf 85' lang='lat' dir='ltr'><strong>opera</strong></span> <span class='ocrx_word' id='word_1_483' title='bbox 694 2240 864 2263; x_wconf 84' lang='lat' dir='ltr'><strong>sanctorum.</strong></span> 
     </span>
    </p>
   </div>
   <div class='ocr_carea' id='block_1_86' title="bbox 968 2229 1716 2270">
    <p class='ocr_par' dir='ltr' id='par_1_86' title="bbox 1129 2229 1716 2266">
     <span class='ocr_line' id='line_1_87' title="bbox 1129 2229 1716 2266; baseline 0.002 -9"><span class='ocrx_word' id='word_1_484' title='bbox 1129 2229 1175 2257; x_wconf 84' lang='grc'><strong>57.</strong></span> <span class='ocrx_word' id='word_1_485' title='bbox 1189 2229 1277 2256; x_wconf 80' lang='grc' dir='ltr'>Αὐτοῦ</span> <span class='ocrx_word' id='word_1_486' title='bbox 1295 2230 1349 2266; x_wconf 84' lang='grc' dir='ltr'>γάρ</span> <span class='ocrx_word' id='word_1_487' title='bbox 1362 2230 1415 2256; x_wconf 84' lang='grc' dir='ltr'>εἱσι</span> <span class='ocrx_word' id='word_1_488' title='bbox 1429 2230 1462 2257; x_wconf 80' lang='grc' dir='ltr'>τὰ</span> <span class='ocrx_word' id='word_1_489' title='bbox 1477 2230 1544 2266; x_wconf 71' lang='grc' dir='ltr'>ἔργα</span> <span class='ocrx_word' id='word_1_490' title='bbox 1554 2231 1609 2258; x_wconf 85' lang='grc' dir='ltr'><strong>τῶν</strong></span> <span class='ocrx_word' id='word_1_491' title='bbox 1623 2231 1716 2266; x_wconf 81' lang='grc' dir='ltr'>ἁγίων.</span> 
     </span>
    </p>
   </div>
   <div class='ocr_carea' id='block_1_87' title="bbox 297 2274 1045 2315">
    <p class='ocr_par' dir='ltr' id='par_1_87' title="bbox 297 2279 830 2315">
     <span class='ocr_line' id='line_1_88' title="bbox 297 2279 830 2315; baseline 0.004 -10"><span class='ocrx_word' id='word_1_492' title='bbox 297 2280 342 2306; x_wconf 77' lang='grc'>58.</span> <span class='ocrx_word' id='word_1_493' title='bbox 358 2279 391 2306; x_wconf 88' lang='lat' dir='ltr'><strong>Et</strong></span> <span class='ocrx_word' id='word_1_494' title='bbox 403 2288 516 2315; x_wconf 71' lang='lat' dir='ltr'><strong>regnum</strong></span> <span class='ocrx_word' id='word_1_495' title='bbox 529 2280 660 2308; x_wconf 73' lang='lat' dir='ltr'><strong>ctelorum</strong></span> <span class='ocrx_word' id='word_1_496' title='bbox 671 2287 765 2308; x_wconf 87' lang='lat' dir='ltr'><strong>eorum</strong></span> <span class='ocrx_word' id='word_1_497' title='bbox 779 2285 830 2307; x_wconf 88' lang='lat' dir='ltr'><strong>est.</strong></span> 
     </span>
    </p>
   </div>
   <div class='ocr_carea' id='block_1_88' title="bbox 1102 2274 1850 2315">
    <p class='ocr_par' dir='ltr' id='par_1_88' title="bbox 1129 2274 1850 2312">
     <span class='ocr_line' id='line_1_89' title="bbox 1129 2274 1850 2312; baseline 0.003 -12"><span class='ocrx_word' id='word_1_498' title='bbox 1129 2274 1172 2301; x_wconf 82' lang='lat'><strong>58.</strong></span> <span class='ocrx_word' id='word_1_499' title='bbox 1190 2275 1244 2301; x_wconf 77' lang='lat' dir='ltr'><strong>Kal.</strong></span> <span class='ocrx_word' id='word_1_500' title='bbox 1257 2275 1273 2310; x_wconf 88' lang='grc' dir='ltr'><strong>ἠ</strong></span> <span class='ocrx_word' id='word_1_501' title='bbox 1287 2274 1408 2309; x_wconf 82' lang='grc' dir='ltr'>βασιλεία</span> <span class='ocrx_word' id='word_1_502' title='bbox 1418 2274 1472 2301; x_wconf 87' lang='grc' dir='ltr'><strong>τῶν</strong></span> <span class='ocrx_word' id='word_1_503' title='bbox 1485 2275 1708 2311; x_wconf 69' lang='grc' dir='ltr'>οὐρανῶνναύτῶν</span> <span class='ocrx_word' id='word_1_504' title='bbox 1718 2276 1792 2304; x_wconf 79' lang='grc' dir='ltr'>ἐστιν</span> <span class='ocrx_word' id='word_1_505' title='bbox 1807 2276 1850 2312; x_wconf 83' lang='grc'>(2).</span> 
     </span>
    </p>
   </div>
   <div class='ocr_carea' id='block_1_89' title="bbox 292 2321 1040 2362">
    <p class='ocr_par' dir='ltr' id='par_1_89' title="bbox 292 2325 564 2362">
     <span class='ocr_line' id='line_1_90' title="bbox 292 2325 564 2362; baseline 0 -9"><span class='ocrx_word' id='word_1_506' title='bbox 292 2327 337 2354; x_wconf 86' lang='grc'>59.</span> <span class='ocrx_word' id='word_1_507' title='bbox 354 2325 385 2353; x_wconf 90' lang='lat' dir='ltr'><strong>1n</strong></span> <span class='ocrx_word' id='word_1_508' title='bbox 398 2326 442 2354; x_wconf 87' lang='lat' dir='ltr'><strong>die</strong></span> <span class='ocrx_word' id='word_1_509' title='bbox 454 2326 564 2362; x_wconf 87' lang='lat' dir='ltr'><strong>judicii.</strong></span> 
     </span>
    </p>
   </div>
   <div class='ocr_carea' id='block_1_90' title="bbox 785 2321 1533 2362">
    <p class='ocr_par' dir='ltr' id='par_1_90' title="bbox 1129 2321 1533 2357">
     <span class='ocr_line' id='line_1_91' title="bbox 1129 2321 1533 2357; baseline -0.002 -9"><span class='ocrx_word' id='word_1_510' title='bbox 1129 2322 1172 2348; x_wconf 83' lang='lat'><strong>59.</strong></span> <span class='ocrx_word' id='word_1_511' title='bbox 1195 2322 1237 2348; x_wconf 90' lang='grc' dir='ltr'>Ἐν</span> <span class='ocrx_word' id='word_1_512' title='bbox 1251 2321 1341 2357; x_wconf 73' lang='grc' dir='ltr'>ἡμέρᾳ</span> <span class='ocrx_word' id='word_1_513' title='bbox 1358 2321 1395 2356; x_wconf 84' lang='lat'><strong>(5)</strong></span> <span class='ocrx_word' id='word_1_514' title='bbox 1407 2321 1533 2357; x_wconf 87' lang='grc' dir='ltr'>κρίσεως.</span> 
     </span>
    </p>
   </div>
   <div class='ocr_carea' id='block_1_91' title="bbox 294 2366 1042 2408">
    <p class='ocr_par' dir='ltr' id='par_1_91' title="bbox 294 2371 1023 2408">
     <span class='ocr_line' id='line_1_92' title="bbox 294 2371 1023 2408; baseline -0.003 -8"><span class='ocrx_word' id='word_1_515' title='bbox 294 2373 339 2400; x_wconf 76' lang='grc'><strong>40.</strong></span> <span class='ocrx_word' id='word_1_516' title='bbox 356 2371 416 2400; x_wconf 88' lang='lat' dir='ltr'><strong>Non</strong></span> <span class='ocrx_word' id='word_1_517' title='bbox 430 2373 509 2407; x_wconf 85' lang='lat' dir='ltr'><strong>panis</strong></span> <span class='ocrx_word' id='word_1_518' title='bbox 523 2372 621 2400; x_wconf 82' lang='lat' dir='ltr'><strong>famem</strong></span> <span class='ocrx_word' id='word_1_519' title='bbox 638 2373 780 2408; x_wconf 79' lang='lat' dir='ltr'><strong>signiﬁcat,</strong></span> <span class='ocrx_word' id='word_1_520' title='bbox 797 2372 843 2399; x_wconf 75' lang='lat' dir='ltr'><strong>sed</strong></span> <span class='ocrx_word' id='word_1_521' title='bbox 860 2371 953 2408; x_wconf 76' lang='lat' dir='ltr'><strong>gratiae</strong></span> <span class='ocrx_word' id='word_1_522' title='bbox 965 2371 1023 2399; x_wconf 88' lang='lat' dir='ltr'><strong>Dei.</strong></span> 
     </span>
    </p>
   </div>
   <div class='ocr_carea' id='block_1_92' title="bbox 1121 2366 1869 2408">
    <p class='ocr_par' dir='ltr' id='par_1_92' title="bbox 1130 2366 1869 2404">
     <span class='ocr_line' id='line_1_93' title="bbox 1130 2366 1869 2404; baseline 0 -11"><span class='ocrx_word' id='word_1_523' title='bbox 1130 2367 1174 2395; x_wconf 68' lang='lat'><strong>40.</strong></span> <span class='ocrx_word' id='word_1_524' title='bbox 1196 2368 1232 2394; x_wconf 79' lang='grc' dir='ltr'><strong>Οὐ</strong></span> <span class='ocrx_word' id='word_1_525' title='bbox 1246 2367 1322 2403; x_wconf 84' lang='grc' dir='ltr'>λιμὸν</span> <span class='ocrx_word' id='word_1_526' title='bbox 1342 2366 1425 2402; x_wconf 76' lang='grc' dir='ltr'>ἄρτου</span> <span class='ocrx_word' id='word_1_527' title='bbox 1441 2367 1524 2402; x_wconf 80' lang='grc' dir='ltr'>λέγει,</span> <span class='ocrx_word' id='word_1_528' title='bbox 1541 2367 1610 2394; x_wconf 78' lang='grc' dir='ltr'>ἀλλὰ</span> <span class='ocrx_word' id='word_1_529' title='bbox 1629 2367 1680 2404; x_wconf 81' lang='grc' dir='ltr'>τῆς</span> <span class='ocrx_word' id='word_1_530' title='bbox 1697 2368 1808 2404; x_wconf 84' lang='grc' dir='ltr'>χάριτος</span> <span class='ocrx_word' id='word_1_531' title='bbox 1828 2366 1869 2394; x_wconf 84' lang='grc' dir='ltr'>τοῦ</span> 
     </span>
    </p>
   </div>
   <div class='ocr_carea' id='block_1_93' title="bbox 1095 2414 1171 2440">
    <p class='ocr_par' dir='ltr' id='par_1_93' title="bbox 1095 2414 1171 2440">
     <span class='ocr_line' id='line_1_94' title="bbox 1095 2414 1171 2440; baseline 0.013 -1"><span class='ocrx_word' id='word_1_532' title='bbox 1095 2414 1160 2440; x_wconf 77' lang='grc' dir='ltr'>Θεοῦ</span> <span class='ocrx_word' id='word_1_533' title='bbox 1165 2434 1171 2440; x_wconf 91' lang='grc'><strong>.</strong></span> 
     </span>
    </p>
   </div>
   <div class='ocr_carea' id='block_1_94' title="bbox 294 2458 1042 2500">
    <p class='ocr_par' dir='ltr' id='par_1_94' title="bbox 294 2463 1041 2500">
     <span class='ocr_line' id='line_1_95' title="bbox 294 2463 1041 2500; baseline -0.001 -9"><span class='ocrx_word' id='word_1_534' title='bbox 294 2465 387 2491; x_wconf 69' lang='grc'>41-45.</span> <span class='ocrx_word' id='word_1_535' title='bbox 414 2463 556 2491; x_wconf 74' lang='lat' dir='ltr'><strong>Dzemoucs</strong></span> <span class='ocrx_word' id='word_1_536' title='bbox 582 2468 608 2492; x_wconf 84' lang='lat' dir='ltr'><strong>et</strong></span> <span class='ocrx_word' id='word_1_537' title='bbox 635 2465 682 2499; x_wconf 87' lang='lat' dir='ltr'><strong>qui</strong></span> <span class='ocrx_word' id='word_1_538' title='bbox 711 2464 763 2492; x_wconf 91' lang='lat' dir='ltr'><strong>illis</strong></span> <span class='ocrx_word' id='word_1_539' title='bbox 786 2464 982 2500; x_wconf 86' lang='lat' dir='ltr'><strong>obsequuntur,</strong></span> <span class='ocrx_word' id='word_1_540' title='bbox 1014 2464 1041 2490; x_wconf 94' lang='lat' dir='ltr'><strong>in</strong></span> 
     </span>
    </p>
   </div>
   <div class='ocr_carea' id='block_1_95' title="bbox 1121 2458 1869 2500">
    <p class='ocr_par' dir='ltr' id='par_1_95' title="bbox 1132 2458 1869 2495">
     <span class='ocr_line' id='line_1_96' title="bbox 1132 2458 1869 2495; baseline -0.004 -8"><span class='ocrx_word' id='word_1_541' title='bbox 1132 2459 1225 2487; x_wconf 67' lang='grc'>41-45.</span> <span class='ocrx_word' id='word_1_542' title='bbox 1243 2460 1274 2486; x_wconf 76' lang='lat' dir='ltr'><strong>Oi</strong></span> <span class='ocrx_word' id='word_1_543' title='bbox 1297 2459 1422 2495; x_wconf 84' lang='grc' dir='ltr'>δαίμονες</span> <span class='ocrx_word' id='word_1_544' title='bbox 1446 2458 1493 2487; x_wconf 80' lang='grc' dir='ltr'>καὶ</span> <span class='ocrx_word' id='word_1_545' title='bbox 1509 2459 1534 2486; x_wconf 78' lang='grc' dir='ltr'>οἱ</span> <span class='ocrx_word' id='word_1_546' title='bbox 1555 2459 1711 2495; x_wconf 81' lang='grc' dir='ltr'>πειθόμενοι</span> <span class='ocrx_word' id='word_1_547' title='bbox 1729 2459 1820 2492; x_wconf 76' lang='grc' dir='ltr'>αὐτοῖς</span> <span class='ocrx_word' id='word_1_548' title='bbox 1835 2459 1869 2490; x_wconf 81' lang='grc' dir='ltr'><strong>εἰς</strong></span> 
     </span>
    </p>
   </div>
   <div class='ocr_carea' id='block_1_96' title="bbox 261 2506 1009 2545">
    <p class='ocr_par' dir='ltr' id='par_1_96' title="bbox 261 2510 552 2545">
     <span class='ocr_line' id='line_1_97' title="bbox 261 2510 552 2545; baseline 0 -8"><span class='ocrx_word' id='word_1_549' title='bbox 261 2510 376 2538; x_wconf 87' lang='lat' dir='ltr'><strong>nihilum</strong></span> <span class='ocrx_word' id='word_1_550' title='bbox 389 2510 552 2545; x_wconf 81' lang='lat' dir='ltr'><strong>redigentur.</strong></span> 
     </span>
    </p>
   </div>
   <div class='ocr_carea' id='block_1_97' title="bbox 604 2506 1352 2545">
    <p class='ocr_par' dir='ltr' id='par_1_97' title="bbox 1095 2506 1352 2542">
     <span class='ocr_line' id='line_1_98' title="bbox 1095 2506 1352 2542; baseline 0 -9"><span class='ocrx_word' id='word_1_551' title='bbox 1095 2506 1169 2533; x_wconf 73' lang='grc' dir='ltr'>οὐδὲν</span> <span class='ocrx_word' id='word_1_552' title='bbox 1184 2507 1352 2542; x_wconf 85' lang='grc' dir='ltr'>γενήσονται.</span> 
     </span>
    </p>
   </div>
   <div class='ocr_carea' id='block_1_98' title="bbox 296 2548 1044 2591">
    <p class='ocr_par' dir='ltr' id='par_1_98' title="bbox 296 2554 1043 2591">
     <span class='ocr_line' id='line_1_99' title="bbox 296 2554 1043 2591; baseline -0.001 -9"><span class='ocrx_word' id='word_1_553' title='bbox 296 2555 340 2582; x_wconf 73' lang='grc'><strong>44.</strong></span> <span class='ocrx_word' id='word_1_554' title='bbox 355 2554 469 2583; x_wconf 88' lang='lat' dir='ltr'><strong>Peccata</strong></span> <span class='ocrx_word' id='word_1_555' title='bbox 493 2555 610 2590; x_wconf 81' lang='lat' dir='ltr'><strong>peccatis</strong></span> <span class='ocrx_word' id='word_1_556' title='bbox 630 2556 716 2588; x_wconf 82' lang='lat' dir='ltr'><strong>addit,</strong></span> <span class='ocrx_word' id='word_1_557' title='bbox 733 2560 760 2583; x_wconf 89' lang='lat' dir='ltr'><strong>et</strong></span> <span class='ocrx_word' id='word_1_558' title='bbox 784 2555 971 2591; x_wconf 68' lang='lat' dir='ltr'><strong>paenitentiam</strong></span> <span class='ocrx_word' id='word_1_559' title='bbox 988 2561 1043 2582; x_wconf 87' lang='lat' dir='ltr'><strong>non</strong></span> 
     </span>
    </p>
   </div>
   <div class='ocr_carea' id='block_1_99' title="bbox 1120 2548 1868 2591">
    <p class='ocr_par' dir='ltr' id='par_1_99' title="bbox 1129 2548 1868 2588">
     <span class='ocr_line' id='line_1_100' title="bbox 1129 2548 1868 2588; baseline -0.004 -10"><span class='ocrx_word' id='word_1_560' title='bbox 1129 2551 1173 2578; x_wconf 69' lang='grc'><strong>44.</strong></span> <span class='ocrx_word' id='word_1_561' title='bbox 1189 2551 1369 2587; x_wconf 79' lang='grc' dir='ltr'>Προστίθησιν</span> <span class='ocrx_word' id='word_1_562' title='bbox 1390 2551 1527 2586; x_wconf 80' lang='grc' dir='ltr'>ἁμαρτίας</span> <span class='ocrx_word' id='word_1_563' title='bbox 1545 2552 1587 2586; x_wconf 73' lang='grc' dir='ltr'><strong>ἐφ’</strong></span> <span class='ocrx_word' id='word_1_564' title='bbox 1602 2551 1738 2588; x_wconf 81' lang='grc' dir='ltr'>ἁμαρτίας</span> <span class='ocrx_word' id='word_1_565' title='bbox 1751 2572 1758 2583; x_wconf 84' lang='grc'>,</span> <span class='ocrx_word' id='word_1_566' title='bbox 1775 2550 1821 2578; x_wconf 80' lang='grc' dir='ltr'>καὶ</span> <span class='ocrx_word' id='word_1_567' title='bbox 1841 2548 1868 2576; x_wconf 71' lang='grc' dir='ltr'>οὐ</span> 
     </span>
    </p>
   </div>
   <div class='ocr_carea' id='block_1_100' title="bbox 261 2597 1009 2638">
    <p class='ocr_par' dir='ltr' id='par_1_100' title="bbox 261 2601 621 2638">
     <span class='ocr_line' id='line_1_101' title="bbox 261 2601 621 2638; baseline 0.006 -11"><span class='ocrx_word' id='word_1_568' title='bbox 261 2601 327 2635; x_wconf 71' lang='lat' dir='ltr'><strong>agit,</strong></span> <span class='ocrx_word' id='word_1_569' title='bbox 336 2601 484 2638; x_wconf 83' lang='lat' dir='ltr'><strong>deprecans</strong></span> <span class='ocrx_word' id='word_1_570' title='bbox 495 2609 544 2636; x_wconf 87' lang='lat' dir='ltr'><strong>pro</strong></span> <span class='ocrx_word' id='word_1_571' title='bbox 559 2602 621 2629; x_wconf 89' lang='lat' dir='ltr'><strong>illis.</strong></span> 
     </span>
    </p>
   </div>
   <div class='ocr_carea' id='block_1_101' title="bbox 1021 2597 1769 2638">
    <p class='ocr_par' dir='ltr' id='par_1_101' title="bbox 1100 2597 1769 2633">
     <span class='ocr_line' id='line_1_102' title="bbox 1100 2597 1769 2633; baseline 0 -10"><span class='ocrx_word' id='word_1_572' title='bbox 1100 2598 1290 2633; x_wconf 78' lang='grc' dir='ltr'>μεταμελεῖται</span> <span class='ocrx_word' id='word_1_573' title='bbox 1301 2597 1462 2633; x_wconf 78' lang='grc' dir='ltr'>προσφέρων</span> <span class='ocrx_word' id='word_1_574' title='bbox 1475 2597 1581 2633; x_wconf 84' lang='grc' dir='ltr'>δεήσεις</span> <span class='ocrx_word' id='word_1_575' title='bbox 1591 2597 1662 2633; x_wconf 77' lang='grc' dir='ltr'>ὑπὲρ</span> <span class='ocrx_word' id='word_1_576' title='bbox 1671 2597 1769 2624; x_wconf 78' lang='grc' dir='ltr'>αὐτῶν.</span> 
     </span>
    </p>
   </div>
   <div class='ocr_carea' id='block_1_102' title="bbox 283 2643 1031 2681">
    <p class='ocr_par' dir='ltr' id='par_1_102' title="bbox 283 2644 1030 2681">
     <span class='ocr_line' id='line_1_103' title="bbox 283 2644 1030 2681; baseline -0.001 -8"><span class='ocrx_word' id='word_1_577' title='bbox 283 2646 344 2675; x_wconf 70' lang='grc' dir='ltr'>ιι5,</span> <span class='ocrx_word' id='word_1_578' title='bbox 356 2646 452 2674; x_wconf 81' lang='lat' dir='ltr'><strong>Justus</strong></span> <span class='ocrx_word' id='word_1_579' title='bbox 466 2651 557 2675; x_wconf 86' lang='lat' dir='ltr'><strong>autem</strong></span> <span class='ocrx_word' id='word_1_580' title='bbox 576 2646 654 2675; x_wconf 73' lang='lat' dir='ltr'><strong>oﬂ‘ert</strong></span> <span class='ocrx_word' id='word_1_581' title='bbox 671 2645 725 2674; x_wconf 88' lang='lat' dir='ltr'><strong>Deo</strong></span> <span class='ocrx_word' id='word_1_582' title='bbox 739 2654 787 2681; x_wconf 80' lang='lat' dir='ltr'><strong>per</strong></span> <span class='ocrx_word' id='word_1_583' title='bbox 802 2646 986 2679; x_wconf 78' lang='lat' dir='ltr'><strong>elcemosynas</strong></span> <span class='ocrx_word' id='word_1_584' title='bbox 1002 2644 1030 2672; x_wconf 90' lang='lat' dir='ltr'><strong>di</strong></span> 
     </span>
    </p>
   </div>
   <div class='ocr_carea' id='block_1_103' title="bbox 1120 2643 1868 2681">
    <p class='ocr_par' dir='ltr' id='par_1_103' title="bbox 1132 2643 1868 2680">
     <span class='ocr_line' id='line_1_104' title="bbox 1132 2643 1868 2680; baseline -0.004 -9"><span class='ocrx_word' id='word_1_585' title='bbox 1132 2645 1176 2671; x_wconf 64' lang='lat'><strong>45.</strong></span> <span class='ocrx_word' id='word_1_586' title='bbox 1197 2645 1225 2670; x_wconf 89' lang='grc' dir='ltr'><strong>Ὀ</strong></span> <span class='ocrx_word' id='word_1_587' title='bbox 1239 2644 1266 2670; x_wconf 79' lang='grc' dir='ltr'>δὲ</span> <span class='ocrx_word' id='word_1_588' title='bbox 1281 2644 1384 2675; x_wconf 84' lang='grc' dir='ltr'>δίκαιος</span> <span class='ocrx_word' id='word_1_589' title='bbox 1400 2644 1548 2679; x_wconf 79' lang='grc' dir='ltr'>προσφέρει</span> <span class='ocrx_word' id='word_1_590' title='bbox 1560 2644 1598 2679; x_wconf 79' lang='grc' dir='ltr'>τῷ</span> <span class='ocrx_word' id='word_1_591' title='bbox 1611 2643 1668 2680; x_wconf 74' lang='grc' dir='ltr'><strong>Θεῷ</strong></span> <span class='ocrx_word' id='word_1_592' title='bbox 1681 2644 1714 2670; x_wconf 73' lang='grc' dir='ltr'>δι’</span> <span class='ocrx_word' id='word_1_593' title='bbox 1731 2643 1868 2678; x_wconf 75' lang='grc' dir='ltr'>ἐλεημοσυ-</span> 
     </span>
    </p>
   </div>
   <div class='ocr_carea' id='block_1_104' title="bbox 262 2690 1010 2721">
    <p class='ocr_par' dir='ltr' id='par_1_104' title="bbox 262 2693 431 2721">
     <span class='ocr_line' id='line_1_105' title="bbox 262 2693 431 2721; baseline 0.006 -1"><span class='ocrx_word' id='word_1_594' title='bbox 262 2693 344 2720; x_wconf 85' lang='lat' dir='ltr'><strong>vilias</strong></span> <span class='ocrx_word' id='word_1_595' title='bbox 358 2701 431 2721; x_wconf 88' lang='lat' dir='ltr'><strong>suas.</strong></span> 
     </span>
    </p>
   </div>
   <div class='ocr_carea' id='block_1_105' title="bbox 710 2690 1458 2721">
    <p class='ocr_par' dir='ltr' id='par_1_105' title="bbox 1097 2690 1458 2719">
     <span class='ocr_line' id='line_1_106' title="bbox 1097 2690 1458 2719; baseline 0.003 -1"><span class='ocrx_word' id='word_1_596' title='bbox 1097 2691 1150 2718; x_wconf 87' lang='grc' dir='ltr'><strong>νῶν</strong></span> <span class='ocrx_word' id='word_1_597' title='bbox 1171 2691 1215 2718; x_wconf 84' lang='grc' dir='ltr'>τὸν</span> <span class='ocrx_word' id='word_1_598' title='bbox 1227 2690 1323 2718; x_wconf 80' lang='grc' dir='ltr'>ἑαυτοῦ</span> <span class='ocrx_word' id='word_1_599' title='bbox 1336 2690 1458 2719; x_wconf 73' lang='grc' dir='ltr'>πλοῦτον.</span> 
     </span>
    </p>
   </div>
   <div class='ocr_carea' id='block_1_106' title="bbox 736 2767 1393 2810">
    <p class='ocr_par' dir='ltr' id='par_1_106' title="bbox 736 2767 1393 2810">
     <span class='ocr_line' id='line_1_107' title="bbox 736 2767 1393 2810; baseline -0.008 -8"><span class='ocrx_word' id='word_1_600' title='bbox 736 2770 886 2802; x_wconf 79' lang='lat' dir='ltr'><strong>Addenoa</strong></span> <span class='ocrx_word' id='word_1_601' title='bbox 901 2774 931 2801; x_wconf 87' lang='lat' dir='ltr'><strong>et</strong></span> <span class='ocrx_word' id='word_1_602' title='bbox 946 2769 1130 2810; x_wconf 81' lang='lat' dir='ltr'><strong>corrigenda</strong></span> <span class='ocrx_word' id='word_1_603' title='bbox 1146 2777 1184 2799; x_wconf 80' lang='lat' dir='ltr'><strong>ex</strong></span> <span class='ocrx_word' id='word_1_604' title='bbox 1209 2768 1278 2798; x_wconf 90' lang='lat' dir='ltr'><strong>cod.</strong></span> <span class='ocrx_word' id='word_1_605' title='bbox 1295 2767 1393 2798; x_wconf 81' lang='lat' dir='ltr'><strong>Vatic.</strong></span> 
     </span>
    </p>
   </div>
   <div class='ocr_carea' id='block_1_107' title="bbox 299 2829 1047 2904">
    <p class='ocr_par' dir='ltr' id='par_1_107' title="bbox 299 2835 514 2904">
     <span class='ocr_line' id='line_1_108' title="bbox 299 2835 514 2870; baseline 0.005 -10"><span class='ocrx_word' id='word_1_606' title='bbox 299 2835 337 2870; x_wconf 81' lang='grc'><strong>(1)</strong></span> <span class='ocrx_word' id='word_1_607' title='bbox 359 2835 514 2868; x_wconf 74' lang='grc' dir='ltr'>Ἀποδείξει.</span> 
     </span>
     <span class='ocr_line' id='line_1_109' title="bbox 300 2869 459 2904; baseline 0 -8"><span class='ocrx_word' id='word_1_608' title='bbox 300 2869 338 2904; x_wconf 89' lang='grc'><strong>(2)</strong></span> <span class='ocrx_word' id='word_1_609' title='bbox 353 2870 459 2896; x_wconf 72' lang='grc' dir='ltr'>Ἔσται.</span> 
     </span>
    </p>
   </div>
   <div class='ocr_carea' id='block_1_108' title="bbox 758 2829 1506 2904">
    <p class='ocr_par' dir='ltr' id='par_1_108' title="bbox 1134 2829 1506 2867">
     <span class='ocr_line' id='line_1_110' title="bbox 1134 2829 1506 2867; baseline -0.011 0"><span class='ocrx_word' id='word_1_610' title='bbox 1134 2831 1172 2867; x_wconf 75' lang='grc'><strong>(⁵)</strong></span> <span class='ocrx_word' id='word_1_611' title='bbox 1191 2831 1234 2857; x_wconf 79' lang='grc' dir='ltr'>Ἑν</span> <span class='ocrx_word' id='word_1_612' title='bbox 1245 2831 1277 2866; x_wconf 83' lang='grc' dir='ltr'>τῇ</span> <span class='ocrx_word' id='word_1_613' title='bbox 1290 2829 1382 2865; x_wconf 80' lang='grc' dir='ltr'>ἡμέρᾳ</span> <span class='ocrx_word' id='word_1_614' title='bbox 1397 2829 1446 2864; x_wconf 82' lang='grc' dir='ltr'>τῆς</span> <span class='ocrx_word' id='word_1_615' title='bbox 1463 2837 1506 2864; x_wconf 87' lang='grc' dir='ltr'>κρ-</span> 
     </span>
    </p>
   </div>
   <div class='ocr_carea' id='block_1_109' title="bbox 390 2878 459 2896">
    <p class='ocr_par' dir='ltr' id='par_1_109' title="bbox 390 2878 459 2896">
     <span class='ocr_line' id='line_1_111' title="bbox 390 2878 459 2896; baseline 0 0"><span class='ocrx_word' id='word_1_616' title='bbox 390 2878 459 2896; x_wconf 74' lang='grc' dir='ltr'>παι.</span> 
     </span>
    </p>
   </div>
  </div>
