1916 3052
252 173 300 202 791
673 173 701 200 S.
719 172 905 201 ATHANASII
923 172 998 200 OPP.
1020 170 1109 199 PARS
1127 169 1170 198 ΙΙΙ.
1189 184 1224 190 -
1240 166 1446 195 ΕΧΕΟΕΤΙΟΔ.
1822 158 1873 192 783

286 231 331 258 67.
350 229 383 257 Et
392 230 484 266 lingua
498 230 558 266 ejus
572 230 699 265 loquetur
710 231 862 265 judicium:
982 244 985 246 >
1003 256 1010 264 ,

1003 256 1010 264 ,
1048 233 1074 260 Α
1122 229 1166 256 67.
1183 228 1237 254 Καὶ
1252 229 1268 262 ἡ
1283 227 1394 261 γλῶσσα
1411 224 1493 253 αὐτοῦ
1506 219 1744 260 mammam-

286 277 331 305 68.
348 277 403 304 Lex
417 277 463 304 Dei
478 277 538 312 ejus
549 277 575 304 in
591 277 673 304 corde
693 277 788 313 ipsius,

1124 274 1168 301 68.
1190 273 1219 298 Ὀ
1235 273 1317 307 νόμος
1328 271 1375 297 τοῦ
1393 269 1460 296 Θεοῦ
1474 268 1556 296 αὑτοῦ
1572 270 1600 295 ὲν
1615 269 1714 304 καρδίᾳ
1728 268 1824 299 αὑτοῦ,

285 323 330 350 69.
348 322 381 349 Et
395 330 448 349 non
465 323 712 357 supplantabuntur
723 331 835 358 gressus
847 323 917 358 ejus.

1123 319 1167 346 69.
1177 315 1238 345 Καὶ
1245 318 1294 353 οὐχ
1302 315 1482 351 ὑποσκελισθή
1486 323 1562 342 σεται
1569 315 1603 341 τὰ
1609 315 1765 350 διαδήματα
1779 313 1869 340 αὐτοῦ·

286 369 330 396 70.
348 368 509 397 Considerat
520 370 776 406 peccatorjustum,
800 374 828 397 et
847 370 946 405 quaerit
963 377 1037 397 mor-

1124 365 1168 392 70.
1182 364 1319 391 Κατανοεῖ
1332 363 1346 388 ὁ
1357 361 1518 398 ἁμαρτωλὸς
1535 361 1588 398 τὸν.
1599 360 1710 392 δίκαιον,
1727 360 1776 387 καὶ
1797 359 1873 395 ζητεῖ

251 415 354 444 ιξῧωτε
369 423 442 442 eum.
1089 409 1138 437 τοῦ
1153 409 1306 436 θανατῶσαι
1317 407 1408 434 αὐτόν.

285 460 328 487 7|.
343 459 474 487 Dominus
489 464 582 487 autem
601 468 656 488 non
672 461 841 496 derelinquat
855 469 917 489 eum
935 462 962 489 in
979 469 1037 488 ma-

1125 457 1168 484 7l.
1185 456 1223 491 (a)
1245 456 1275 482 '0
1291 455 1319 481 δὲ
1334 454 1436 490 Κύριος
1449 452 1480 478 οὐ
1498 451 1535 487 μὴ
1551 451 1721 488 ἐγκαταλίπῃ
1736 451 1818 478 αὐτὸν
1832 452 1871 483 είς

250 506 331 533 nibus
341 505 401 540 ejus
414 515 422 532 :

1087 503 1138 534 τὰς
1154 504 1246 538 χεῖρας
1262 500 1343 527 αὑτοῦ
1354 508 1360 515 ·

284 552 328 579 72.
345 550 401 580 Nec
415 552 557 580 damnabit
568 559 631 580 eum
646 562 654 581 :

1122 547 1166 574 72.
1181 547 1242 573 Οὐδ’
1256 547 1286 573 οὐ
1303 545 1340 582 μὴ
1357 545 1435 581 [οὐδὲ
1453 545 1491 579 μή
1514 545 1543 570 in
1559 543 1622 571 cod.
1644 542 1747 579 Barth]
1763 544 1870 570 καταδι-

1087 594 1205 629 κάσηται
1222 592 1312 624 αὐτὸν,

283 641 326 668 75.
338 640 407 668 Cum
419 641 587 676 iudicabitur
602 641 640 669 illi
654 651 663 668 :

1122 640 1166 667 75.
1186 639 1269 666 Ὅταν
1285 637 1411 674 κρίνηται
1424 635 1498 671 αὺτῷ
1514 636 1614 671 [αὐτόν
1633 636 1660 662 in
1673 636 1733 661 cod.
1748 635 1855 670 Barb.].

284 685 326 714 7‘.
342 686 475 723 Exspecta
488 688 645 722 Dominum,
660 692 688 716 et
698 688 803 716 custodi
821 687 894 716 viam
911 688 971 724 ejus
986 697 994 716 :

1122 684 1166 712 τι.
1187 684 1348 719 Ὑπὸμεινον
1362 682 1407 709 τὸν
1422 681 1536 717 Κύριον,
1554 681 1601 708 καὶ
1616 680 1733 716 φύλαξον
1748 681 1799 716 τὴν
1815 681 1871 708 ὁδὸν

1087 730 1173 757 αὑτοῦ
1180 737 1188 746 ·

246 783 247 786 π
281 774 327 802 75.
342 773 375 802 Ει
389 776 520 804 exaltabit
537 780 574 808 te,
595 781 626 803 ut
643 775 800 804 haereditate
816 776 909 812 capias
922 780 1002 804 terra!

1123 775 1166 803 75.
1181 775 1237 803 Kal
1259 774 1362 810 ὑψώσει
1389 783 1419 801 σε
1440 774 1489 801 τοῦ
1513 774 1786 809 κατακληρονομῆσαι
1801 774 1868 808 γῆν·

282 819 328 848 76.
344 820 412 848 Cum
430 819 562 856 perierint
573 826 731 856 peccatores
742 821 857 850 videbis.

1121 821 1165 849 76.
1189 822 1233 848 Ἐν
1247 821 1286 856 τῷ
1298 819 1518 856 ὲξολοθρεύεσθαι
1533 819 1720 855 ἁμαρτωλοὺς,
1736 819 1797 854 ὄψει
1810 818 1870 855 [ᾱᾲῃ

1087 868 1125 895 id.
1143 867 1202 895 cod.
1218 867 1324 895 Barb.l.

282 909 326 937 '7.
341 909 402 938 Vidi
414 911 527 946 impium
544 913 787 947 superexaltatum,

1087 868 1125 895 id.
1143 867 1202 895 cod.
1218 865 1324 902 Barb.].

1045 899 1071 930 Β
1121 914 1166 940 77.
1180 910 1256 940 Εἶδον
1269 913 1314 939 τὸν
1331 912 1416 947 ἀσεὸἦ
1432 911 1664 947 ὑπερυψούμενον,

283 955 327 983 78.
342 956 375 984 Et
387 957 522 985 elevatum
542 959 613 986 sicut
628 959 726 987 cedros
736 959 833 987 Libani
848 968 856 986 :

1121 960 1165 987 78.
1183 960 1239 986 Kal
1253 958 1434 994 ἐπαιρόμενον
1446 958 1484 989 ὡς
1494 957 1544 989 τὰς
1555 958 1665 992 κέδρους
1678 956 1725 984 τοῦ
1737 956 1869 984 Λιϐάνου·

284 1001 328 1030 79.
344 1001 377 1030 Ει
394 1004 518 1036 transivi,
535 1009 562 1032 et
574 1013 637 1032 ecce
651 1013 705 1032 non
723 1010 781 1032 erat
796 1015 802 1031 :

1121 1006 1166 1033 79.
1182 1005 1237 1032 Kal
1254 1004 1403 1040 παρῆλθον,
1417 1005 1464 1030 καὶ
1479 1004 1532 1030 ίδοὺ
1550 1004 1600 1030 οὐκ
1615 1001 1649 1038 ἦν
1659 1012 1665 1018 ·

266 1050 326 1097 ⁸80.
344 1050 378 1079 Ει
399 1052 511 1087 quaesivi
529 1057 641 1087 eum,et
662 1061 717 1080 non
742 1057 784 1081 est
804 1054 931 1081 inventus
954 1052 1022 1080 locus

1122 1051 1167 1078 80.
1185 1050 1240 1077 Kal
1253 1051 1372 1085 ἐζήτησα
1383 1049 1529 1080 αὺτὸν,καὶ
1537 1049 1584 1084 οὐχ
1596 1048 1693 1083 εὑρέθη
1706 1049 1720 1075 ὁ
1729 1048 1813 1080 τόπος
1825 1047 1870 1075 αὖ.

248 1096 309 1126 ejus
327 1101 335 1119 :

1087 1096 1133 1123 τοῦ
1144 1103 1149 1110 ·

283 1138 327 1166 81.
344 1138 455 1167 Custodi
468 1140 662 1173 innocentiam,
676 1145 703 1168 et
718 1141 780 1168 vide
791 1142 946 1176 aaquitatem
963 1150 969 1167 :

1122 1142 1168 1169 8|.
1184 1141 1308 1168 Φύλασσε
1325 1140 1453 1173 ἀκακίαν,
1471 1141 1518 1167 καὶ
1530 1140 1567 1167 ἴδε
1585 1139 1720 1175 εὐθύτητα
1732 1148 1739 1155 ·

281 1184 326 1212 η.
341 1185 474 1218 Quoniam
488 1191 552 1213 sunt
566 1186 689 1221 reliquia:
702 1187 804 1214 homini
821 1187 943 1221 paciﬁca.

1121 1188 1165 1215 82.
1185 1187 1245 1214 Ὀτι
1265 1187 1340 1213 ἐστὶν
1351 1186 1558 1221 ἐγκατάλειμμα
1569 1185 1705 1221 ἀνθρώπῳ
1719 1185 1855 1221 εἰρηνικῷ.

281 1230 326 1258 85.
342 1230 437 1266 lnjusti
454 1237 546 1258 autem
561 1231 735 1267 disperibunt
749 1233 830 1259 simul
849 1242 855 1259 :

1122 1233 1166 1261 ‘35.
1181 1234 1213 1260 Οἱ
1222 1233 1250 1260 δὲ
1262 1233 1413 1268 παράνομοι
1421 1231 1596 1268 ὲξολοθρευθὴ
1602 1241 1691 1260 σονται
1701 1233 1747 1258 ἐπὶ
1756 1231 1786 1258 τὸ
1796 1231 1867 1258 αὐτόν

281 1276 326 1304 ει,
343 1276 473 1312 Reliquit?
488 1277 632 1313 impiorum
649 1279 810 1306 interibunt.

1122 1280 1166 1307 84.
1182 1280 1223 1306 Τὰ
1240 1278 1482 1314 ὲγκαταλείμματα
1494 1278 1546 1305 τῶν
1559 1278 1664 1305 ansam
1678 1277 1869 1314 ὲξολοθρευθή-

1088 1334 1188 1353 σονται.

281 1365 326 1393 85.
344 1364 424 1394 Salus
442 1371 534 1394 autem
546 1366 683 1401 iustorum
699 1374 714 1394 a
735 1368 849 1395 Domino
866 1377 873 1396 :

1117 1372 1162 1399 85.
1180 1372 1308 1408 Σωτηρία
1319 1371 1348 1398 δὲ
1359 1371 1413 1398 τῶν
1425 1370 1536 1398 δικαίων
1550 1370 1625 1406 παρὰ
1637 1370 1742 1406 Κυρίου
1751 1379 1758 1385 ·

281 1422 318 1458 (a)
333 1421 400 1451 Vers
414 1423 456 1450 7t.
473 1422 525 1450 Kal
544 1423 628 1459 ζητεῖ.
645 1425 660 1459 y
679 1424 722 1453 72.
738 1424 776 1457 δέ,
793 1429 846 1452 etc.
864 1426 881 1457 ι
895 1425 937 1452 75.
949 1426 1016 1452 Οὐδὲ

906 1425 937 1452 ⁷5.
949 1426 1016 1452 Οὐδὲ
1037 1427 1075 1463 μὴ
1088 1436 1140 1454 κατ
1152 1449 1160 1456 .
1177 1447 1184 1454 .
1202 1446 1209 1454 .
1227 1426 1312 1462 αὐτῷ.
1330 1428 1344 1462 9‘
1360 1427 1404 1455 74.
1424 1426 1662 1462 ’Υπόμεινον,οιε.

831 1496 1013 1525 ATHANASII
1032 1495 1318 1525 INTERPRETATIO.

284 1558 329 1586 67.
345 1559 503 1595 Veritatem,
521 1561 618 1597 inquit.

1051 1571 1074 1602 C
1125 1565 1168 1592 67.
1193 1564 1335 1600 ’Δλήθειαν
1352 1564 1434 1598 λέγει.

283 1605 328 1633 68.
344 1605 425 1634 Fides
441 1606 489 1634 Dei
501 1608 544 1635 sui
556 1608 584 1635 in
597 1609 680 1636 corde
691 1609 762 1645 ejus.

1121 1610 1166 1638 68.
1183 1611 1216 1637 Ἥ
1231 1610 1322 1642 πίστις
1333 1610 1382 1636 τοῦ
1396 1609 1463 1636 Θεοῦ
1476 1608 1558 1635 αὑτοῦ
1570 1609 1598 1634 ἐν
1612 1609 1644 1643 τῇ
1661 1607 1765 1644 καρδία
1778 1607 1867 1634 αὑτοῦ.

280 1651 326 1679 69.
341 1651 375 1679 Et
389 1661 531 1688 nunquam
545 1654 667 1683 discedet
682 1656 716 1683 ab
729 1663 771 1684 eo.

1119 1656 1163 1683 69.
1181 1656 1236 1682 Kal
1253 1657 1291 1691 (Ι)
1306 1654 1491 1691 ἀποστήσεταί
1506 1662 1570 1681 ποτε
1586 1654 1632 1680 ἀπ’
1648 1652 1740 1680 αὑτοῦ.

281 1696 328 1724 70.
344 1697 418 1726 Bello
429 1699 542 1734 peccati.
897 1732 903 1737 ,

1119 1702 1164 1729 70.
1183 1702 1220 1737 (2)
1236 1702 1286 1729 Διὰ
1303 1702 1349 1729 toi
1363 1702 1483 1737 πολέμου
1497 1702 1548 1736 τῆς
1560 1700 1711 1736 ἁμαρτίας.

283 1743 327 1770 71.
342 1743 401 1772 Non
419 1744 477 1780 ipse
491 1745 563 1774 siuet
584 1747 706 1782 superari
726 1747 858 1783 improbis
877 1749 938 1784 ejus
955 1749 1034 1786 cupi-

1121 1748 1165 1775 71.
1179 1748 1236 1775 Οὐκ
1249 1748 1282 1775 ἂν
1297 1748 1378 1780 αὐτὸς
1402 1747 1568 1783 συγχωρήσῃ
1586 1745 1734 1782 ἡττηθῆναι
1749 1746 1812 1777 ταῖς
1827 1751 1870 1771 π)-

249 1789 391 1818 ditatibus.

1085 1794 1182 1829 νηραίς
1193 1793 1391 1829 ὲπιθυμήσεσιν
1402 1793 1495 1819 αὐτοῦ.

280 1834 326 1864 72.
339 1835 408 1864 Cum
426 1838 568 1875 impugnat
580 1847 644 1868 eum

1121 1839 1166 1866 72.
1182 1839 1266 1865 Ὅταν
1281 1838 1387 1874 πολεμῇ
1403 1838 1493 1865 αὐτόν.

284 1882 328 1910 75.
345 1882 414 1910 Loca
427 1884 531 1912 dicendi
544 1893 552 1911 :
568 1892 631 1913 cum
644 1885 702 1920 ipse
713 1885 892 1920 judicabitur.

1120 1884 1164 1911 75.
1186 1884 1260 1912 Ἀντί
1276 1883 1339 1916 τοῦ,
1358 1884 1387 1910 ὲν
1398 1883 1436 1918 τῷ
1452 1883 1591 1919 κρίνεσθαι
1604 1883 1693 1909 αὐτόν.

283 1927 327 1955 74.
344 1928 502 1958 Praestolare
529 1930 687 1965 Dominum,
711 1936 739 1959 et
761 1932 869 1960 custodi
895 1931 978 1960 ﬁdem
1005 1935 1034 1960 et

1120 1930 1163 1958 74.
1184 1930 1346 1964 ’Δπεκδέχου
1366 1929 1411 1956 τὸν
1425 1929 1524 1965 Κύριον
1538 1949 1546 1961 ,
1561 1929 1608 1956 καὶ
1631 1929 1753 1964 φύλασσε
1767 1928 1817 1964 τὴν
1831 1927 1870 1954 πί-

245 1974 374 2002 mandata
385 1975 456 2011 ejus.
681 1975 684 1978 ’

1086 1985 1143 2003 στιν
1161 1977 1207 2003 καὶ
1222 1976 1273 2008 τὰς
1296 1975 1405 2008 ἐντολὰς
1417 1975 1508 2002 αὑτοῦ.

282 2020 326 2047 75.
344 2020 378 2048 Et
391 2022 553 2056 gloriﬁcabit
568 2027 595 2051 te
608 2023 636 2050 in
650 2031 734 2059 regno
747 2031 808 2052 suo.

1121 2022 1164 2049 75.
1180 2021 1232 2049 Kal
1241 2021 1346 2054 δοξάσει
1359 2030 1388 2048 σε
1400 2022 1428 2048 ὲν
1442 2023 1476 2057 τῇ
1495 2021 1617 2056 βασιλείᾳ
1635 2020 1728 2048 αὐτοῦ.

283 2066 326 2094 76.
342 2067 410 2094 Cum
424 2069 569 2096 traduntur
583 2069 640 2105 igni
650 2074 762 2097 aaterno.

1121 2067 1163 2094 76.
1179 2067 1263 2094 Ὅταν
1277 2066 1474 2102 παραδίδωνται
1490 2066 1528 2101 τῷ
1541 2065 1640 2101 αἰωνίῳ
1655 2065 1731 2101 πυρί.

282 2111 327 2146 77,
344 2112 386 2140 78.
404 2112 558 2142 Diabolum.

1119 2113 1165 2145 77,
1182 2112 1228 2141 78.
1245 2113 1297 2140 Τὸν
1310 2112 1441 2140 διάϐολον.

283 2158 326 2186 79.
342 2158 376 2186 Et
392 2161 504 2188 transivi
522 2161 573 2189 sub
588 2161 643 2190 Deo
661 2162 688 2189 in
707 2167 917 2196 resurrecuone,
935 2166 961 2189 et
978 2169 1033 2189 non

1120 2159 1164 2187 79.
1180 2158 1232 2186 Kal
1247 2158 1386 2195 παρῆλθον
1406 2158 1444 2194 (5)
1463 2158 1515 2184 ὑπὸ
1537 2158 1583 2184 τοῦ
1606 2157 1672 2184 Θεοῦ
1695 2158 1724 2184 ἐν
1760 2158 1794 2192 τῇ
1811 2159 1868 2184 ἁνα-

245 2204 364 2239 amplius
385 2205 512 2234 inventus
537 2211 579 2234 est
599 2207 724 2236 diabolus
739 2218 745 2236 :
761 2208 877 2236 traditur
893 2208 966 2235 enim
978 2207 1001 2235 i2

1110 2205 1190 2237 τάσει,
1207 2205 1255 2232 καὶ
1273 2205 1322 2231 οὐκ
1335 2204 1373 2230 ἔτι
1386 2204 1500 2240 εὕρηται
1513 2205 1527 2230 ὁ
1541 2203 1663 2236 διάϐολος
1674 2212 1680 2219 ”
1696 2204 1866 2239 παραδίδοται

244 2254 357 2277 aeterno.

1049 2248 1076 2279 Ι)
1090 2250 1143 2286 γὰρ
1155 2249 1194 2286 τῷ
1209 2249 1310 2285 αἰωνίῳ
1324 2249 1399 2285 πυρί.

279 2296 324 2322 80.
340 2296 481 2324 Alienatus
492 2297 564 2324 enim
582 2301 624 2324 est
638 2304 653 2324 e
666 2297 727 2324 loco
740 2296 893 2332 justorum.
950 2306 962 2312 ι

1121 2297 1164 2323 80.
1187 2295 1366 2330 Ἦλλοτρίωτο
1377 2294 1431 2331 γὰρ
1444 2293 1489 2321 τοῦ
1501 2294 1584 2320 τόπου
1598 2294 1636 2329 (4)
1649 2294 1703 2320 τῶν
1717 2293 1838 2320 δικαίων.

282 2342 327 2370 81.
343 2341 417 2370 Tene
433 2343 580 2370 Dominum
597 2343 625 2370 in
640 2342 739 2378 teipso,
760 2346 789 2370 et
804 2342 847 2370 fac
867 2349 949 2370 omne
967 2350 1035 2378 opus

1119 2343 1162 2370 81.
1181 2342 1281 2378 Κράτει
1296 2342 1340 2368 τὸν
1355 2341 1455 2377 Κύριον
1465 2341 1494 2368 ὲν
1508 2340 1607 2376 ἑαυτῷ,
1621 2341 1668 2367 καὶ
1682 2340 1754 2368 ποίει
1767 2342 1824 2367 πᾶν
1833 2340 1866 2375 ἐρ-

246 2390 360 2416 bonum.

1086 2398 1134 2424 γον
1148 2388 1258 2423 ἀγαθόν.

282 2434 328 2462 82.
341 2434 476 2468 Quoniam
491 2435 635 2462 retributio
648 2439 690 2462 est
701 2434 877 2469 diligentibus
891 2442 964 2461 eum.

1122 2435 1166 2462 8:2.
1183 2435 1243 2461 Ὅτι
1255 2434 1314 2460 ἐστὶ
1329 2433 1525 2468 μισθαποδοσία
1542 2433 1598 2464 τοῖς
1611 2431 1755 2466 ἀγαπῶσιν
1768 2432 1845 2458 αὐτόν

283 2479 328 2507 85.
344 2479 433 2506 Simul
449 2480 476 2507 in
492 2480 726 2507 consummatione
738 2487 833 2507 omnes
851 2480 978 2515 peribunt
993 2479 1034 2506 in—

1123 2481 1167 2507 85.
1187 2479 1270 2515 Ὀμοῦ
1286 2480 1343 2515 ἅμα
1360 2480 1389 2506 ἐν
1407 2480 1441 2515 τῇ
1465 2479 1604 2513 συντελείᾳ
1624 2479 1723 2509 πάντες
1743 2477 1864 2504 ἀπολοῦνι

245 2525 326 2560 justi,
337 2533 426 2561 neque
438 2533 508 2553 unus
525 2526 704 2561 relinquetur.
839 2550 841 2553 .

1087 2535 1131 2553 ται
1143 2528 1166 2553 οἱ
1180 2526 1342 2562 παράνομοι,
1358 2526 1405 2552 καὶ
1420 2526 1480 2552 οὐδὲ
1493 2522 1533 2556 εἷς
1547 2524 1799 2560 περιλειφθήσεται.

285 2571 329 2598 84.
345 2566 434 2606 Opera
445 2579 541 2599 eorum
555 2580 616 2599 cum
630 2572 696 2607 ipsis
706 2571 844 2606 peribunt.

1121 2573 1164 2600 84.
1183 2573 1223 2599 Τὰ
1238 2573 1305 2608 ἔργα
1317 2572 1406 2599 αὐτῶν
1422 2573 1470 2599 σὺν
1485 2572 1576 2603 αὐτοῖς
1592 2570 1765 2598 ἀπολοῦνται.

283 2617 329 2645 85.
346 2616 379 2644 Ει
394 2617 421 2645 in
432 2618 557 2653 praesenti
570 2622 597 2646 et
613 2618 640 2646 in
653 2617 747 2645 futuro
758 2617 867 2646 saeculo.

807 2617 867 2646 :ulo.
1121 2619 1165 2646 85.
1179 2619 1231 2646 Kal
1242 2620 1271 2646 ὲν
1285 2619 1324 2654 τῷ
1340 2618 1462 2654 μέλλοντι
1475 2617 1563 2644 αἰῶνι.

722 2697 873 2729 Addenda
889 2701 920 2729 et
934 2697 1121 2737 corrigenda
1149 2706 1187 2728 ex
1208 2697 1277 2727 cod.
1295 2696 1394 2727 Vatic.

283 2759 322 2793 (Ι)
338 2758 390 2786 Kal
401 2759 461 2791 οὐκ,
473 2764 525 2787 etc.

1086 2767 1113 2786 η.
1130 2758 1174 2784 74.
1199 2757 1352 2792 Ἀποδέχου.

286 2791 326 2829 (2')
342 2794 374 2821 Ν.
394 2795 439 2822 7o.
465 2796 479 2821 δ
502 2794 634 2825 διάδολος.
654 2801 682 2820 n.
709 2793 753 2820 τι.
778 2793 836 2824 Διά,
858 2797 910 2829 εις.
934 2800 961 2829 ην.
986 2793 1029 2819 72.

858 2797 910 2829 etc.
934 2800 961 2829 nr.
986 2793 1029 2819 72.
1120 2795 1157 2827 (3)
1176 2793 1306 2828 Παρήχθη
1321 2812 1327 2819 .
1345 2814 1352 2820 .
1371 2812 1378 2829 .
1397 2791 1494 2829 ερρέθη
1506 2792 1530 2821 ὁ.
1547 2795 1600 2818 ctc.

249 2827 306 2856 οὐκ
318 2827 363 2856 ’ἂν
376 2830 456 2857 αὐτὸν
471 2838 522 2863 συγ
535 2849 542 2855 .
559 2851 565 2856 .
582 2850 588 2856 .
601 2829 770 2863 ἐπιθυμίαις,
785 2833 836 2855 etc.
853 2836 879 2854 ιι.
893 2828 934 2854 75,
947 2828 1031 2853 Ὅταν
1122 2829 1158 2863 (l)
1174 2829 1232 2855 Τῶν
1248 2829 1335 2854 τόπων
1349 2827 1441 2860 αὐτοῦ,
1456 2832 1507 2854 etc.

248 2864 407 2900 πολεμεῖται
434 2865 524 2896 αὐτόν,
553 2865 704 2892 versiwlus
729 2864 799 2889 Ἀντί
823 2863 897 2890 deest
923 2864 949 2890 in
966 2863 1026 2890 cod.
