1916 3052
68 175 118 203 795
492 179 536 206 DE
556 180 692 209 TITUILIS
710 182 932 214 PSALMORUM.
961 201 997 206 —
1015 186 1113 215 PSAL.
1134 188 1267 216 XXXVII.
1635 195 1687 223 794

103 234 150 262 86.
162 235 219 262 Καὶ
233 238 439 274 υπερασπιστὴς
455 238 544 265 αὐτῶν
557 241 629 267 ἐστιν
646 241 674 267 ὲν
695 243 782 278 καιρῷ
795 243 831 270 θλι

75 279 141 298 ιω,

936 245 982 273 86.
995 245 1029 274 Ει
1038 252 1175 282 protector
1185 256 1279 276 eorum
1293 253 1333 277 est
1351 250 1379 277 in
1395 254 1516 287 tempore
1535 251 1686 281 tribulatio-

68 289 150 314 ψεως.

903 291 954 318 nis.

103 326 146 354 87.
161 328 215 354 Καὶ
229 327 358 365 βοηθήσει
376 330 468 362 αὐτοῖς
482 331 593 366 Κύριος,
614 333 661 360 καὶ
675 334 786 368 ῥύσεται
803 335 852 362 αὺ-

938 337 983 364 87.
1003 336 1035 364 Et
1056 337 1196 372 adjuvabit
1210 345 1258 366 eos
1273 337 1417 373 Dominus,
1438 345 1466 368 et
1485 341 1611 371 liberabit
1625 351 1684 377 eos,

67 382 130 405 τους
139 394 149 406 γ
339 396 345 407 ι

100 383 113 400 υ
139 394 149 406 γ
339 396 345 407 ι

100 382 145 448 8‘8.
161 421 216 448 Καὶ
233 421 364 454 ὲξελεῖται
378 423 477 455 αὐτοὺς
491 424 520 456 ἐξ
533 425 703 461 ἁμαρτωλῶν
714 435 722 442 ·

671 426 703 452 ὒν
714 435 722 442 -
937 425 980 452 88.
1000 424 1032 452 Et
1043 430 1120 453 eruet
1134 434 1182 454 eos
1195 434 1209 454 a
1221 428 1409 462 peccatoribus
1421 439 1427 456 :

100 466 144 493 89.
159 466 217 493 Καὶ.
226 466 307 494 σώσει
324 468 434 502 αὐτοὺς,
451 469 492 496 ὅτι
507 470 623 505 ἤλπισαν
639 472 683 498 ἐπ’
696 473 789 500 αὐτόν.

936 469 981 497 89.
1001 470 1033 497 Ει
1050 471 1164 500 salvabit
1180 480 1237 506 eos,
1250 474 1314 509 quia
1327 480 1503 509 speraverunt
1514 476 1541 503 in
1554 483 1595 504 eo.

120 522 245 557 Ψαλμὸς
257 523 406 562 τᾷζΔιξᾷζδ·
423 527 467 558 εἰς
479 526 650 561 ἀνάμνησιν
663 528 728 562 περὶ
744 530 797 557 τοῦ

928 527 1025 554 mimus
1048 527 1134 554 David
1152 536 1161 556 :
1176 529 1203 555 in
1226 532 1472 559 commemoratione
1500 532 1532 559 de
1557 532 1684 561 Sabbato.

281 559 442 588 Σαϐϐἀτου.
459 559 543 588 ΨΑΛ.
559 559 625 589 AZ’.
699 559 706 562 ’
1158 563 1357 592 ΡδΑΙλκΧΧΧ
1367 565 1430 594 VII.

98 614 125 640 Ι.
141 614 238 650 Κύριε,
253 614 293 651 μὴ
300 615 340 651 τῷ
352 616 430 652 θυμῷ
446 626 493 644 σου
507 618 620 656 ἐλέγξῃς
635 629 668 655 με
679 628 686 635 ·

937 617 963 644 l.
979 617 1102 652 Domine,
1118 627 1152 647 ne
1171 621 1198 648 in
1215 621 1306 649 furore
1317 627 1365 650 tuo
1379 631 1478 658 arguas
1495 632 1538 652 me
1554 633 1560 651 :

96 658 125 685 9..
144 659 221 694 Μηδὲ
236 661 269 695 τῇ
287 661 355 696 ὀργῇ
368 670 415 688 σου
428 662 576 699 παιδεύσῃς
591 672 635 699 με.

934 663 963 690 2.
977 663 1072 699 Neque
1084 667 1111 692 in
1125 667 1165 693 ira
1179 670 1224 694 tua
1236 669 1369 703 corripias
1385 677 1435 697 me.

97 705 125 732 5.
143 705 204 732 Ὀτι
217 705 250 732 τὰ
264 705 328 741 βέλη
349 715 396 733 σου
412 708 586 744 ὲνεπάγησάν
602 719 648 745 μοι
663 719 671 726 ·

935 710 960 736 5.
977 709 1110 743 Quoniam
1125 713 1229 748 sagittae
1248 719 1300 742 tute
1315 715 1405 742 inﬁxae
1417 721 1482 743 sunt
1493 717 1560 744 mihi
1573 726 1579 743 :

97 751 125 778 4.
141 752 197 778 Καὶ
214 752 395 788 ἐπεστήριξας
408 754 451 780 ἐπ’
467 754 517 788 ἐμὲ
529 754 579 790 τὴν
590 755 669 791 χεῖρὰ
682 764 739 782 σου.

933 755 960 782 4.
974 755 1007 783 Ει
1024 757 1192 786 conﬁrmasti
1206 767 1288 795 super
1303 768 1347 787 me
1358 768 1469 788 manum
1485 766 1569 789 tuam.

97 796 123 823 5.
141 796 198 823 Οὐκ
208 796 281 824 ἔστιν
296 797 367 829 ἴασις
382 799 411 824 ὲν
425 799 458 834 τῇ
471 799 551 834 σαρκί
567 808 619 834 μου
633 801 686 827 ἀπὸ
702 802 848 837 προσώπου

935 801 961 828 5.
980 801 1039 830 Non
1067 809 1109 831 est
1133 805 1237 833 sanitas
1263 806 1290 833 in
1315 814 1396 834 carne
1420 815 1479 834 mea
1505 815 1520 834 a
1544 807 1612 834 facie
1637 807 1684 835 ira:

62 841 112 876 τῆς
128 841 214 877 ὀργῆς
230 850 277 868 σου
290 851 297 857 ·
792 853 797 874 ι

196 850 214 874 ης
230 850 277 868 σου
290 851 297 857 '
792 853 797 874 ι
899 851 952 874 tua:

97 887 124 914 6.
143 888 200 914 Οὔκ
210 888 284 914 ἔστιν
298 889 392 925 εἰρήνη
410 890 439 916 ἐν
451 891 507 922 τοῖς
523 890 626 923 ὀστέοις
645 900 694 927 μου
708 892 762 919 ἀπὸ
783 902 849 929 προ-

935 894 963 920 6.
980 893 1038 921 Non
1052 899 1094 922 est
1111 902 1162 929 pax
1180 895 1289 924 ossibus
1303 897 1370 924 meis
1384 905 1398 924 a
1416 897 1486 926 l‘acie
1508 903 1682 934 peccatorum

63 933 154 960 σὼπου
169 934 223 960 τῶν
237 935 380 970 ἁμαρτιῶν
393 944 453 970 μου.

279 935 380 970 αρτιῶν
393 944 453 970 μου.
899 947 1032 968 meorum.

97 979 124 1006 7.
140 979 201 1006 Ὀτι
215 980 244 1006 αἰ
255 980 364 1015 ἀνομίαι
375 989 425 1016 μου
434 981 576 1017 ὑπερῆραν
588 982 638 1017 τὴν
651 984 844 1019 κεφαλήνμου·

936 985 961 1013 7.
983 986 1118 1019 Quoniam
1142 985 1300 1021 iniquitates
1323 995 1391 1015 mete
1416 995 1600 1024 supergressa:
1619 995 1683 1017 sunt

899 1035 982 1065 caput
993 1038 1083 1058 meum
1097 1040 1103 1058 Ζ

97 1068 124 1096 8.
146 1069 218 1095 Ὧσεὶ
234 1069 344 1105 φορτίον
358 1069 427 1105 βαρὺ
441 1069 629 1105 ἐϐαρύνθησαν
642 1071 685 1096 ἐπ’
697 1071 758 1106 ὲμέ.

933 1075 959 1103 8.
977 1075 1054 1103 Sicut
1070 1084 1139 1104 onus
1152 1085 1232 1111 grave
1244 1082 1362 1112 gravata:
1376 1083 1441 1105 sunt
1457 1086 1539 1113 super
1552 1087 1602 1107 me.

95 1115 123 1142 9.
139 1115 319 1150 Προσὼζεσαν
333 1116 380 1142 καὶ
396 1116 538 1151 ἐσάπησαν
551 1117 576 1142 οι
595 1116 727 1151 μώλωπές
743 1126 804 1152 μου,

932 1120 958 1147 9.
972 1119 1139 1148 Putruerunt
1159 1126 1186 1148 et
1206 1127 1341 1156 corrupta:
1361 1127 1427 1150 sunt
1440 1123 1582 1151 cicatrices
1604 1131 1680 1158 mere,

97 1159 140 1186 10.
159 1159 224 1186 Ἀπὸ
238 1159 384 1196 προσώπου
399 1161 448 1196 τῆς
462 1161 617 1196 ἀφροσύνης
629 1170 690 1196 μου.

608 1170 690 1196 ςμου.
931 1166 974 1193 l0.
992 1166 1014 1193 A
1029 1166 1098 1195 facie
1111 1167 1274 1203 insipientite
1289 1176 1364 1195 meze.

622 1251 809 1280 ATHANASII
830 1252 1123 1282 INTEBPRETATIO.

95 1329 140 1358 86.
156 1330 288 1364 Πρόνοιαν
300 1329 388 1357 αὐτῶν
405 1330 448 1357 ἀεὶ
466 1330 635 1366 ποιούμενος.

935 1333 978 1360 86.
993 1333 1096 1360 Curam
1109 1333 1218 1361 illorum
1230 1341 1337 1369 semper
1351 1342 1455 1369 gerens.

96 1375 140 1403 87.
155 1376 194 1412 Τῇ
208 1377 278 1412 χειρὶ
293 1375 374 1403 αὑτοῦ
391 1377 509 1410 σκέπων,
524 1377 572 1403 καὶ
593 1377 722 1413 δυναμῶν
744 1378 844 1410 αὐτοὺς

933 1379 977 1406 87.
993 1378 1074 1406 Manu
1099 1387 1147 1407 sua
1173 1386 1337 1415 protegens,
1359 1385 1386 1408 et
1410 1379 1567 1408 confortans
1587 1387 1634 1408 eos
1653 1381 1681 1409 in

60 1420 90 1446 ἐν
101 1420 224 1457 ὑπομονῇ
243 1421 338 1456 πολλῇ.

898 1425 983 1452 multa
1000 1425 1141 1459 patientia.

96 1465 139 1493 88.
154 1465 207 1493 Kal.
221 1466 388 1502 λυτρὼσεται
401 1467 499 1499 αὐτοὺς
519 1468 551 1494 ὲκ
564 1469 618 1495 τῶν
638 1469 782 1505 δαιμόνων,
800 1471 845 1497 καὶ

934 1470 978 1498 88.
993 1470 1026 1498 Et
1051 1471 1176 1498 liberabit
1202 1478 1250 1498 eos
1270 1479 1304 1498 ex
1330 1471 1509 1505 daemonibus,
1533 1481 1681 1508 eorumque

57 1511 112 1537 τῶν
124 1511 269 1546 ὑπουργῶν
282 1511 383 1538 αὐτῶν.

319 1511 383 1538 τῶν.
898 1517 1075 1545 administris.

94 1556 135 1583 89.
151 1557 199 1589 Et;
215 1557 264 1593 τὴν
277 1557 385 1585 αἰώνιον
400 1557 538 1593 βασιλείαν
552 1558 647 1591 αὑτοῦ,
664 1560 704 1591 εἰς
719 1561 751 1596 ἣν
763 1559 843 1595 ἠλπί-

933 1561 976 1590 89.
995 1561 1022 1589 ln
1036 1568 1137 1590 :eterno
1153 1562 1213 1597 ejus
1224 1569 1316 1597 regno,
1334 1562 1360 1589 in
1375 1570 1429 1597 quo
1441 1570 1627 1598 speraverunt.

59 1611 144 1638 σαμεν
159 1604 207 1638 (1).

98 1663 130 1690 Ἡ
145 1663 312 1698 προκειμένη
326 1665 465 1699 ἐπιγραφὴ
478 1665 654 1700 περιέχειθ).
677 1663 797 1699 unum;
812 1664 852 1697 τῷ
869 1664 968 1696 Διιϐὶδ,
991 1665 1034 1697 εἰς
1052 1664 1225 1699 ἀνάμνησιν
1242 1664 1295 1691 τοῦ
1313 1663 1465 1691 Σαϐϐάτου
1478 1672 1485 1679 ·
1504 1664 1651 1696 τουτέστιν,
1667 1664 1682 1689 ὀ

56 1708 162 1743 ψαλμὸς
173 1706 250 1740 οὗτος
264 1709 370 1744 εἴρηται
389 1709 426 1744 τῷ
438 1709 533 1745 δικαίῳ
547 1710 586 1746 τῷ
601 1710 672 1737 κατὰ
687 1710 732 1736 τὸν
744 1710 834 1742 Δαϐὶδ,
850 1711 933 1746 ἡνίκα
943 1710 1102 1746 ὑπεμνήσθη
1116 1711 1165 1745 τῆς
1181 1710 1286 1746 ἡμέρας
1301 1710 1351 1745 τῆς
1365 1710 1490 1746 κρίσεως,
1505 1710 1574 1744 λέγω
1588 1709 1620 1745 δὴ
1631 1707 1679 1735 τοῦ

57 1756 309 1792 ἐπτακισχιλιοστοῦ
327 1757 403 1789 ἔτους
413 1766 420 1772 ·
439 1757 577 1785 Σαϐϐαῖον
592 1758 646 1794 γὰρ
660 1758 842 1793 ἑρμηνεύεται
858 1758 1040 1791 ἀνάπαυσις.

93 1801 200 1830 Titulus
221 1802 382 1837 praepositus
404 1803 547 1830 continet:
572 1802 693 1831 Psalmus
714 1803 798 1830 David
819 1804 846 1830 in
870 1803 1117 1830 commemoratione
1135 1803 1167 1830 de
1188 1802 1303 1830 Sabbato
1316 1811 1325 1829 :
1340 1803 1392 1830 hoc
1410 1807 1461 1835 est,
1486 1802 1608 1838 psalmus
1619 1801 1680 1836 {iste

56 1845 146 1874 dictus
161 1851 203 1874 est
217 1847 251 1874 ab
264 1847 374 1875 homine
386 1849 471 1883 justo,
487 1848 575 1884 qualis
591 1853 649 1876 erat
664 1848 748 1876 David
764 1857 825 1877 cum
846 1849 1005 1877 recordatus
1020 1853 1062 1877 est
1075 1849 1128 1876 dici
1143 1849 1250 1884 judicii,
1274 1853 1375 1884 septem
1391 1848 1537 1881 millesimi,
1556 1849 1678 1882 inquam,

57 1892 120 1919 anni
135 1902 142 1919 :
160 1891 310 1923 Sabbatum
322 1894 395 1921 enim
412 1895 513 1930 requies
544 1895 751 1930 interpretatur.

94 1953 120 1979 l.
138 1952 237 1988 Κύριε,
253 1952 289 1987 μὴ
310 1952 438 1989 θυμωθῇς
456 1954 505 1989 (5),
527 1955 575 1981 καὶ
595 1955 774 1992 ἀποστραφῇς
798 1964 842 1991 με,

931 1955 956 1981 l.
975 1954 1099 1987 Domine,
1115 1962 1148 1981 ne
1163 1954 1229 1981 mihi
1248 1962 1423 1988 succenseas,
1441 1963 1528 1990 neque
1544 1954 1677 1982 averseris

59 1999 106 2025 καὶ
121 1998 222 2030 πάντες
235 1998 345 2032 γνῶσιν,
361 2000 402 2025 ὄτι
417 2000 566 2035 ἀϐοήθητος
580 2002 655 2039 εἰμι’.

893 2009 946 2033 me,
958 2005 986 2028 et
999 2008 1096 2028 omnes
1112 2005 1272 2035 agnoscant,
1285 2001 1357 2035 quod
1369 2009 1429 2028 sum
1442 2002 1500 2028 sine
1512 2000 1621 2027 auxilio.

93 2045 120 2072 2.
138 2045 215 2080 Μηδὲ
227 2045 307 2072 πάλιν
317 2045 446 2082 ὀργισθῇς
462 2055 508 2082 μοι
522 2047 571 2083 (4),
584 2048 630 2074 καὶ
644 2048 729 2084 ἐάσῃς
747 2058 780 2084 με
791 2050 843 2076 ὑπὸ

926 2047 952 2073 2.
969 2045 1063 2081 Neque
1093 2054 1189 2074 rursus
1216 2047 1344 2074 irascaris
1373 2047 1460 2080 mihi,
1486 2051 1513 2074 ct
1536 2046 1610 2073 sinas
1634 2053 1677 2072 me

58 2091 112 2118 τῶν
123 2091 258 2126 δαιμόνων
274 2100 344 2126 μαστ
351 2092 463 2124 ιζεσθαι.

892 2092 1025 2127 ﬂagellari
1039 2100 1054 2119 a
1067 2092 1246 2119 daemonibus.

91 2137 118 2164 5.
133 2138 165 2164 Αἱ
177 2137 280 2172 πληγαί
294 2146 353 2170 σου,
367 2138 450 2173 λέγει,

928 2139 954 2166 5.
970 2138 1058 2174 Plaga:
1073 2143 1136 2170 tuae,
1148 2139 1245 2172 inquit.

90 2187 117 2210 4.
134 2183 186 2210 Και
199 2184 386 2216 ἐταπείνωσάς
405 2194 450 2220 με.

925 2185 951 2212 Δ.
966 2184 999 2212 Et
1014 2184 1163 2212 humiliasti
1180 2192 1231 2211 me.

89 2229 116 2256 5.
134 2229 172 2265 (5)
188 2230 245 2255 Οὐκ
256 2229 329 2256 ἐστιν
339 2231 367 2256 ὲν
379 2232 435 2262 τοῖς
447 2231 626 2267 ἁμαρτήμασί
643 2241 693 2267 μου
707 2233 788 2266 ἴασις,
800 2235 841 2261 ὅτι

926 2232 953 2258 5.
968 2229 1027 2257 Non
1041 2235 1083 2258 est
1095 2230 1122 2257 in
1135 2230 1255 2265 peccatis
1274 2229 1341 2257 meis
1353 2229 1466 2262 sanitas,
1480 2228 1608 2264 quoniam
1620 2228 1675 2255 ira-

55 2274 160 2311 ὁργξζει
175 2284 209 2311 με
227 2275 363 2311 [Ιώργίζου
380 2276 455 2312 μοι].

311 2275 363 2307 ἷζου
380 2276 455 2312 μοι].
891 2280 935 2303 tus
950 2283 980 2303 es
991 2276 1067 2303 mihi.

88 2321 115 2348 6.
132 2322 190 2348 Οὐκ
201 2321 273 2347 ἐστιν
287 2323 382 2358 εἰρήνη
395 2323 424 2349 ὲν
434 2324 468 2358 τῇ
481 2324 553 2359 ἰσχύϊ
565 2325 614 2361 τῆς
627 2325 714 2361 ψυχῆς
727 2334 779 2361 μου
790 2333 796 2340 ·
812 2326 839 2353 αἱ

926 2321 952 2349 6.
968 2321 1027 2348 Non
1043 2326 1085 2349 est
1104 2329 1156 2356 pax
1170 2321 1198 2348 in
1220 2320 1377 2348 fortitudine
1393 2320 1491 2348 animm
1512 2327 1578 2348 mete
1592 2329 1600 2354 ς
1615 2327 1673 2347 mea

55 2367 106 2402 γὰρ
121 2367 255 2402 ἁμαρτίαι
270 2376 320 2402 μου
335 2368 482 2403 πολεμοῦσί
498 2378 553 2404 μοι.

889 2368 961 2396 enim
975 2372 1084 2402 peccata
1097 2373 1216 2404 pugnant
1229 2372 1322 2395 contra
1336 2374 1379 2394 me

89 2413 114 2440 7.
132 2414 192 2439 ὐτι
206 2414 235 2439 αἱ
245 2413 354 2449 ἀνομίαι
370 2422 420 2449 μου
435 2414 684 2443 κατεδυνάστευσάν
697 2425 761 2452 μου.

928 2414 952 2440 7.
969 2413 1103 2447 Quoniam
1115 2414 1274 2449 iniquitates
1285 2421 1351 2441 mete
1364 2413 1563 2448 prtevaluerunt
1579 2416 1672 2440 contra

891 2466 944 2485 me.

87 2504 114 2531 8.
131 2503 182 2530 Καὶ
194 2503 245 2530 οὐκ
255 2503 320 2530 ὲῶσι
338 2513 372 2539 με
386 2503 533 2531 ἀνανεῦσαι
543 2505 611 2539 προς
628 2505 669 2531 σέ.

925 2504 951 2531 8.
967 2503 999 2530 Et
1015 2511 1068 2530 non
1081 2503 1174 2530 sinunt
1190 2511 1233 2531 me
1247 2502 1280 2530 ad
1292 2507 1318 2530 te
1329 2503 1474 2538 respizerc.

85 2550 112 2580 9,
128 2548 170 2575 10.
187 2547 241 2575 Καὶ
253 2549 308 2576 ἀπὸ
318 2549 365 2575 τοῦ
384 2549 422 2584 μὴ
432 2549 577 2584 τυγχάνειν
601 2558 635 2585 με
651 2550 748 2582 ἰάσεως
763 2549 839 2585 παρὰ

924 2549 951 2581 9,
966 2549 1009 2576 10.
1029 2549 1061 2577 Et
1071 2550 1135 2584 quia
1147 2557 1162 2576 ιι
1181 2554 1205 2576 te
1217 2549 1360 2576 sanitatem
1373 2556 1427 2575 non
1444 2556 1504 2576 sum
1518 2552 1669 2580 assecutus,

56 2593 111 2626 σοῦ,
129 2593 295 2629 εἱλκωμένος
313 2594 371 2629 εἰμὶ
385 2594 455 2625 ὅλος,
472 2594 518 2620 καὶ
543 2594 685 2629 βδελυκτὸς
706 2595 812 2631 ἐγενόμι

913 2600 962 2624 itus
983 2596 1120 2623 ulceribus
1132 2596 1228 2630 plenus
1245 2603 1316 2628 sum,
1335 2600 1361 2622 et
1375 2593 1566 2622 abontinabilis
1583 2593 1669 2621 factus

55 2639 128 2675 παρὰ
140 2640 182 2666 σοὶ
194 2639 249 2677 ἀπο
262 2639 312 2674 τῆς
327 2640 465 2675 ἁμαρτίας
481 2648 531 2675 μου
549 2640 600 2676 (6).
685 2637 688 2641 ’

685 2637 688 2641 ’
855 2638 876 2665 D
888 2649 949 2669 sum
963 2642 1034 2676 apud
1049 2646 1075 2669 te
1089 2642 1125 2669 ob
1140 2645 1280 2676 peccatum
1293 2648 1391 2668 meum.

524 2719 676 2752 Addenda
690 2724 720 2753 et
745 2720 933 2761 corrigenda
952 2729 992 2751 ex
1007 2721 1076 2752 cod.
1091 2719 1192 2752 Vatic.

85 2800 124 2839 (ᾖ)
141 2802 289 2839 ᾝλπισαν,
394 2837 402 2839 _
412 2837 418 2839 Α
922 2803 960 2838 (ι)
974 2803 1131 2839 ῨῸργισοείς
1147 2812 1190 2839 μοι
1208 2804 1266 2832 ὲάσ.
1280 2821 1283 2836 ι

87 2835 124 2874 (ἓ)
140 2838 173 2874 Ἡ
184 2838 229 2874 διὸτ
245 2837 294 2874 τῆς
309 2837 492 2874 κινναϐάρεως
506 2847 568 2874 περ.

923 2835 962 2874 (5)
974 2835 1063 2865 N.'hic
1079 2835 1155 2865 deest
1167 2840 1193 2866 in
1206 2841 1266 2867 cod.
1282 2847 1308 2866 n.
1325 2838 1350 2871 5,
1363 2838 1388 2866 6.
1404 2837 1459 2864 Οὐκ
1471 2835 1543 2863 ἔστιν
1557 2837 1662 2872 ειρήνη.

88 2872 124 2904 (3)
135 2872 278 2907 Θυμωθείς
293 2881 337 2906 μοι
351 2872 448 2900 ἀποστ.
543 2872 547 2874 Ἴ
706 2914 712 2917 ξ
764 2906 779 2909 ,ν

543 2872 547 2874 ‘
764 2906 779 2909 υ
936 2873 963 2909 6)
976 2874 1034 2900 Μου
1047 2874 1122 2901 deest
1139 2874 1166 2901 in
1179 2875 1237 2902 cod.
