1916 3052
49 154 95 183 797
470 152 514 180 DE
532 152 670 180 TlTULlS
686 150 914 182 PSALMORUM.
936 169 972 174 —
989 153 1089 181 PSAL.
1110 153 1242 182 XXXVII.
1599 152 1651 180 798

78 213 185 240 28.~Kat
196 212 261 238 ὡσεὶ
272 211 366 243 ἄλαλος
377 212 427 238 οὐκ
438 211 553 246 ἀνοίγων
567 212 597 239 τὺ
612 213 698 248 στόμα
710 213 792 239 αὑτοῦ
803 221 810 228 ·
827 224 834 244 λ

803 221 810 228 ·
827 216 851 244 Α
899 213 944 240 9.8.
962 213 995 239 Et
1010 213 1082 240 sicut
1095 218 1187 242 mutus
1197 221 1253 241 non
1270 213 1396 248 aperiens
1406 221 1438 241 os
1451 220 1532 241 suum
1548 221 1555 240 :

80 259 118 286 29.
131 259 182 285 Καὶ
195 258 326 293 ἐγενόμην
337 258 403 284 ὡσεὶ
419 258 561 294 ἄνθρωπος
576 259 626 285 οὐκ
645 258 762 292 ἀκούων,

900 259 945 286 9.9.
962 259 993 286 Et
1006 259 1095 287 factus
1111 268 1171 287 sum
1186 260 1258 287 sicut
1275 260 1357 286 homo
1371 267 1425 286 non
1436 259 1562 289 audiens.

78 303 116 331 50.
131 303 181 330 Καὶ
192 304 240 330 οὐκ
255 303 323 338 ἔχων
338 304 366 329 ὲν
385 303 423 338 τῷ
439 304 552 339 στόματι
571 303 653 341 αὐτοῦ
672 303 813 339 ὲλεγμούς.

901 305 945 332 50.
963 305 995 332 Et
1008 313 1062 332 non
1076 306 1180 333 habens
1194 306 1221 333 in
1233 313 1281 333 ore
1294 313 1345 333 suo
1357 305 1573 340 redargutiones.

81 349 119 376 51.
133 349 189 375 Ὅτι
202 349 246 375 ἐπὶ
261 349 310 380 σοὶ,
326 348 422 384 Κύριε,
436 348 537 384 ἤλπισα
554 357 562 365 ⁶

901 352 944 379 51.
962 351 1095 384 Quoniam
1113 352 1188 384 inte,
1203 352 1326 385 Domine,
1341 351 1447 386 speravi
1467 361 1472 377 :

81 395 119 421 52.
132 395 165 421 Σὺ
176 395 331 431 εἰσακούσῃ,
343 394 429 430 Κύριε
441 396 455 421 ὁ
470 395 536 426 Sed;
551 403 611 430 μου.

901 398 946 425 52.
961 397 1001 425 Τιι
1017 399 1146 426 cxaudies
1162 407 1215 431 me,
1232 399 1347 426 Domine
1361 398 1433 425 Deus
1449 405 1535 425 meus.

81 441 117 468 55.
132 442 189 468 Ὀτι
206 439 292 475 εἷπον,
304 442 417 477 Μήποτε
437 441 589 478 ὲπιχαρῶσί
613 450 658 477 μοι
678 442 702 468 οι
723 441 816 478 ἐχθροί

902 443 946 470 55.
964 444 1034 477 Quia
1048 444 1115 479 dixi,
1130 444 1282 480 Nequando
1293 444 1512 480 supergaudeant
1522 443 1588 470 milii
1601 443 1651 470 ini-

55 495 95 522 μου
107 495 112 502 ·

867 495 930 515 mret
942 496 994 515 ηιει
1013 497 1019 516 Ζ

81 533 119 560 54.
134 533 184 560 Καὶ
198 535 226 560 ὲν
240 534 278 569 τῷ
288 533 450 569 σαλευθῆναι
464 534 622 570 πόδαὲιμου,
638 534 681 560 ἐπ’
692 534 704 560 ὲ
709 534 743 569 μὲ
754 534 818 570 ὲμε-

904 534 948 561 54.
967 534 1000 561 Εῑ
1020 535 1084 562 dum
1110 540 1318 564 commoventur
1334 536 1415 571 pedes
1434 534 1498 567 mei,
1514 541 1596 569 super
1610 541 1651 561 me

53 579 122 615 γαλοῤ
126 581 154 615 ῥη
159 579 223 615 μόνη
228 589 287 608 σαν.

866 588 966 613 magna
981 581 1064 608 locuti
1076 586 1148 609 sunt.

81 625 118 652 35.
135 625 191 652 Ὀτι
203 625 258 660 ἐγὼ
276 627 315 658 εὶς
335 625 469 661 μάστιγας
480 625 588 661 ἕτοιμος
599 634 606 640 ·

903 626 948 653 55.
966 625 1099 658 Quoniam
1114 635 1164 662 ego
1179 627 1205 654 in
1221 626 1326 662 ﬂagella
1340 631 1452 662 paratus
1464 634 1524 654 sum
1541 648 1546 653 .

41 678 43 683 '
80 671 120 699 56.
132 672 184 699 Καὶ
195 673 211 708 ἡ
224 672 348 708 ἀλγηδών
367 681 417 708 μου
435 672 551 700 ἐνώπιόν
569 672 619 708 μού
635 673 693 699 ἐστι
705 673 797 699 διαπαι

901 672 945 700 56.
963 673 996 700 Et
1018 674 1096 702 dolor
1116 682 1194 702 meus
1214 674 1242 701 in
1264 678 1412 709 conspectu
1433 680 1494 701 meo
1517 677 1560 700 est
1581 679 1652 699 sem-

51 717 96 748 τός.
124 741 134 753 ο

867 725 925 752 per.

78 763 115 790 57.
132 764 189 790 Ὅτι
201 763 250 799 τὴν
261 763 377 799 ἀνομίαν
396 773 446 798 μου
461 763 515 798 ἐγὼ
528 763 688 798 ἀναγγελῶ·

903 763 947 790 57.
964 763 1098 796 Quoniam
1113 764 1286 799 iniquitatem
1301 772 1390 792 meam
1403 771 1454 799 ego
1471 762 1653 791 annuntiabo:

79 810 116 837 58.
130 811 182 838 Καὶ
201 813 363 847 μεριμνήσω
377 812 447 847 ὑπὲρ
456 812 505 846 τῆς
520 811 657 847 ἁμαρτίας
675 819 735 846 μου.

652 820 657 842 ;
675 819 735 846 μου.
903 809 947 836 58.
964 810 996 837 Et
1013 811 1139 845 cogitabo
1155 820 1203 846 pro
1215 816 1324 847 peccato
1338 819 1408 838 meo.

81 856 117 883 59.
132 856 160 883 0i
186 856 214 883 δὲ
236 857 329 892 ἐχθροί
357 865 408 891 μου
438 855 516 888 ζῶσι,
536 857 584 883 καὶ
598 855 817 892 ,κεκραταίωνται

906 855 950 882 59.
965 856 1072 884 lnimici
1085 862 1176 885 autem
1188 858 1240 885 mei
1257 858 1362 891 vivunt,
1374 861 1401 884 et
1414 855 1569 884 conﬁrmati
1591 856 1654 882 sunt

54 902 109 937 ὑπὲρ
118 902 173 937 ὲμέ.

833 893 856 923 Β
871 908 952 934 super
968 909 1011 928 me
1026 911 1032 928 :

78 947 115 974 40.
130 948 183 975 Καὶ.
195 947 404 984 ὲπληθύνθησαν
415 948 439 974 οἱ
458 946 601 983 μισοῦντές
618 955 652 982 με
672 946 781 978 ἀδίκως.

908 947 953 975 40.
969 946 1003 974 Et
1027 948 1199 983 multiplicati
1224 952 1298 982 sunt,
1321 948 1368 984 qui
1397 947 1514 976 oderunt
1534 953 1579 973 me
1604 945 1653 972 iui-

871 999 934 1027 que.

79 1037 116 1065 41.
130 1039 157 1065 οἱ
168 1039 391 1071 ἀνταποδιδόντες
409 1047 453 1074 μοι
467 1037 540 1065 κακὰ
553 1038 613 1064 ἀντὶ
626 1037 746 1071 ἀγαθῶν,

905 1038 950 1064 ll.
967 1036 1018 1070 Qui
1031 1036 1185 1064 retribuunt
1199 1037 1266 1064 mihi
1279 1037 1349 1064 mala
1363 1045 1412 1072 pro
1425 1037 1515 1069 bonis,

80 1083 117 1109 42·
133 1084 312 1111 Ἑνδιέόαλλόν
336 1093 381 1120 με,
402 1085 463 1111 ἐπεὶ
487 1083 651 1110 κατεδίωκον
676 1081 818 1117 ἀγαθωσύ-

903 1083 948 1110 42.
966 1083 1151 1111 Detrahebant
1163 1083 1242 1117 mihi,
1258 1083 1388 1120 quoniam
1406 1083 1539 1119 sequebar
1550 1082 1654 1110 bonita-

53 1136 91 1162 νην
104 1128 145 1164 (α)-

871 1133 935 1155 tem.

80 1175 116 1202 43.
131 1176 174 1212 Μὴ
184 1176 372 1212 ἐγκαταλίπῃς
384 1185 428 1212 με,
445 1176 542 1212 Κύριε,

906 1173 950 1200 45.
963 1172 1003 1200 Ne
1014 1171 1187 1207 derelinquas
1199 1179 1252 1206 me,
1266 1171 1379 1199 Domine
1395 1180 1401 1198 :

79 1220 117 1247 4t.
136 1221 163 1247 '0
179 1221 243 1254 Θεός
260 1231 323 1257 μου,
338 1222 376 1257 μὴ
387 1223 508 1256 ἀποστῇς
524 1222 570 1248 ἀπ’
587 1220 666 1256 ἐμοῦ.

904 1219 949 1246 Μ.
970 1218 1040 1245 Deus
1052 1225 1141 1251 meus,
1153 1226 1186 1245 ne
1198 1217 1358 1245 discesseris
1373 1224 1388 1243 a
1405 1223 1448 1243 me
1461 1225 1467 1243 ς

79 1266 115 1293 l3.
131 1268 248 1303 Πρόοχες
258 1269 300 1300 εἰς
309 1268 356 1304 τὴν
370 1269 495 1304 βοήθειάν
515 1276 576 1303 μου,
591 1267 678 1303 Κύριε
700 1265 750 1300 τῆς
763 1274 817 1292 σω-

905 1263 949 1290 43.
966 1262 1082 1290 Intende
1098 1262 1126 1290 in
1144 1262 1310 1298 adjutorium
1330 1268 1433 1292 meum,
1454 1259 1566 1287 Domine
1584 1258 1654 1287 Deus

53 1312 133 1346 τηρίας
149 1322 208 1348 μου,

867 1309 966 1338 salutis
979 1316 1053 1336 mete.

81 1402 113 1436 (ιι)
127 1403 153 1431 la
169 1407 243 1432 textu
259 1404 360 1440 legitur
381 1403 568 1440 δικαιοσύνην,
591 1403 638 1431 sed
663 1409 744 1436 supra
759 1402 836 1430 'ascri

401 1403 568 1440 ικαιοσύνην,
591 1403 638 1431 sed
663 1409 744 1436 supra
759 1402 913 1437 'ascriptum
925 1405 967 1429 est
977 1400 1157 1437 ἀγαοοσύνην.

594 1476 782 1505 ATllANASll
801 1475 1096 1504 lNTERPRETATlO.

80 1558 118 1586 28.
133 1558 186 1584 οὐκ
196 1558 443 1594 ἁνταπεκρινάμην
455 1556 491 1592 (1)
507 1557 609 1588 αὐτοῖς.
834 1566 836 1581 ι

589 1565 609 1588 ς.
834 1556 858 1587 c
907 1554 951 1581 28.
968 1553 1024 1583 Nec
1039 1554 1079 1581 eis
1096 1559 1190 1582 contra
1209 1553 1345 1588 respondi.

80 1602 118 1631 29.
136 1603 259 1639 Ἀνήκοος
275 1603 398 1638 διέμενον
410 1603 447 1638 μὴ
457 1601 567 1638 πληρῶν
582 1602 649 1636 ὅπερ
664 1599 768 1636 ἤθελον,

909 1600 954 1627 29.
970 1599 1060 1626 Veluti
1084 1606 1139 1626 non
1163 1600 1276 1627 audiens
1298 1598 1441 1627 manebam
1458 1606 1512 1626 non
1531 1598 1656 1634 implens,

872 1645 945 1682 quod
963 1646 1098 1673 volebant.

79 1686 117 1714 50.
136 1688 177 1720 Ὡς
190 1689 228 1725 μὴ
245 1689 395 1724 δυνάμενος
414 1689 512 1720 αὐτοὺς
529 1688 658 1723 ἐλέγχειν.

908 1691 952 1718 50.
966 1692 1108 1726 Tanquam
1122 1698 1176 1718 non
1191 1689 1285 1717 valens
1298 1696 1345 1716 eos
1361 1687 1533 1723 redarguere.

79 1733 118 1762 5i.
130 1735 187 1762 Ὀτι
202 1737 242 1768 εἰς
257 1735 290 1762 τὸ
301 1735 375 1767 ἔλεός
388 1743 447 1768 σου,
464 1735 558 1770 Κύριε,
571 1734 682 1770 ἤλπισα.

908 1736 952 1764 51.
971 1735 1106 1770 Quoniam
1124 1736 1151 1763 in
1173 1734 1361 1763 misericordia
1376 1738 1433 1764 tua,
1456 1732 1580 1766 Domine,
1594 1740 1656 1768 spe-

872 1789 940 1809 T'aVl.

81 1823 119 1850 52.
133 1824 180 1850 Διά
195 1824 276 1851 τοῦτο
288 1824 457 1855 εἰσακούω-εις
477 1824 526 1860 (2),
540 1824 623 1860 Κύριε
635 1825 649 1850 ὁ
664 1823 729 1856 Θεὸς
750 1832 810 1858 μου.

909 1826 954 1853 52,
973 1825 1119 1860 Propterea
1137 1824 1267 1852 exaudies
1280 1832 1334 1858 me,
1348 1823 1463 1851 Domine
1476 1823 1549 1851 Deus
1569 1831 1655 1851 meus.

79 1868 115 1896 55.
133 1871 193 1897 Ὅτι
206 1869 297 1898 εἶπον
309 1878 315 1885 ·
336 1869 430 1906 Κύριε,
448 1870 498 1897 ἐὰν
517 1871 555 1906 μὴ
569 1869 732 1906 εἰσακούσῃς
752 1878 802 1906 μου
815 1889 822 1901 ,

907 1870 951 1898 55.
972 1870 1043 1903 Quia
1056 1871 1134 1898 dixi:
1149 1870 1274 1903 Domine,
1291 1870 1314 1898 si
1328 1878 1372 1898 me
1389 1877 1443 1897 non
1454 1869 1578 1903 exaudis,
1593 1877 1659 1905 gau-

53 1915 172 1950 χαίρονται
186 1918 210 1944 οἱ
228 1917 322 1953 ἐχθροί
337 1927 400 1953 μου.

374 1927 400 1946 υ.
873 1916 937 1944 dent
951 1917 1053 1944 inimici
1068 1916 1129 1944 mei.

80 1961 117 1989 54.
133 1963 182 1989 Καὶ
198 1965 227 1990 ὲν
240 1964 282 1999 τῷ
297 1963 350 1990 ἀπὸ
366 1963 508 1996 ἀσθενείας
530 1964 639 1991 πίπτειν
653 1973 686 1999 με
700 1984 708 1997 ,
725 1965 823 1991 ἐκεῖνοι

907 1963 951 1990 54.
969 1961 1074 1991 Etcum
1103 1969 1159 1998 prae
1184 1960 1344 1988 inﬁrmitate
1372 1959 1478 1993 decido,
1504 1959 1542 1986 illi
1566 1959 1659 1987 exsul<

53 2005 225 2039 ἀγαλλιῶνται.

187 2017 225 2035 αι.
875 2011 942 2035 tant.

81 2051 118 2078 55.
133 2053 192 2079 Ὂτι
207 2053 357 2090 ὑπόκειμαι
366 2055 399 2090 τῇ
417 2054 513 2090 αἰωνίᾳ
528 2054 647 2081 κολάσει.

908 2053 952 2081 55.
969 2052 1104 2086 Quoniam
1122 2051 1258 2080 obnoxius
1270 2058 1331 2079 sum
1349 2053 1451 2077 aeterno
1462 2051 1605 2087 supplicio.

80 2096 117 2123 56.
132 2097 183 2124 Καὶ
197 2099 228 2125 τὸ
243 2099 301 2134 πῦρ
317 2099 347 2126 τὸ
363 2099 471 2127 αἰώνιον
488 2100 538 2135 ἤδη
558 2099 714 2135 προϐλέπω.

909 2099 953 2126 56.
968 2098 1065 2133 Etjam
1079 2097 1218 2133 prospicio
1234 2097 1323 2132 ignem
1335 2100 1478 2123 aeternum.

81 2143 120 2170 57.
140 2145 370 2181 Ἐξομολογοῦμαί
389 2155 429 2173 σοι
445 2146 495 2182 τὴν
507 2146 621 2182 ἀνομίαν
643 2155 704 2182 μου.

909 2145 953 2172 57.
967 2144 1124 2171 Coulitebor
1139 2143 1189 2170 tibi
1207 2142 1379 2178 iniquitatem
1391 2149 1490 2169 meam.

79 2187 118 2214 58.
135 2189 185 2216 Καὶ
202 2191 363 2227 μετανοήσω
380 2191 450 2226 ὑπὲρ
465 2189 502 2218 ὧν
517 2191 621 2227 ἔπραξα
632 2191 735 2218 κακῶν.

910 2190 954 2218 58.
972 2190 1002 2217 Et
1019 2190 1206 2225 paenitentiam
1225 2197 1303 2224 agam
1317 2190 1350 2217 de
1367 2189 1410 2222 iis,
1430 2196 1491 2224 quae
1504 2187 1557 2216 feci
1577 2190 1658 2218 mala.

80 2233 118 2261 39.
135 2235 164 2261 Οἱ
176 2236 204 2262 δὲ
220 2237 351 2272 ἄρχοντες
361 2236 408 2263 τοῦ
422 2236 545 2264 διαϐόλου
561 2237 735 2273 κατισχύουσί
754 2246 814 2272 μου.

913 2237 957 2265 59.
974 2236 1114 2271 Principes
1135 2240 1224 2263 autem
1244 2235 1347 2264 diaboli
1377 2235 1550 2263 iuvaluerunt
1566 2240 1659 2264 contra

877 2291 930 2311 me.

80 2320 119 2348 ιο.
133 2321 182 2349 Καὶ
195 2323 290 2350 πολλοὶ
307 2323 429 2358 ἐγένοντο
442 2324 484 2350 ἐπ’
496 2324 556 2359 ἐμέ.

909 2329 953 2356 40.
968 2329 1001 2356 Et
1012 2329 1089 2357 multi
1104 2329 1215 2357 fuerunt
1233 2329 1364 2357 adversus
1377 2335 1430 2357 me.

69 2365 117 2415 ‘ll.
132 2369 161 2394 Οἱ
172 2368 221 2404 τὴν
235 2369 286 2405 σὴν
299 2369 472 2396 διδασκαλίαν
488 2369 617 2402 λαϐόντες
629 2369 676 2396 ἀπ’
691 2369 768 2406 ἐμοῦ,
778 2371 825 2397 καὶ

909 2376 953 2402 41.
967 2375 1019 2409 Qui
1031 2375 1186 2403 auferentes
1199 2375 1355 2403 doctrinam
1372 2380 1446 2403 tuam
1461 2383 1476 2403 a
1489 2383 1543 2410 me,
1560 2380 1587 2403 et
1597 2382 1661 2403 suas

53 2412 92 2440 τὰς
108 2412 207 2441 ἑαυτῶν
224 2414 374 2450 ἐπιθυμίας
382 2415 528 2446 δεδωκότες
542 2424 597 2451 μοι.

523 2423 528 2446 .‘
542 2424 597 2451 μοι.
874 2422 941 2449 mihi
952 2422 1085 2449 dederunt
1106 2422 1279 2457 cupiditates.

55 2501 61 2507 ι
82 2457 120 2485 42.
133 2460 204 2496 Πρὸς
215 2462 330 2494 ἑαυτοὺς
342 2461 565 2489 συνεϐουλεύοντο
575 2461 612 2498 (5)
628 2462 760 2490 ἀπολέσαι
780 2471 811 2498 με

910 2468 953 2494 42.
969 2467 1067 2495 Secum
1080 2468 1131 2502 ipsi
1143 2468 1287 2495 consilium
1303 2467 1450 2500 iniverunt,
1466 2471 1494 2494 ut
1509 2475 1553 2495 me
1567 2467 1662 2502 perde-

55 2503 133 2539 ἑπειδὴ
147 2505 216 2533 θέλω
231 2508 406 2542 μετανοῆσαι.

877 2517 947 2543 rent,
963 2513 1092 2547 quoniam
1111 2513 1296 2547 paenitentiam
1313 2521 1393 2548 agere
1410 2513 1544 2541 volebam.

83 2551 122 2582 l3,
136 2552 177 2580 ιιι.
199 2553 238 2589 (4)
257 2554 303 2590 Μὴ
317 2555 402 2591 ἐάσῃς
417 2563 462 2590 με,
476 2554 559 2591 Κύριε
573 2556 586 2581 ὁ
599 2555 664 2587 Θεὸς
677 2564 738 2591 μου.

912 2557 958 2589 45,
973 2557 1017 2584 44.
1031 2556 1069 2583 Ne
1082 2557 1204 2585 dimittas
1215 2566 1269 2591 me,
1280 2558 1395 2586 Domine
1410 2557 1482 2586 Deus
1496 2565 1583 2586 meus.

85 2595 124 2624 £5.
144 2598 212 2625 Ἀλλ’
227 2599 288 2627 ἐλθὲ
299 2601 339 2633 εἰς
350 2601 399 2636 τὴν
413 2600 538 2637 βοήθειάν
555 2610 616 2636 μου.
680 2604 697 2620 '~

680 2604 697 2620 '-
911 2603 956 2630 45.
973 2602 1026 2631 Sed
1039 2603 1066 2630 in
1078 2603 1212 2631 auxilium
1226 2611 1317 2632 meum
1330 2604 1401 2632 veni.

518 2692 671 2724 Addenda
689 2697 719 2725 et
735 2693 923 2734 corrigenda
947 2701 986 2724 ex
1001 2693 1069 2724 cod.
1089 2693 1187 2725 Vatic.

137 2787 348 2828 :A'mxewomo.
875 2784 1057 2828 μετανοῆσαις
1072 2785 1130 2828 καὶ,
1141 2784 1296 2822 ἀπέρριιῖιάν
1314 2793 1348 2820 με
1365 2784 1412 2812 τὸν
1425 2783 1576 2820 ἀγαπητὸν,
1593 2783 1659 2812 ὡσεὶ

83 2820 118 2853 (Ξ)
131 2823 177 2850 Διὰ
190 2819 270 2850 τοῦτο
280 2819 447 2850 εἰσάκουσον.
872 2819 967 2882 νεκῖὺν
983 2819 1202 2860 ὲὸδελυγμένρν.’
1215 2819 1220 2821 ⁷
1250 2819 1254 2821 Ἴ
1315 2819 1321 2820 ί
1513 2819 1517 2820 ν

85 2855 123 2882 (5i
139 2857 169 2882 Ν.
195 2859 240 2882 ΑΞ.
269 2859 494 2882 Συνεϐουλεύοντο
519 2857 550 2882 τὸ
572 2858 630 2882 πῶς
652 2857 720 2882 ἀπολ
735 2878 741 2882 .
759 2877 766 2882 .
786 2878 794 2882 .
810 2877 817 2882 .
909 2856 917 2882 ί
939 2855 947 2882 )
961 2854 993 2882 Ν.
1007 2855 1050 2882 43.
1062 2855 1106 2882 44.
1118 2854 1161 2882 45.
1177 2856 1234 2882 Μή.
1250 2860 1315 2882 ctc..
1333 2855 1390 2882 ἀλλ’
1410 2854 1471 2882 ἐλθὲ
1486 2855 1527 2882 εἰς
1540 2855 1568 2882 τί

85 2855 123 2892 (5)
139 2857 169 2886 Ν.
195 2859 240 2886 42.
269 2859 494 2887 Συνεϐουλεύοντο
519 2857 550 2884 τὸ
572 2858 630 2890 πῶς
652 2857 720 2884 ἀπολ
735 2878 741 2885 .
759 2877 766 2885 .
786 2878 794 2885 .
810 2877 817 2885 .
909 2854 947 2891 (1)
961 2854 993 2883 N.
1007 2855 1050 2888 45,
1062 2855 1106 2888 44,
1118 2854 1161 2882 45.
1177 2856 1234 2892 Μή,
1250 2860 1315 2888 ctc.,
1333 2855 1390 2883 ἀλλ’
1410 2854 1471 2882 ἐλθὲ
1486 2855 1527 2887 εἰς
1540 2855 1600 2891 τήν,
1608 2860 1653 2883 etc
