1916 3052
245 169 296 198 799
657 172 694 201 ‘s.
715 174 902 202 ATHANASII
923 174 998 202 om).
1021 174 1110 201 mus
1131 172 1172 200 Ill.
1194 187 1210 192 —
1249 169 1452 197 EXEGETIC‘A.
1817 163 1869 190 suo

368 229 400 256 In
418 231 506 267 ﬁnem,
522 231 640 259 Idithum
656 234 789 260 canticum
804 234 912 267 Dnvidﬁ
1044 239 1068 266 Α

1059 245 1068 265 ι
1130 234 1179 266 εις
1203 231 1236 258 τὸ
1254 231 1340 264 τέλος
1357 229 1397 262 τῷ
1409 227 1561 267 rimata,
1578 223 1639 257 ᾠδὴ
1659 222 1700 255 τῷ
1716 222 1815 249 Δαείᾶ

490 261 782 296 PSAL.XXXV111.
851 261 855 262 ⁷
896 261 912 267 "
1044 261 1068 266 "
1170 261 1177 266 ‘
1329 261 1336 264 ’
1382 261 1564 291 summa

282 321 308 348 l.
326 320 397 348 Dixi.
409 321 569 350 Custodiam
586 323 644 351 vias
656 332 741 358 meas,
760 329 790 352 ut
804 333 860 353 non
877 325 1033 360 delinquam

1121 325 1146 352 l.
1163 323 1234 351 Εἷπα
1244 331 1250 338 ·
1269 323 1380 355 Φυλάξω
1393 321 1442 353 τὰς
1457 320 1533 351 ὁδούς
1550 326 1611 354 μου,
1628 317 1676 343 τοῦ
1697 315 1735 351 μὴ
1750 316 1867 350 ἁμαρτά-

247 370 275 397 in
287 370 379 405 lingua
395 378 465 398 mea.
510 385 516 391 ν

1085 380 1141 399 νειν
1160 379 1193 405 με
1208 370 1236 396 ὲν
1251 368 1361 403 γλώσσῃ
1380 375 1441 402 μου.

281 417 308 443 2.
325 417 407 444 Posui
422 417 463 445 ori
475 424 537 445 meo
548 418 714 452 custodiam,

1120 417 1148 444 ‘2.
1173 416 1290 450 Ἐοὲμην
1305 413 1344 448 τῷ
1362 411 1475 447 στόματί
1492 419 1543 446 μου
1557 409 1687 444 φυλακὴν,

280 462 306 488 5.
322 461 390 488 Cum
407 462 569 490 consisteret
584 469 712 497 peccator
725 464 870 492 adversum
883 472 937 492 me.

1121 463 1148 490 3.
1175 462 1218 488 ’Ev
1236 461 1274 497 τῷ
1288 460 1417 495 συστῆναι
1432 457 1478 485 τὸν
1494 455 1654 492 ἁμαρτωλὸν
1675 454 1798 482 ἐναντίον
1812 462 1868 488 μου.

282 507 309 534 4.
327 507 457 551 Obmutui
469 512 496 536 et
510 509 669 538 humiliatus
684 518 756 543 sum,
776 515 803 538 et
818 511 881 539 silui
896 519 912 537 a
934 511 1035 539 bonis:

1123 509 1151 537 4.
1172 506 1338 542 Ἐκωφώθην
1358 505 1405 532 καὶ
1429 502 1625 537 ὲταπεινώθην,
1645 501 1693 528 καὶ
1714 500 1830 535 ὲσίγησα
1843 498 1871 531 ἐξ

1087 554 1197 590 ἀγαθῶν
1209 563 1216 570 ·

285 604 312 632 5.
328 603 362 631 Ει
376 605 454 633 dolor
467 613 544 634 meus
560 610 707 634 renovatus
720 611 772 634 est.

1123 600 1150 628 5.
1169 600 1225 627 Kal
1236 599 1267 625 τὸ
1284 597 1396 633 ᾶλγημά
1410 605 1460 631 μου
1479 593 1664 629 ὰνεκαινίσθη.

286 649 313 677 6.
327 650 470 678 Concaluit
485 659 532 679 cor
546 660 637 684 meum
651 652 722 679 intra
737 660 780 680 me
797 662 804 679 :

1124 647 1150 673 6.
1172 644 1340 681 Ἐθερμάνθη
1353 645 1370 679 ἡ
1386 642 1482 678 καρδία
1500 650 1551 676 μου
1573 640 1647 671 ἐντός
1667 647 1737 674 μου·

285 697 312 723 7.
328 697 361 724 Et
375 697 402 724 in
420 698 596 726 meditatione
615 705 674 726 mea
690 698 850 726 exardescet
865 699 946 734 ignis.

1125 694 1151 720 7.
1168 693 1223 719 Kal
1239 693 1268 718 ὲν
1280 692 1313 726 τῇ
1327 690 1426 726 μελέτῃ
1441 697 1491 724 μου
1506 686 1706 722 ἐκκαυθήσεται
1720 684 1788 719 πῦρ.

282 743 309 770 8.
326 742 446 770 Locutus
465 753 527 772 sum
550 745 577 772 in
600 745 693 779 lingua
712 753 772 773 mea
788 755 794 772 :
814 751 908 773 notum
934 746 976 773 lae
988 745 1038 772 mi-

1125 740 1152 767 8.
1175 739 1310 773 Ἐλάλησα
1329 739 1357 764 ἐν
1375 735 1485 772 γλώσσῃ
1505 743 1567 761 ιιουο
1587 732 1718 769 γνώρισόν
1741 740 1799 767 μοι,
1824 731 1874 757 Κι-

251 787 288 821 Ιιί,
307 787 431 822 Domine,
448 789 529 816 linem
546 797 648 823 meum,

611 798 648 823 m,
1091 795 1142 822 ριε,
1158 786 1189 812 τὸ
1202 785 1288 819 πέρας
1305 792 1366 819 μου.

290 837 318 864 9.
336 837 369 864 Et
386 846 532 865 numerum
549 839 654 866 dierum
667 844 803 870 meorum,
820 836 883 872 quis
896 835 962 864 est?

1126 832 1152 859 9.
1171 831 1226 858 Kal
1243 829 1415 865 τὸνάριθμὺν
1426 828 1481 855 τῶν
1496 826 1608 863 ἡμερῶν
1622 834 1684 861 μου,
1701 825 1745 856 τίς
1761 825 1833 850 ἐστιν
1848 832 1855 855 ;

288 882 331 910 10.
349 882 384 910 Ut
397 884 481 911 sciam
493 883 558 919 quid
576 884 647 911 desit
660 884 737 910 mihi.

1055 914 1074 919 _\
1127 879 1170 906 10.
1187 879 1244 904 Ἴνα
1257 876 1314 911 γνῶ
1325 876 1351 902 τί
1365 874 1471 911 ὑπερῶ
1487 873 1550 908 ἐγώ.

285 930 329 956 Η.
344 930 412 957 Ecce
426 930 623 958 meusurabiles
637 928 751 965 posuisti
766 928 824 956 dies
836 935 912 955 meos
925 938 931 955 :

1055 914 1076 940 Β
1131 925 1176 951 11.
1195 923 1259 950 Ἰδοὺ
1274 921 1424 953 παλαιστὰς
1439 921 1499 947 ἔθου
1514 919 1563 951 τὰς
1575 919 1679 954 ἡμέρας
1697 926 1759 952 μου,

287 976 330 1002 12.
346 976 378 1003 Et
391 977 542 1004 substantia
557 984 627 1009 mea,
637 963 770 1011 tanquam
788 974 904 1001 nihilum
918 978 981 1000 ante
993 977 1036 1000 te:

1130 970 1164 998 12
1188 970 1241 997 Kal
1253 971 1270 1005 ἡ
1283 969 1430 1000 ὑπόστασίς
1446 977 1497 1003 μου
1510 967 1575 993 ὡσεὶ
1589 966 1664 992 οὐδὲν
1683 963 1802 990 ἐνώπιόν
1817 968 1874 989 σου·

289 1022 332 1049 13.
353 1021 546 1050 Verumtamen
563 1022 690 1050 universa
707 1021 824 1053 vanitas,
851 1019 941 1048 omnis
958 1019 1039 1047 homo

1129 1017 1172 1044 l3.
1192 1015 1266 1051 Πλὴν
1282 1015 1315 1042 τὰ
1328 1015 1471 1050 σύμπαντα
1487 1012 1645 1048 ματαιότης,
1661 1011 1715 1042 πᾶς
1739 1009 1876 1046 ἄνθρωπος

254 1067 360 1097 vivens.

1094 1064 1158 1097 ζῶν.

566 1114 730 1149 Diapsalma.

1373 1109 1529 1142 Διὰψιιλμα
1553 1114 1596 1142 ‘41,.

291 1160 334 1188 M.
353 1160 547 1189 Verumtamen
563 1161 590 1188 in
608 1160 725 1196 imagine
742 1157 889 1193 pertransit
900 1159 981 1184 homo
998 1165 1005 1182 :

1130 1154 1174 1181 H.
1194 1154 1325 1188 Μέντοιγε
1341 1154 1370 1180 ὲν
1384 1153 1467 1179 εἰκόνι
1478 1151 1668 1188 διαπορεύεται
1684 1150 1841 1186 ἅνθρωπος·

290 1207 335 1234 15.
354 1207 456 1235 Tamen
472 1207 575 1235 [rustra
593 1206 791 1234 conturbatur:

1131 1200 1175 1227 15.
1197 1200 1269 1236 Πλὴν
1282 1201 1369 1236 μάτην
1381 1199 1553 1235 ταράσσεται.

291 1272 332 1309 (a)
351 1273 411 1303 Vat.
428 1275 488 1303 cod.
505 1274 563 1304 Pal.

818 1363 1005 1391 ATIIANASU
1026 1359 1320 1389 INTEBPRETATIO.

299 1444 332 1471 'H
348 1444 514 1480 προκειμένη
531 1444 670 1480 ἐπιγραφὴ
686 1443 809 1479 περιέχει
820 1444 858 1478 (l)
869 1452 876 1459 ·
889 1443 939 1475 Εἰς
956 1441 990 1468 τὸ
1003 1441 1089 1474 τέλος
1099 1440 1139 1473 τῷ
1159 1440 1282 1474 Ἰδιθοὺμ
1294 1439 1344 1475 (2),
1357 1439 1418 1472 ᾠδὴ
1434 1438 1474 1471 τῷ
1485 1436 1581 1466 Δαϐίδ.
1599 1435 1683 1463 Τοῦτο
1699 1434 1746 1463 οὖν
1763 1436 1833 1469 λέγει
1844 1443 1850 1449 ”
1863 1437 1878 1470 ἡ

259 1491 314 1527 ᾠδὴ
328 1491 367 1526 τῷ
379 1491 460 1518 Δαϐὶδ
473 1491 540 1527 αὕτη
554 1491 650 1526 ἐλέχθη
668 1492 708 1522 εἰς
723 1491 771 1526 τὴν
782 1490 936 1516 συντέλειαν
950 1489 1004 1515 τῶν
1019 1489 1125 1516 αἰώνων
1139 1488 1178 1523 τῷ
1193 1488 1233 1515 ἑνὶ
1250 1489 1330 1523 κριτῇ
1350 1487 1389 1522 τῷ
1404 1486 1552 1522 ἐρχομένῳ.
1569 1484 1653 1511 Τοῦτο
1666 1483 1721 1520 γὰρ
1735 1485 1881 1520 ἑρμηνεύε-

260 1546 304 1564 ται
315 1537 345 1563 τὸ
367 1538 492 1572 Ὶδιθοὺμ,
508 1537 680 1571 ἑνόςκριτοῦ
687 1537 858 1571 ἐρχομένου.

297 1583 405 1610 Titulus
420 1583 581 1618 przepusitus
595 1583 716 1610 continet
732 1592 738 1610 :
756 1583 788 1609 In
807 1583 885 1617 finem
898 1581 1018 1608 Idilhum
1035 1579 1168 1606 canticum
1192 1577 1289 1605 David.
1309 1577 1366 1604 Hoc
1386 1581 1476 1604 autem
1499 1576 1644 1610 signiﬁcat,
1658 1575 1730 1609 quod
1750 1575 1881 1602 canticum

262 1629 334 1658 istud
346 1629 447 1656 dictum
462 1633 503 1655 est
517 1636 531 1655 a
548 1629 647 1656 Davide
658 1629 705 1655 uni
716 1629 801 1663 judici
819 1627 982 1655 advenienti.
998 1626 1036 1653 lla
1049 1626 1121 1653 enim
1139 1626 1331 1659 interpretatur
1346 1623 1461 1649 Idithum
1477 1631 1482 1648 :
1500 1630 1568 1647 unus
1576 1620 1661 1654 judeJ;
1675 1621 1827 1647 adveniens.

298 1677 323 1703 l.
339 1675 490 1703 Deliberavi
507 1676 578 1703 haud
593 1676 711 1710 amplius
729 1677 879 1710 producere
892 1682 1048 1706 sermones,

1136 1673 1163 1702 1.
1181 1671 1402 1706 Ἐϐουλευσάμην
1421 1669 1458 1705 μὴ
1477 1669 1558 1695 πάλιν
1572 1668 1610 1703 (5)
1627 1669 1690 1699 τοὺς
1708 1668 1804 1702 λόγους
1826 1668 1883 1698 τοὺς

263 1723 309 1758 qui
325 1722 391 1749 mihi
403 1722 437 1749 ab
449 1722 561 1749 inimico
572 1727 764 1757 suggeruntur.

1101 1719 1176 1754 παρὰ
1195 1718 1240 1745 τοῦ
1256 1716 1354 1753 ἐχθροῦ
1371 1725 1416 1751 μοι
1433 1713 1676 1748 ὑποϐαλλομένους.

296 1769 323 1796 ‘2.
336 1768 470 1804 Proposui
483 1768 588 1795 nullum
602 1768 714 1796 verbum
722 1767 841 1795 otiosum
855 1767 1005 1802 producere
1016 1772 1050 1792 ex

1133 1765 1160 1792 2.
1182 1763 1297 1799 Ἐθέμην
1307 1763 1353 1789 τοῦ
1366 1762 1466 1798 μηδένα
1479 1761 1555 1794 λόγον
1567 1759 1650 1795 ἀργὸν
1665 1759 1797 1794 προάγειν
1811 1759 1845 1793 (4)
1857 1759 1883 1785 ἐκ

264 1823 312 1843 ore
325 1823 395 1842 meo.

1100 1811 1148 1838 τοῦ
1167 1810 1299 1845 στόματός
1314 1818 1376 1844 μου.

300 1862 327 1889 5.
342 1861 486 1889 Diabolum
506 1860 648 1897 signiﬁcat.

1137 1857 1163 1884 5.
1180 1857 1232 1883 Τὸν
1249 1855 1371 1882 διάϐολον
1381 1854 1464 1888 λέγει.

300 1908 327 1934 4.
344 1907 487 1935 Abducens
504 1896 636 1942 meipsum
653 1914 668 1934 a
684 1906 763 1933 bonis
785 1904 889 1936 mundi,
907 1908 934 1930 et
955 1903 1050 1930 solita-

1137 1903 1164 1930 4.
1182 1902 1268 1937 ’Ἄρας
1288 1901 1383 1927 ἑαυτὸν
1399 1901 1431 1926 ἐκ
1450 1898 1504 1926 τῶν
1518 1897 1628 1933 ἀγαθῶν
1642 1897 1690 1924 τοῦ
1715 1897 1829 1932 κόσμου,
1845 1896 1885 1922 καὶ

265 1953 323 1982 rius
332 1953 430 1981 sedens
445 1954 580 1988 meipsum
596 1953 623 1980 in
636 1952 745 1980 silentio
759 1950 948 1978 humiliabam.

1128 1948 1248 1979 ιθεςθεὶς
1261 1946 1333 1974 κατὰ
1348 1946 1442 1982 μόνας,
1459 1945 1617 1972 ὲταπείνουν
1628 1944 1724 1970 ἑαυτὸν
1738 1943 1884 1978 ἡσυχάζων.

302 2000 329 2027 5.
345 1999 379 2027 Ει
394 1999 554 2027 recordatus
566 2007 627 2026 sum
640 1998 743 2034 peccati
761 1997 824 2024 mei.

1141 1995 1167 2022 5.
1184 1993 1236 2020 Καὶ
1249 1991 1464 2027 ὑπεμνησκόμην
1486 1990 1535 2025 τῆς
1554 1989 1690 2025 ἁμαρτίας
1709 1997 1771 2023 μου.

303 2046 331 2073 6.
350 2046 485 2081 Ingemuit
500 2053 548 2073 cor
562 2053 653 2072 meum
671 2045 743 2072 intra
754 2051 807 2071 me.

1139 2042 1165 2069 6.
1182 2041 1292 2067 ’Ἑτενεν
1308 2039 1344 2075 (5)
1359 2039 1376 2073 ὴ
1396 2037 1495 2074 καρδία
1511 2046 1562 2072 μου
1581 2036 1656 2067 ὲντός
1672 2044 1732 2070 μου.

274 2129 286 2134 δ
304 2091 330 2119 ’1.
345 2091 378 2119 Ει
388 2080 448 2127 prae
464 2092 558 2119 dolore
567 2090 667 2119 exarsi.

1140 2087 1168 2114 7.
1186 2086 1239 2113 Kal
1254 2085 1409 2120 ὲφλεγόμην
1420 2083 1474 2110 ἀπὸ
1488 2082 1538 2117 τῆς
1548 2081 1644 2116 ὀδύνης
1659 2080 1707 2117 (6).

304 2139 330 2166 8.
348 2137 382 2166 Et
395 2139 470 2166 oravi
481 2139 576 2166 dicens
595 2148 600 2165 :
616 2138 655 2165 Da
675 2137 753 2170 mihi,
772 2136 896 2168 Domine,
911 2139 941 2162 ut
959 2134 1055 2165 sciam,

1143 2133 1169 2160 8.
1186 2132 1237 2158 Kal
1249 2130 1445 2167 προσηυχόμην
1458 2128 1544 2162 λέγων
1555 2136 1562 2142 ·
1581 2127 1630 2158 Δός
1646 2135 1701 2161 μοι,
1716 2125 1812 2160 Κύριε,
1826 2124 1887 2150 εἰδέ-

269 2185 379 2221 quando
393 2192 436 2213 me
451 2188 558 2220 oportet
569 2190 658 2212 astare
672 2188 720 2211 tuo
738 2181 878 2210 tribunali.

1107 2189 1161 2212 vat,
1176 2180 1216 2205 ὁτι
1228 2176 1400 2213 παραστῆναι
1414 2184 1447 2211 με
1461 2175 1501 2201 δεῖ
1513 2174 1551 2209 τῷ
1564 2172 1664 2208 βήματί
1676 2181 1733 2198 σου.

305 2231 331 2259 9.
347 2230 380 2258 Et
391 2231 462 2266 quod
470 2218 533 2258 dies
547 2231 599 2258 mei
614 2229 692 2265 pauci
705 2233 778 2257 sunt.

1140 2227 1167 2254 9.
1182 2225 1234 2252 Kal
1250 2226 1290 2252 ὅτι
1304 2225 1331 2250 αἱ
1344 2224 1446 2258 ἡμέραι
1463 2229 1513 2256 μου
1529 2219 1618 2253 ὀλίγαι
1630 2218 1706 2246 εἰσίν.

306 2277 351 2304 10.
369 2261 408 2304 Ut
417 2277 524 2304 tandem
535 2261 709 2312 cognoscam,
725 2275 792 2310 quid
803 2275 836 2302 de
848 2272 989 2310 pra‘ceptis
1004 2276 1058 2299 tuis

1145 2272 1189 2299 10.
1204 2272 1263 2298 Ἵνα
1283 2269 1340 2304 γνῶ
1360 2268 1454 2294 λοιπὸν
1477 2266 1504 2293 τί
1526 2265 1679 2301 παρέλειψα
1707 2263 1762 2290 τῶν
1782 2261 1888 2290 ἐντολῶν

271 2323 444 2359 praetermisi.

411 2323 444 2350 si.
1074 2350 1094 2359 ἢ
1111 2327 1167 2346 σου.

308 2350 352 2396 ll.
368 2367 536 2395 Miserabiles
549 2365 694 2401 signiﬁcat,
707 2368 733 2391 et
743 2363 898 2391 demetitos.

1074 2350 1096 2377 D
1146 2363 1190 2390 11.
1206 2360 1324 2396 Οἰκτρὰς
1337 2359 1424 2393 λέγει,
1439 2358 1487 2384 καὶ
1501 2356 1636 2393 μετρητάς
1650 2355 1699 2391 (7).

269 2427 272 2433 ι
309 2414 353 2441 12.
369 2413 462 2440 Pulvis
479 2420 550 2445 sum,
568 2411 665 2446 inquit.

1143 2409 1186 2436 12.
1206 2407 1358 2442 Χοῦςιείμι,
1374 2405 1459 2439 λέγει.

311 2461 354 2487 15.
369 2459 561 2487 Verumtamen
584 2465 666 2493 opera
692 2457 852 2490 hominum,
869 2464 930 2492 quae
950 2457 976 2484 in
1004 2464 1056 2484 noc

1145 2455 1188 2482 15.
1206 2453 1279 2489 Πλὴν
1289 2452 1324 2479 τὰ
1340 2451 1408 2487 ἔργα.
1421 2450 1474 2477 τῶν
1488 2448 1639 2485 ἀνθρώπων
1656 2447 1690 2474 τὰ
1708 2448 1736 2473 ὲν
1753 2446 1791 2481 τῷ
1803 2445 1890 2479 κόσμῳ

275 2506 387 2539 mundo,
406 2509 470 2533 sunt
484 2504 600 2532 vanitas.

599 2526 600 2531 η
1113 2501 1260 2538 ματαιότης
1273 2499 1355 2527 ἐστίν.

272 2547 274 2549 ’
311 2553 355 2580 M.
373 2551 463 2579 Veluti
476 2551 570 2578 umbra
588 2550 748 2579 transcurrit
762 2550 854 2577 homo.

1147 2548 1191 2575 M.
1205 2546 1278 2572 Ὠσεὶ
1291 2545 1328 2581 (8)
1343 2545 1407 2571 σκιὰ
1420 2544 1556 2580 δια-τρέχει
1571 2544 1586 2569 ὁ
1599 2542 1741 2578 ἅνθρωπος

312 2598 355 2626 15.
373 2598 405 2626 Et
420 2597 474 2632 hic,
492 2603 518 2625 et
532 2597 587 2625 illic
599 2597 786 2632 intempestive
802 2596 986 2631 perturbatur.

984 2617 986 2621 ,
1148 2593 1191 2621 15.
1212 2592 1267 2619 Καὶ
1281 2591 1404 2627 ἀκαίρως
1415 2587 1466 2617 ὦδε
1483 2590 1562 2617 κάκεῖ
1575 2588 1740 2623 θορυϐεῖται.

754 2677 905 2709 Addenda
920 2679 949 2706 et
966 2673 1153 2714 corrigenda
1179 2682 1218 2704 ex
1233 2673 1304 2704 cod.
1320 2670 1419 2703 Vatic.

315 2741 353 2777 (Ι)
371 2742 402 2769 Ἠ
411 2741 456 2777 διὰ
469 2741 519 2776 τῆς
533 2740 838 2777 κινναϐάρεως-περ.-.-
892 2773 903 2777 _
954 2772 974 2777 __
988 2772 994 2777 _
1016 2772 1027 2777 Α
1209 2734 1346 2777 Ἔργενεν.

316 2765 354 2812 ia}
375 2765 742 2812 ’ἰὲῐόξὺεῖᾠάῐμδξᾦὲἧξὲῷ
758 2765 855 2802 Δάσίδ-
873 2773 941 2809 αὕτη
953 2772 1059 2808 ἐλέχθη,
1151 2765 1190 2812 (gi
1207 2769 1319 2812 ςρξύνης
1331 2765 1630 2812 τῆςῇενιῖῇμξιιμχῇῌμρυ.

316 2799 353 2812 1-1
385 2799 490 2812 “""r‘
506 2799 608 2812 Y""(""l
622 2799 691 2811 Τ“·ιτ
710 2799 739 2810 νγ
758 2799 837 2802 ἀνίη
876 2799 881 2800 ν
897 2799 901 2800 ν
935 2799 941 2809 ι
998 2799 1014 2808 Α

281 2818 332 2840 etc.

876 2799 901 2800 “
935 2799 941 2809 ‘
998 2799 1014 2808 “
1043 2799 1058 2807 "
1153 2799 1608 2840 (ηκαιμέτρηξάςάεὖτίίη⁶⁰¹¹’

318 2847 354 2880 (ὅ)
372 2847 417 2882 Μὴ
428 2847 516 2872 λαλεῖν
534 2866 540 2873 .
561 2867 566 2873 .
586 2867 593 2874 .
611 2844 706 2881 ἐχθροῦ
725 2853 785 2880 μου.
1151 2840 1190 2876 (8)
1210 2840 1264 2866 Kal
1274 2840 1321 2870 ὡς.

318 2882 354 2917 (ι)
372 2883 550 2917 ιῖροαζάγεῖν.
