1916 3052
248 158 302 186 803

285 217 331 245 51.
348 215 466 243 Remitte
481 213 548 241 milii
561 217 591 240 ut
604 211 766 247 refrigerer;

285 261 330 289 32.
344 260 504 295 Priusquam
519 259 626 290 abeam,
640 262 667 285 et
682 257 800 292 amplius
816 264 870 284 non
890 264 948 283 ero.

319 317 353 345 In
370 317 458 352 ﬁnem,
471 315 588 350 psalmus
604 313 698 340 David.
716 311 818 339 PSAL.
837 311 973 340 XXXIX.

288 373 483 408 LExspectans
489 371 641 406 exspectavi
650 369 837 401 Dominum,et
844 369 956 396 intendit
963 368 1040 396 mihi:

285 419 312 446 2.
332 418 364 444 Et
376 416 513 445 exaudivit
527 423 621 451 preces
637 423 721 442 meas.

287 465 314 492 5.
332 463 366 491 Et
381 463 474 490 eduxit
487 469 529 488 me
540 462 574 488 de
590 461 651 488 lacu
664 461 794 492 miserint.

288 515 316 537 Α,
331 508 365 536 Ει
381 508 414 535 de
432 507 488 534 luto
503 507 577 534 faecis
594 514 600 531 :

289 556 316 583 5.
332 555 364 583 Et
375 554 468 582 statuit
483 561 563 588 super
578 557 682 588 petram
699 551 782 587 pedes
799 559 875 578 meos
892 559 898 577 :

289 602 316 628 (5.
332 600 365 628 Ει
380 600 481 627 direxit
497 606 607 633 gressus
622 605 708 624 meos.

291 645 316 672 7.
333 645 366 672 Et
380 643 494 671 immisit
511 643 537 669 in
555 649 586 669 os
604 649 706 673 meum,
721 640 856 669 canticum
875 647 976 667 novum
991 647 999 665 τ

289 692 316 720 8.
333 691 450 718 Carmen
466 689 522 716 Deo
536 694 641 716 nostro.

291 738 318 765 9.
338 736 477 764 Videbunt
503 734 580 762 multi
596 738 623 761 et
639 733 782 765 timebunt,
807 737 833 760 et
849 732 999 767 sperabunt
1017 732 1045 758 in

255 781 383 810 Domino.
868 776 870 781 '

266 828 337 854 '10.
355 826 457 854 Beatus
483 825 534 857 vir,
557 824 636 859 cujus
660 828 703 851 est
727 830 824 850 nomen
848 821 958 849 Domini
984 829 1046 857 spes

256 881 335 908 eius;

672 150 700 178 S.
722 148 907 178 ATHANASH
929 149 1003 176 OPP.
1025 149 1116 176 PARS
1134 147 1177 175 Ill.
1198 161 1234 168 —
1252 147 1460 176 EXEGETICA.

1828 143 1881 174 80]

1053 215 1079 242 Α
1128 209 1256 239 51.’Δνες
1274 216 1329 243 μοι,
1344 207 1387 233 ἴνα
1399 205 1543 240 ἅναψύξω·

1124 255 1166 281 3'2.
1187 254 1242 290 Πρὸ
1250 254 1296 280 τοῦ
1308 262 1341 289 με
1350 253 1488 284 ἀπελθεῖν,
1498 251 1545 278 καὶ
1555 248 1655 277 οὐκέτι
1665 249 1695 276 οὒ
1709 249 1748 285 μὴ
1757 249 1878 285 excipite.

1135 312 1187 343 Εις
1200 310 1231 337 τὸ
1246 309 1343 342 τέλας,
1360 307 1480 343 ψαλμὸς
1493 306 1532 339 τῷ
1548 305 1645 333 Δαῦἰδ.
1663 306 1752 332 ΨΔΛ.
1769 305 1834 332 AG’.

1127 369 1153 395 1.
1162 368 1317 402 ’Υπομένων
1324 365 1506 401 ὑπέμεινατὸν
1514 365 1674 401 Κύριον,καὶ
1683 364 1816 401 προσέσχε
1825 373 1879 401 μοι·

1127 414 1154 440 2.
1175 413 1229 440 Kal
1243 413 1387 447 εἰσήκουσε
1400 411 1450 446 τῆς
1462 410 1580 446 δεήσεως
1597 418 1658 445 μου.

1127 460 1154 486 5.
1175 458 1231 484 Kal
1245 456 1367 492 ἁνήγαγέ
1384 465 1416 491 με
1431 457 1462 482 ὲκ
1479 455 1582 482 λάκκου
1595 454 1794 490 ταλαιπωρίας.

1128 504 1154 530 4.
1176 503 1230 529 Καὶ
1245 501 1297 529 ἀπὸ
1312 501 1397 537 πηλοῦ
1414 500 1499 531 ἰλύος·

1130 551 1157 577 5.
1178 549 1234 577 Kal
1250 549 1362 583 ἔστησεν
1376 547 1422 573 ἐπὶ
1437 546 1540 582 πέτραν
1552 546 1614 578 τοὺς
1629 546 1714 577 πόδας
1732 553 1797 581 μου·

1129 597 1156 625 6.
1177 598 1231 624 Καὶ
1244 595 1391 623 κατεύϐυνε
1407 595 1440 622 τὰ
1453 594 1609 630 διαδήματα
1626 602 1687 629 μου.

1131 642 1157 669 7.
1177 642 1232 668 Kal
1246 640 1371 668 ἐνέϐαλεν
1384 641 1424 672 εἱς
1437 640 1467 666 τὸ
1481 640 1567 675 στόμα
1586 648 1636 675 μου
1649 637 1725 674 ᾆσμα
1741 639 1848 666 καινόν·

1131 688 1157 715 8.
1167 688 1269 722 Ὕμνον
1287 686 1325 721 τῷ
1340 685 1399 720 Θεῷ
1414 686 1493 721 ἡμῶν

1130 734 1157 762 9.
1167 733 1296 768 Ὄψονται
1313 732 1404 759 πολλοὶ
1417 731 1464 758 καὶ
1478 731 1687 767 φοϐηθήσονται,
1710 730 1759 757 καὶ
1778 730 1885 756 ὲλπιοῦ-

1097 788 1139 806 σιν
1155 779 1202 805 ἐπὶ
1215 777 1327 812 Κύριον.

1133 825 1177 851 10.
1192 823 1334 858 Μακάριος
1350 822 1431 858 ἀνὴρ,
1443 819 1473 849 οὗ
1488 822 1546 848 ἐστι
1556 821 1585 847 τὸ
1594 821 1679 856 ὖνομα
1691 819 1800 855 Κυρίου
1813 819 1887 851 ἐλπὶς

1097 879 1181 898 αυτου
1193 878 1199 885 ”

294 917 338 945 ll.
357 916 389 943 Et
404 924 459 944 nou
475 915 596 951 respexit
612 916 640 942 in
658 915 790 942 vanitates
806 919 835 942 et
850 913 971 942 insanias
994 912 1046 940 ial-
1063 927 1070 954 ι

1134 917 1178 943 11.
1197 916 1252 943 Kal
1265 916 1316 942 οὐκ
1329 914 1476 949 ἐπέϐλεψεν
1486 914 1526 946 εἰς
1541 913 1724 949 ματαιότητας
1737 912 1785 938 καὶ
1794 912 1887 947 μανίας

259 971 315 991 επις.

295 1009 338 1036 12.
355 1008 438 1037 Multa
459 1008 548 1037 fecisti
572 1012 611 1041 tu,
631 1006 745 1034 Domine
762 1006 834 1034 Deus
857 1013 946 1038 meus,
964 1005 1049 1032 mira-

259 1055 325 1082 bilia
340 1059 384 1082 tua
403 1062 410 1081 :

295 1101 340 1128 15.
354 1100 387 1128 Ει
403 1099 615 1136 cogitationibus
638 1098 693 1126 tuis
709 1105 763 1125 non
777 1101 821 1124 est
835 1096 883 1132 qui
899 1096 996 1124 similis
1016 1096 1052 1123 sit

261 1147 311 1174 tibi
327 1155 334 1173 :

278 1201 281 1204 '
298 1193 342 1219 M.
359 1192 525 1219 Annuntiavi
537 1196 565 1219 et
583 1191 692 1218 locutus
705 1197 766 1217 sum
777 1210 785 1222 ,
799 1188 970 1223 multiplicati
985 1191 1049 1215 sunt

261 1246 343 1274 super
357 1246 512 1266 numerum.

1098 963 1215 998 ψευδεῖς.

1134 1007 1178 1034 12.
1197 1006 1284 1033 Πολλὰ
1298 1006 1432 1041 ἐποίησας
1447 1005 1491 1037 σὺ,
1501 1004 1587 1040 Κύριε
1604 1005 1618 1030 ὁ
1631 1003 1697 1034 Θεός
1709 1011 1772 1039 μου,
1782 1003 1817 1030 τὰ
1827 1003 1889 1029 61o-

1101 1053 1186 1089 μάσιά
1203 1061 1250 1079 σου
1262 1061 1269 1068 ·

1135 1099 1179 1125 15.
1194 1098 1249 1124 Kal.
1261 1099 1318 1129 τοῖς
1333 1096 1516 1132 διαλογισμοῖς
1529 1103 1575 1121 σου
1595 1095 1644 1121 οὐκ
1659 1095 1716 1121 ἐστι
1733 1095 1777 1127 τίς
1793 1095 1888 1129 ὁμοιω-

1101 1144 1215 1180 θήσεται
1231 1153 1284 1171 σοι.

1135 1191 1179 1218 14.
1194 1190 1362 1226 Ἀπήγγειλα
1384 1189 1431 1216 καὶ
1454 1188 1582 1223 ἐλάλησα,
1596 1186 1807 1222 ὲπληθύνθησαν
1821 1186 1886 1220 ὑπὲρ

1102 1236 1230 1272 ἀριθμόν.

824 1302 1015 1332 ATHANAS“
1034 1301 1330 1330 INTERPRETATIO.

297 1376 342 1408 5|,
359 1376 405 1402 '52.
418 1374 504 1402 Parce
517 1374 585 1401 mihi
602 1373 764 1409 priusquam
785 1379 883 1400 rursus
907 1371 1002 1398 abeam
1022 1370 1050 1397 in

261 1426 373 1454 terram,
387 1429 420 1448 ex
437 1427 490 1455 qua
505 1424 630 1454 sumptus
645 1427 716 1447 sum.

1139 1370 1184 1402 51,
1199 1370 1243 1397 52.
1270 1369 1450 1406 Συγχώρησόν
1475 1379 1521 1406 μοι
1545 1369 1599 1405 πρὸ
1609 1368 1655 1396 τοῦ
1668 1368 1797 1396 ἀπελθεῖν
1814 1370 1890 1396 πάλιν

1105 1417 1144 1448 εἰς
1160 1416 1209 1452 τὴν
1223 1417 1285 1452 γῆν,
1300 1418 1329 1450 ἐξ
1346 1415 1380 1451 ἧς
1393 1417 1523 1452 ἐλήφθην.

302 1479 335 1505 Ἦ
350 1477 516 1514 προκειμένη
530 1477 669 1513 ἐπιγραφὴ
684 1476 805 1512 περιέχει
819 1475 858 1511 (1)
868 1483 875 1490 θ
894 1475 948 1508 Εἰς
963 1475 997 1502 τὸ
1012 1473 1101 1506 τέλος
1117 1468 1158 1506 τῷ
1173 1472 1262 1499 Δαϐίδ
1273 1472 1322 1508 (2).
1338 1472 1423 1499 Τοῦτο
1438 1470 1484 1499 οὖν
1494 1472 1568 1506 λέγει
1583 1472 1646 1503 τοὺς
1660 1471 1713 1504 ἕως
1727 1471 1821 1503 τέλους
1832 1472 1889 1498 κολ-

262 1527 359 1555 λᾶσθαι
375 1527 413 1562 τῷ
425 1526 529 1562 Κυρίῳ,
548 1526 597 1560 και
613 1525 650 1560 μὴ
664 1524 830 1560 ἀφίστασθαι
844 1524 939 1560 αὐτήν.

299 1573 406 1601 Titulus
429 1573 592 1608 praepositus
617 1573 736 1599 continet
752 1581 759 1599 :
777 1571 809 1598 In
828 1571 907 1605 ﬁnem
923 1569 1042 1605 psalmus
1064 1568 1163 1596 David.
1180 1567 1237 1596 Hoc
1249 1569 1331 1604 igitur
1346 1567 1481 1603 signiﬁcat
1493 1568 1565 1601 illos,
1581 1569 1628 1604 qui
1643 1577 1730 1604 usque
1757 1569 1786 1596 in
1813 1569 1891 1596 ﬁnem

263 1622 381 1649 Domino
395 1621 545 1651 adhaerent,
561 1623 588 1646 et
604 1619 637 1646 ab
653 1619 714 1654 ipso
729 1625 782 1645 non
800 1616 939 1644 deﬁciunt.

299 1670 325 1696 1.
339 1668 524 1696 indesinenter
540 1673 703 1702 permanens
717 1665 745 1692 in
758 1665 882 1692 oratione
898 1671 967 1691 mea.

298 1715 324 1742 2.
343 1714 510 1749 Exspectans
524 1713 597 1741 enim
612 1712 827 1740 misericordiam
842 1711 902 1746 ejus
920 1710 978 1746 ipsa
997 1717 1052 1737 non

264 1761 447 1789 fraudabitur.

300 1808 326 1839 3,
344 1806 370 1833 4.
383 1806 560 1833 Peccalorum
578 1807 712 1832 meorum.

300 1854 327 1881 5.
342 1853 372 1880 in
392 1852 532 1887 praeceptis
548 1851 606 1878 suis
619 1849 774 1878 obﬁrmavit
791 1853 909 1876 mentem
927 1855 1025 1875 meam.

301 1941 328 1968 6.
344 1939 372 1967 ιιι
387 1947 468 1967 omne
482 1947 550 1974 opus
566 1939 667 1966 bonum
681 1937 780 1964 direxit
796 1945 844 1964 cor
862 1943 965 1963 meum.

301 1987 329 2020 7,
345 1986 371 2013 8.
387 1985 421 2012 Et
435 1985 566 2012 charitate
590 1992 640 2011 sua
662 1983 768 2017 eﬂ‘ecit,
788 1987 818 2010 ut
835 1990 896 2010 eum
919 1980 1054 2017 gloriﬁca-

265 2039 324 2060 rem
329 2051 337 2058 .

301 2078 328 2105 9.
346 2076 472 2104 Videntes
497 2083 592 2103 omnes
614 2073 737 2105 veniam,
753 2080 835 2108 quam
852 2071 970 2107 peccatis
986 2070 1054 2098 meis

266 2122 396 2156 elargitus
410 2125 463 2154 est,
480 2118 660 2154 obstupefacti
684 2118 796 2145 credent
820 2117 848 2144 in
870 2117 929 2151 ejus
944 2116 1054 2144 miseri-

266 2167 405 2205 cordiam.

303 2213 347 2240 10.
363 2211 429 2239 Nam
454 2219 567 2247 sperans
585 2210 612 2237 in
628 2217 702 2242 eum,
720 2209 812 2237 omnia
828 2209 912 2240 bona,
929 2215 990 2243 quae
1004 2215 1055 2243 po-

267 2258 362 2290 stulat,
380 2258 414 2284 ab
428 2264 461 2284 eo
476 2260 606 2291 reportat,
630 2263 717 2290 neque
734 2255 865 2290 petitione
882 2262 931 2282 sua
943 2254 1054 2282 excidit.

303 2303 345 2330 11.
371 2302 399 2329 ln
424 2302 573 2334 maleﬁcia,
598 2301 706 2335 inquit,
725 2305 772 2327 aut
796 2300 988 2333 divinationes,
1009 2305 1056 2327 aut

268 2346 462 2379 astronomias,
488 2351 534 2373 aut
557 2346 696 2377 veneﬁcia,
724 2351 771 2372 aut
794 2345 979 2377 idololatrias,
1009 2350 1056 2373 aut

269 2393 477 2425 incantationes,
490 2397 537 2419 aut
551 2392 691 2426 ligaturas,
706 2394 753 2418 aut
769 2391 870 2425 aliquid
885 2391 1055 2426 hujusmodi.

306 2437 348 2464 l2.
367 2437 560 2463 luenarrabilia
578 2440 641 2463 sunt
657 2436 787 2463 benelicia
803 2441 860 2463 tua.

305 2482 348 2514 15,
363 2482 405 2508 14.
427 2481 461 2509 Ει
476 2482 522 2516 qui
536 2486 610 2509 tanta
636 2482 706 2509 bona
735 2482 815 2509 nobis
832 2482 982 2517 provideat,
1002 2491 1057 2511 non

270 2531 311 2554 est
329 2527 409 2559 alius,
422 2531 450 2555 et
465 2527 522 2555 haec
538 2527 596 2562 ipsa
612 2527 747 2561 enarravi,
763 2531 789 2556 cl
805 2528 872 2561 dixi,
887 2529 960 2564 quod
978 2529 1057 2557 innu-

270 2580 345 2600 mera
361 2577 434 2600 sunt.

1066 1665 1087 1693 C
1139 1664 1166 1691 1.
1177 1663 1370 1696 Ἀδιαλείπτως
1385 1663 1527 1699 ὑπομένων
1543 1663 1582 1697 (5)
1596 1664 1629 1698 τῇ
1646 1663 1786 1698 προσευχῇ
1803 1671 1864 1698 μου.

1139 1709 1166 1736 2.
1187 1710 1224 1735 Οὐ
1248 1709 1285 1744 (4)
1307 1709 1361 1746 γὰρ
1384 1709 1539 1746 περιμένων
1556 1709 1638 1736 αὐτοῦ
1660 1709 1692 1735 τὸ
1710 1709 1796 1743 ἔλεος,
1811 1710 1842 1736 οὺ
1857 1709 1892 1744 μὴ

1105 1756 1220 1791 στερηθῇ
1234 1756 1337 1783 τούτου.

1139 1803 1166 1835 5,
1184 1803 1210 1829 1.
1229 1803 1289 1828 Τῶν
1307 1802 1449 1838 ἁμαρτιῶν
1466 1811 1527 1837 μου.

1139 1847 1165 1874 5.
1183 1848 1229 1879 Εἰς
1249 1847 1298 1880 τὰς
1311 1847 1420 1880 ἐντολὰς
1439 1848 1521 1874 αὑτοῦ
1544 1848 1708 1883 ἐπεστήρισε
1723 1846 1761 1882 (5)
1777 1846 1828 1883 τὴν
1840 1846 1892 1874 διά-

1104 1893 1179 1921 νοιάν
1195 1903 1257 1929 μου.

1139 1938 1166 1964 6.
1181 1938 1228 1969 Εἰς
1240 1938 1294 1964 πᾶν
1302 1938 1382 1974 ἔργον
1391 1939 1492 1973 ἀγαθὸν
1501 1938 1647 1966 κατεύθυνε
1655 1938 1704 1974 τὴν
1711 1939 1826 1975 καρδίαν
1835 1948 1891 1975 μου.

1140 1984 1166 2016 7,
1183 1985 1209 2011 8.
1226 1985 1280 2011 Kal
1292 1984 1336 2012 διὰ
1349 1985 1399 2021 τῆς
1412 1985 1523 2021 χάριτος
1535 1985 1618 2013 αὐτοῦ
1632 1986 1747 2022 ἐποίησέ
1765 1995 1801 2022 με
1819 1988 1892 2019 δοξά-

1104 2029 1161 2062 ζειν
1175 2030 1268 2058 αὐτόν.

1139 2076 1167 2105 9.
1182 2077 1350 2113 Ἐωρακότες
1364 2078 1464 2110 πάντες
1484 2078 1533 2114 τὴν
1552 2078 1725 2115 συγχώρησιν
1740 2079 1797 2106 τῶν
1811 2080 1893 2115 ἁμαρ-

1105 2121 1180 2155 τιῶν,
1202 2120 1239 2149 ὧν
1261 2124 1416 2159 ὲχαρήσατό
1432 2133 1488 2160 μοι,
1502 2124 1720 2160 ὲκπλησσόμενοι
1739 2126 1893 2152 πιστεύσου-

1107 2177 1147 2195 σιν
1163 2169 1199 2204 (6)
1217 2170 1263 2196 ὲπὶ
1277 2170 1307 2196 τὸ
1320 2170 1393 2202 ἔλεος
1410 2170 1503 2198 αὐτοῦ.

1142 2213 1184 2240 10.
1202 2213 1230 2240 ’0
1242 2213 1295 2250 γὰρ
1307 2214 1424 2246 ἐλπίζων
1432 2215 1474 2241 ἐπ’
1485 2215 1566 2242 αὑτὸν
1573 2216 1663 2243 πᾶσαν
1671 2215 1781 2252 αἴτησιν
1790 2217 1895 2251 ἀγαθῶν

1107 2259 1247 2295 κομίζεται
1309 2261 1374 2296 παρ’
1390 2261 1483 2295 αὐτοῦ,
1493 2262 1542 2287 οὐκ
1555 2261 1587 2288 ἂν
1594 2261 1679 2296 αὐτῆς
1690 2262 1769 2294 ἐκτὸς
1777 2263 1893 2297 γένηται.

1142 2306 1185 2333 11.
1201 2307 1248 2338 Εἰς
1266 2307 1402 2342 μάστιγας
1417 2307 1454 2343 (8)
1474 2308 1561 2342 λέγει,
1575 2309 1591 2344 ἢ
1616 2310 1758 2344 μαντείας,
1772 2310 1790 2346 ἦ
1805 2311 1896 2346 ἀστρο-

1107 2352 1245 2388 νομίας,ἢ
1269 2353 1487 2390 φαρμακείας,ἣ
1512 2354 1744 2391 εἰδωλολατρείας,
1766 2356 1784 2392 ἢ
1809 2358 1895 2383 ἐπαοι-

1108 2398 1178 2430 δίας,
1194 2398 1210 2434 ἢ
1225 2399 1289 2434 περὶ
1304 2399 1438 2435 ἆμμασιν,
1453 2401 1469 2436 ἦ
1483 2410 1510 2427 τι
1521 2401 1575 2427 τῶν
1589 2402 1726 2429 τοιούτων,

1147 2444 1189 2470 12.
1199 2443 1401 2481 Ἀνεκδιήγητοί
1414 2447 1483 2473 εἰσιν
1497 2447 1524 2474 αἱ
1540 2447 1694 2483 εὐεργεσίαι
1709 2457 1768 2476 σου.

1145 2489 1189 2522 15,
1205 2489 1248 2516 14.
1264 2490 1301 2525 (9)
1317 2491 1372 2517 Καὶ
1393 2491 1478 2524 οὕτως
1501 2493 1590 2527 ἀγαθὰ
1618 2493 1814 2529 βουλευόμενος
1837 2494 1894 2530 περὶ

1111 2533 1188 2568 ἡμῶν
1210 2534 1260 2561 οὐκ
1278 2534 1352 2562 ἔστιν
1368 2536 1457 2570 ἄλλος,
1472 2538 1519 2564 xal
1533 2537 1602 2564 αὐτὰ
1619 2537 1704 2564 ταῦτα
1717 2538 1894 2574 διηγησάμην,

1111 2579 1158 2605 καὶ
1173 2578 1302 2615 ἐλάλησα,
1318 2581 1360 2607 ὅτι
1375 2581 1445 2618 ὑπὲρ
1457 2582 1573 2619 ἀριθμόν
1584 2583 1646 2609 εἰσι.

745 2643 897 2675 Addenda
912 2649 942 2675 et
957 2646 1143 2686 corrigenda
1176 2656 1215 2678 ex
1233 2649 1303 2680 cod.
1318 2650 1421 2682 Vatic.

308 2690 346 2729 (1)
357 2691 443 2729 ᾘῌδιὰ
458 2694 507 2729 τῆς
523 2693 707 2729 κινναϐάρεως
724 2702 786 2728 περ.

306 2726 345 2764 (ζὶ)
366 2727 410 2763 Τῷ
424 2726 504 2755 Δαὸϊδ
519 2726 651 2764 ψαλμόςί.
665 2749 672 2756 .
693 2726 767 2762 λέγει
783 2729 834 2760 ἓως
848 2728 894 2755 τοῦ
911 2729 1013 2762 τέλους.
1029 2751 1035 2758 .
1049 2751 1057 2758 .

271 2761 438 2796 ἀφίστασθαι
453 2761 546 2792 αὑτοῦ.

308 2797 347 2842 ei
360 2798 506 2842 ξιπέμενον
523 2801 555 2835 τῇ
575 2800 721 2835 προσευχῇ·
741 2798 821 2826 necs:

320 2831 348 2866 ι)
361 2832 400 2859 '0.

320 2834 348 2866 ι)
361 2834 400 2859 '0.

308 2834 348 2900 (ὅ)
361 2867 533 2904 Ἐπέστησεν.

1158 2697 1185 2733 6)
1205 2698 1392 2728 Πιστεύουσιν.

1161 2734 1186 2769 7)
1207 2734 1408 2769 Κομίζεσθαι...
1422 2736 1538 2768 γίνεται.

1149 2768 1186 2838 (8)
1195 2769 1304 2803 Μαγίας
1314 2769 1422 2806 λέγει,ῆ
1436 2773 1476 2802 εἰς
1488 2772 1649 2806 μαντείας...
1662 2772 1679 2808 ἢ
1691 2773 1840 2806 ἐπαοιδίας,
1849 2779 1891 2800 etr.

1162 2804 1187 2836 3)
1207 2804 1241 2830 N.
1256 2805 1298 2831 15.
1315 2806 1369 2832 Καὶ
1384 2805 1480 2838 οὕτως,
1495 2811 1559 2838 etc..
1575 2807 1662 2838 ἄλλος.
1676 2809 1711 2836 Ν.
1730 2808 1778 2837 HI
1789 2810 1843 2837 Kal
1853 2810 1891 2835 αὑ-

1132 2804 1187 2844 Ἶω)
1207 2804 1241 2830 N.
1256 2805 1298 2844 l_5.
1315 2806 1369 2844 K_al
1384 2804 1559 2844 ρξξτιρςίςιρη
1575 2807 1662 2840 ἄλλος.
1673 2804 1711 2836 N.
1730 2808 1778 2837 HI
1789 2804 1843 2837 Kal
1853 2810 1893 2835 αὑ-

1114 2839 1159 2873 τά,
1171 2843 1236 2872 ele.,
1252 2839 1314 2866 εἰσι.
1331 2840 1364 2867 N.
1384 2841 1425 2868 15.
1439 2839 1619 2876 euaiav,'elc.
