  <div class='ocr_page' id='page_1' title='image "/cluster/home/n/w/nwhite01/storage/ocr_20150623/27/njp.32101010944609/431.png"; bbox 0 0 1896 3052; ppageno 0'>
   <div class='ocr_carea' id='block_1_1' title="bbox 233 160 280 188">
    <p class='ocr_par' dir='ltr' id='par_1_1' title="bbox 233 160 280 188">
     <span class='ocr_line' id='line_1_1' title="bbox 233 160 280 188; baseline 0 0"><span class='ocrx_word' id='word_1_1' title='bbox 233 160 280 188; x_wconf 81' lang='grc'><strong>811</strong></span> 
     </span>
    </p>
   </div>
   <div class='ocr_carea' id='block_1_2' title="bbox 269 215 1052 249">
    <p class='ocr_par' dir='ltr' id='par_1_2' title="bbox 269 215 1052 249">
     <span class='ocr_line' id='line_1_2' title="bbox 269 215 1052 249; baseline -0.004 -1"><span class='ocrx_word' id='word_1_2' title='bbox 269 220 312 247; x_wconf 78' lang='grc' dir='ltr'><strong>Η.</strong></span> <span class='ocrx_word' id='word_1_3' title='bbox 330 219 479 248; x_wconf 77' lang='lat' dir='ltr'><strong>Adversum</strong></span> <span class='ocrx_word' id='word_1_4' title='bbox 489 226 531 246; x_wconf 88' lang='lat' dir='ltr'><strong>me</strong></span> <span class='ocrx_word' id='word_1_5' title='bbox 542 219 721 246; x_wconf 83' lang='lat' dir='ltr'><strong>susurrabant</strong></span> <span class='ocrx_word' id='word_1_6' title='bbox 733 225 828 245; x_wconf 88' lang='lat' dir='ltr'><strong>omnes</strong></span> <span class='ocrx_word' id='word_1_7' title='bbox 837 216 940 244; x_wconf 87' lang='lat' dir='ltr'><strong>inimici</strong></span> <span class='ocrx_word' id='word_1_8' title='bbox 950 215 1012 249; x_wconf 86' lang='lat' dir='ltr'><strong>mei,</strong></span> <span class='ocrx_word' id='word_1_9' title='bbox 1029 217 1052 245; x_wconf 80' lang='grc' dir='ltr'><strong>Δ</strong></span> 
     </span>
    </p>
   </div>
   <div class='ocr_carea' id='block_1_3' title="bbox 266 263 874 301">
    <p class='ocr_par' dir='ltr' id='par_1_3' title="bbox 266 263 874 301">
     <span class='ocr_line' id='line_1_3' title="bbox 266 263 874 301; baseline -0.005 -8"><span class='ocrx_word' id='word_1_10' title='bbox 266 267 309 294; x_wconf 78' lang='lat' dir='ltr'><strong>t5.</strong></span> <span class='ocrx_word' id='word_1_11' title='bbox 327 267 476 295; x_wconf 75' lang='lat' dir='ltr'><strong>Adversum</strong></span> <span class='ocrx_word' id='word_1_12' title='bbox 489 273 531 293; x_wconf 90' lang='lat' dir='ltr'><strong>me</strong></span> <span class='ocrx_word' id='word_1_13' title='bbox 545 266 700 301; x_wconf 78' lang='lat' dir='ltr'><strong>cogitabant</strong></span> <span class='ocrx_word' id='word_1_14' title='bbox 711 264 781 292; x_wconf 83' lang='lat' dir='ltr'><strong>mala</strong></span> <span class='ocrx_word' id='word_1_15' title='bbox 797 263 874 291; x_wconf 84' lang='lat' dir='ltr'><strong>mihi.</strong></span> 
     </span>
    </p>
   </div>
   <div class='ocr_carea' id='block_1_4' title="bbox 269 311 1014 348">
    <p class='ocr_par' dir='ltr' id='par_1_4' title="bbox 269 311 1014 348">
     <span class='ocr_line' id='line_1_4' title="bbox 269 311 1014 348; baseline -0.008 -7"><span class='ocrx_word' id='word_1_16' title='bbox 269 314 311 341; x_wconf 79' lang='grc'><strong>16.</strong></span> <span class='ocrx_word' id='word_1_17' title='bbox 331 313 449 341; x_wconf 84' lang='lat' dir='ltr'><strong>Verbum</strong></span> <span class='ocrx_word' id='word_1_18' title='bbox 461 313 583 348; x_wconf 87' lang='lat' dir='ltr'><strong>iniquum</strong></span> <span class='ocrx_word' id='word_1_19' title='bbox 593 311 944 340; x_wconf 85' lang='lat' dir='ltr'><strong>constitueruntadversum</strong></span> <span class='ocrx_word' id='word_1_20' title='bbox 955 316 997 336; x_wconf 91' lang='lat' dir='ltr'><strong>me</strong></span> <span class='ocrx_word' id='word_1_21' title='bbox 1008 318 1014 335; x_wconf 74' lang='grc' dir='ltr'><strong>ι</strong></span> 
     </span>
    </p>
   </div>
   <div class='ocr_carea' id='block_1_5' title="bbox 269 355 1017 394">
    <p class='ocr_par' dir='ltr' id='par_1_5' title="bbox 269 355 1017 394">
     <span class='ocr_line' id='line_1_5' title="bbox 269 355 1017 394; baseline -0.007 -8"><span class='ocrx_word' id='word_1_22' title='bbox 269 359 312 387; x_wconf 85' lang='lat' dir='ltr'><strong>l7.</strong></span> <span class='ocrx_word' id='word_1_23' title='bbox 328 357 455 394; x_wconf 87' lang='lat' dir='ltr'><strong>Nunquid</strong></span> <span class='ocrx_word' id='word_1_24' title='bbox 467 357 513 393; x_wconf 89' lang='lat' dir='ltr'><strong>qui</strong></span> <span class='ocrx_word' id='word_1_25' title='bbox 525 357 625 384; x_wconf 94' lang='lat' dir='ltr'><strong>dormit</strong></span> <span class='ocrx_word' id='word_1_26' title='bbox 637 364 691 384; x_wconf 94' lang='lat' dir='ltr'><strong>non</strong></span> <span class='ocrx_word' id='word_1_27' title='bbox 705 355 815 391; x_wconf 70' lang='lat' dir='ltr'><strong>adiiciet</strong></span> <span class='ocrx_word' id='word_1_28' title='bbox 825 360 855 382; x_wconf 91' lang='lat' dir='ltr'><strong>ut</strong></span> <span class='ocrx_word' id='word_1_29' title='bbox 872 355 1017 390; x_wconf 74' lang='lat' dir='ltr'><strong>resurgat?</strong></span> 
     </span>
    </p>
   </div>
   <div class='ocr_carea' id='block_1_6' title="bbox 267 400 963 438">
    <p class='ocr_par' dir='ltr' id='par_1_6' title="bbox 267 400 963 438">
     <span class='ocr_line' id='line_1_6' title="bbox 267 400 963 438; baseline -0.009 -6"><span class='ocrx_word' id='word_1_30' title='bbox 267 405 310 432; x_wconf 78' lang='grc'><strong>18.</strong></span> <span class='ocrx_word' id='word_1_31' title='bbox 329 404 434 432; x_wconf 86' lang='lat' dir='ltr'><strong>Etenim</strong></span> <span class='ocrx_word' id='word_1_32' title='bbox 447 403 530 431; x_wconf 87' lang='lat' dir='ltr'><strong>homo</strong></span> <span class='ocrx_word' id='word_1_33' title='bbox 543 402 618 438; x_wconf 83' lang='lat' dir='ltr'><strong>pacis</strong></span> <span class='ocrx_word' id='word_1_34' title='bbox 630 409 706 434; x_wconf 59' lang='lat' dir='ltr'><strong>meai,</strong></span> <span class='ocrx_word' id='word_1_35' title='bbox 729 402 756 428; x_wconf 91' lang='lat' dir='ltr'><strong>in</strong></span> <span class='ocrx_word' id='word_1_36' title='bbox 772 408 827 436; x_wconf 89' lang='lat' dir='ltr'><strong>quo</strong></span> <span class='ocrx_word' id='word_1_37' title='bbox 844 400 963 436; x_wconf 83' lang='lat' dir='ltr'><strong>speravi,</strong></span> 
     </span>
    </p>
   </div>
   <div class='ocr_carea' id='block_1_7' title="bbox 269 491 1017 528">
    <p class='ocr_par' dir='ltr' id='par_1_7' title="bbox 269 491 1017 528">
     <span class='ocr_line' id='line_1_7' title="bbox 269 491 1017 528; baseline -0.008 -5"><span class='ocrx_word' id='word_1_38' title='bbox 269 496 312 523; x_wconf 77' lang='lat' dir='ltr'><strong>l9.</strong></span> <span class='ocrx_word' id='word_1_39' title='bbox 330 494 381 528; x_wconf 85' lang='lat' dir='ltr'><strong>Qui</strong></span> <span class='ocrx_word' id='word_1_40' title='bbox 399 494 496 522; x_wconf 83' lang='lat' dir='ltr'><strong>edebat</strong></span> <span class='ocrx_word' id='word_1_41' title='bbox 517 500 601 528; x_wconf 85' lang='lat' dir='ltr'><strong>panes</strong></span> <span class='ocrx_word' id='word_1_42' title='bbox 622 499 708 525; x_wconf 87' lang='lat' dir='ltr'><strong>meos,</strong></span> <span class='ocrx_word' id='word_1_43' title='bbox 732 491 914 527; x_wconf 76' lang='lat' dir='ltr'><strong>magniﬁcavit</strong></span> <span class='ocrx_word' id='word_1_44' title='bbox 935 498 1017 525; x_wconf 86' lang='lat' dir='ltr'><strong>super</strong></span> 
     </span>
    </p>
   </div>
   <div class='ocr_carea' id='block_1_8' title="bbox 234 539 547 576">
    <p class='ocr_par' dir='ltr' id='par_1_8' title="bbox 234 539 547 576">
     <span class='ocr_line' id='line_1_8' title="bbox 234 539 547 576; baseline -0.013 -6"><span class='ocrx_word' id='word_1_45' title='bbox 234 549 276 570; x_wconf 88' lang='lat' dir='ltr'><strong>me</strong></span> <span class='ocrx_word' id='word_1_46' title='bbox 291 539 547 576; x_wconf 69' lang='lat' dir='ltr'><strong>supplantationem.</strong></span> 
     </span>
    </p>
   </div>
   <div class='ocr_carea' id='block_1_9' title="bbox 267 581 1016 617">
    <p class='ocr_par' dir='ltr' id='par_1_9' title="bbox 267 581 1016 617">
     <span class='ocr_line' id='line_1_9' title="bbox 267 581 1016 617; baseline -0.007 -4"><span class='ocrx_word' id='word_1_47' title='bbox 267 586 312 614; x_wconf 85' lang='lat'><strong>20.</strong></span> <span class='ocrx_word' id='word_1_48' title='bbox 331 585 372 612; x_wconf 90' lang='lat' dir='ltr'><strong>Tu</strong></span> <span class='ocrx_word' id='word_1_49' title='bbox 387 589 476 612; x_wconf 88' lang='lat' dir='ltr'><strong>autem</strong></span> <span class='ocrx_word' id='word_1_50' title='bbox 488 605 494 617; x_wconf 85' lang='lat'><strong>,</strong></span> <span class='ocrx_word' id='word_1_51' title='bbox 510 583 641 616; x_wconf 88' lang='lat' dir='ltr'><strong>Domine,</strong></span> <span class='ocrx_word' id='word_1_52' title='bbox 663 582 792 610; x_wconf 84' lang='lat' dir='ltr'><strong>miserere</strong></span> <span class='ocrx_word' id='word_1_53' title='bbox 809 581 882 615; x_wconf 86' lang='lat' dir='ltr'><strong>mei,</strong></span> <span class='ocrx_word' id='word_1_54' title='bbox 897 585 924 609; x_wconf 90' lang='lat' dir='ltr'><strong>et</strong></span> <span class='ocrx_word' id='word_1_55' title='bbox 938 588 1016 608; x_wconf 87' lang='lat' dir='ltr'><strong>rcsu-</strong></span> 
     </span>
    </p>
   </div>
   <div class='ocr_carea' id='block_1_10' title="bbox 233 630 630 666">
    <p class='ocr_par' dir='ltr' id='par_1_10' title="bbox 233 630 630 666">
     <span class='ocr_line' id='line_1_10' title="bbox 233 630 630 666; baseline -0.008 -5"><span class='ocrx_word' id='word_1_56' title='bbox 233 634 302 662; x_wconf 75' lang='lat' dir='ltr'><strong>scita</strong></span> <span class='ocrx_word' id='word_1_57' title='bbox 312 640 366 666; x_wconf 80' lang='lat' dir='ltr'><strong>me,</strong></span> <span class='ocrx_word' id='word_1_58' title='bbox 379 637 406 659; x_wconf 90' lang='lat' dir='ltr'><strong>et</strong></span> <span class='ocrx_word' id='word_1_59' title='bbox 420 631 568 659; x_wconf 89' lang='lat' dir='ltr'><strong>retribuam</strong></span> <span class='ocrx_word' id='word_1_60' title='bbox 580 630 630 658; x_wconf 88' lang='lat' dir='ltr'><strong>eis.</strong></span> 
     </span>
    </p>
   </div>
   <div class='ocr_carea' id='block_1_11' title="bbox 267 673 910 711">
    <p class='ocr_par' dir='ltr' id='par_1_11' title="bbox 267 673 910 711">
     <span class='ocr_line' id='line_1_11' title="bbox 267 673 910 711; baseline -0.009 -6"><span class='ocrx_word' id='word_1_61' title='bbox 267 679 314 706; x_wconf 76' lang='lat' dir='ltr'><strong>2i.</strong></span> <span class='ocrx_word' id='word_1_62' title='bbox 328 677 356 704; x_wconf 91' lang='lat' dir='ltr'><strong>lu</strong></span> <span class='ocrx_word' id='word_1_63' title='bbox 374 677 426 705; x_wconf 89' lang='lat' dir='ltr'><strong>hoc</strong></span> <span class='ocrx_word' id='word_1_64' title='bbox 440 675 567 711; x_wconf 76' lang='lat' dir='ltr'><strong>cognovi,</strong></span> <span class='ocrx_word' id='word_1_65' title='bbox 582 674 712 710; x_wconf 83' lang='lat' dir='ltr'><strong>quoniam</strong></span> <span class='ocrx_word' id='word_1_66' title='bbox 727 673 836 701; x_wconf 85' lang='lat' dir='ltr'><strong>voluisti</strong></span> <span class='ocrx_word' id='word_1_67' title='bbox 853 680 910 705; x_wconf 86' lang='lat' dir='ltr'><strong>me;</strong></span> 
     </span>
    </p>
   </div>
   <div class='ocr_carea' id='block_1_12' title="bbox 260 720 1016 758">
    <p class='ocr_par' dir='ltr' id='par_1_12' title="bbox 260 720 1016 758">
     <span class='ocr_line' id='line_1_12' title="bbox 260 720 1016 758; baseline -0.008 -6"><span class='ocrx_word' id='word_1_68' title='bbox 260 723 444 757; x_wconf 83' lang='lat' dir='ltr'><strong>22.Quoniam</strong></span> <span class='ocrx_word' id='word_1_69' title='bbox 454 730 506 750; x_wconf 89' lang='lat' dir='ltr'><strong>non</strong></span> <span class='ocrx_word' id='word_1_70' title='bbox 514 721 640 758; x_wconf 79' lang='lat' dir='ltr'><strong>gaudebit</strong></span> <span class='ocrx_word' id='word_1_71' title='bbox 649 720 776 747; x_wconf 88' lang='lat' dir='ltr'><strong>inimicus</strong></span> <span class='ocrx_word' id='word_1_72' title='bbox 786 727 863 746; x_wconf 87' lang='lat' dir='ltr'><strong>meus</strong></span> <span class='ocrx_word' id='word_1_73' title='bbox 871 725 954 752; x_wconf 87' lang='lat' dir='ltr'><strong>super</strong></span> <span class='ocrx_word' id='word_1_74' title='bbox 962 724 1016 746; x_wconf 88' lang='lat' dir='ltr'><strong>me.</strong></span> 
     </span>
    </p>
   </div>
   <div class='ocr_carea' id='block_1_13' title="bbox 266 765 970 803">
    <p class='ocr_par' dir='ltr' id='par_1_13' title="bbox 266 765 970 803">
     <span class='ocr_line' id='line_1_13' title="bbox 266 765 970 803; baseline -0.009 -5"><span class='ocrx_word' id='word_1_75' title='bbox 266 771 311 798; x_wconf 80' lang='lat'><strong>23.</strong></span> <span class='ocrx_word' id='word_1_76' title='bbox 329 769 370 797; x_wconf 75' lang='lat' dir='ltr'><strong>Mc</strong></span> <span class='ocrx_word' id='word_1_77' title='bbox 383 774 473 796; x_wconf 87' lang='lat' dir='ltr'><strong>autem</strong></span> <span class='ocrx_word' id='word_1_78' title='bbox 487 772 596 803; x_wconf 86' lang='lat' dir='ltr'><strong>propter</strong></span> <span class='ocrx_word' id='word_1_79' title='bbox 610 767 794 794; x_wconf 81' lang='lat' dir='ltr'><strong>innocentiam</strong></span> <span class='ocrx_word' id='word_1_80' title='bbox 810 765 970 800; x_wconf 79' lang='lat' dir='ltr'><strong>suscepisti;</strong></span> 
     </span>
    </p>
   </div>
   <div class='ocr_carea' id='block_1_14' title="bbox 267 814 1015 848">
    <p class='ocr_par' dir='ltr' id='par_1_14' title="bbox 267 814 1015 848">
     <span class='ocr_line' id='line_1_14' title="bbox 267 814 1015 848; baseline -0.007 -4"><span class='ocrx_word' id='word_1_81' title='bbox 267 817 312 844; x_wconf 69' lang='grc' dir='ltr'>ει.</span> <span class='ocrx_word' id='word_1_82' title='bbox 321 816 354 843; x_wconf 87' lang='lat' dir='ltr'><strong>Et</strong></span> <span class='ocrx_word' id='word_1_83' title='bbox 361 815 530 844; x_wconf 89' lang='lat' dir='ltr'><strong>conﬁrmasti</strong></span> <span class='ocrx_word' id='word_1_84' title='bbox 539 821 582 842; x_wconf 86' lang='lat' dir='ltr'><strong>me</strong></span> <span class='ocrx_word' id='word_1_85' title='bbox 589 814 616 841; x_wconf 90' lang='lat' dir='ltr'><strong>in</strong></span> <span class='ocrx_word' id='word_1_86' title='bbox 625 819 772 848; x_wconf 87' lang='lat' dir='ltr'><strong>conspectu</strong></span> <span class='ocrx_word' id='word_1_87' title='bbox 782 818 828 840; x_wconf 92' lang='lat' dir='ltr'><strong>tuo</strong></span> <span class='ocrx_word' id='word_1_88' title='bbox 838 814 864 840; x_wconf 91' lang='lat' dir='ltr'><strong>in</strong></span> <span class='ocrx_word' id='word_1_89' title='bbox 871 817 1015 840; x_wconf 57' lang='lat' dir='ltr'><strong>aeternum.</strong></span> 
     </span>
    </p>
   </div>
   <div class='ocr_carea' id='block_1_15' title="bbox 267 857 847 892">
    <p class='ocr_par' dir='ltr' id='par_1_15' title="bbox 267 857 847 892">
     <span class='ocr_line' id='line_1_15' title="bbox 267 857 847 892; baseline -0.007 -3"><span class='ocrx_word' id='word_1_90' title='bbox 267 863 312 889; x_wconf 76' lang='lat'><strong>25.</strong></span> <span class='ocrx_word' id='word_1_91' title='bbox 331 861 491 889; x_wconf 84' lang='lat' dir='ltr'><strong>Benedictus</strong></span> <span class='ocrx_word' id='word_1_92' title='bbox 507 859 639 886; x_wconf 89' lang='lat' dir='ltr'><strong>Dominus</strong></span> <span class='ocrx_word' id='word_1_93' title='bbox 660 858 731 886; x_wconf 83' lang='lat' dir='ltr'><strong>Deus</strong></span> <span class='ocrx_word' id='word_1_94' title='bbox 746 857 827 886; x_wconf 87' lang='lat' dir='ltr'><strong>Israel</strong></span> <span class='ocrx_word' id='word_1_95' title='bbox 839 879 847 892; x_wconf 90' lang='lat'><strong>,</strong></span> 
     </span>
    </p>
   </div>
   <div class='ocr_carea' id='block_1_16' title="bbox 265 903 1053 938">
    <p class='ocr_par' dir='ltr' id='par_1_16' title="bbox 265 903 1053 938">
     <span class='ocr_line' id='line_1_16' title="bbox 265 903 1053 938; baseline -0.008 -2"><span class='ocrx_word' id='word_1_96' title='bbox 265 908 311 936; x_wconf 84' lang='lat'><strong>26.</strong></span> <span class='ocrx_word' id='word_1_97' title='bbox 330 908 352 935; x_wconf 85' lang='lat' dir='ltr'><strong>A</strong></span> <span class='ocrx_word' id='word_1_98' title='bbox 364 906 464 935; x_wconf 72' lang='lat' dir='ltr'><strong>saeculo</strong></span> <span class='ocrx_word' id='word_1_99' title='bbox 474 909 501 934; x_wconf 89' lang='lat' dir='ltr'><strong>et</strong></span> <span class='ocrx_word' id='word_1_100' title='bbox 513 905 539 932; x_wconf 91' lang='lat' dir='ltr'><strong>in</strong></span> <span class='ocrx_word' id='word_1_101' title='bbox 554 904 695 938; x_wconf 67' lang='lat' dir='ltr'><strong>saaculum,</strong></span> <span class='ocrx_word' id='word_1_102' title='bbox 710 904 766 938; x_wconf 88' lang='lat' dir='ltr'><strong>ﬁat,</strong></span> <span class='ocrx_word' id='word_1_103' title='bbox 784 905 839 931; x_wconf 87' lang='lat' dir='ltr'><strong>ﬁat.</strong></span> <span class='ocrx_word' id='word_1_104' title='bbox 1032 903 1053 931; x_wconf 83' lang='lat' dir='ltr'><strong>B</strong></span> 
     </span>
    </p>
   </div>
   <div class='ocr_carea' id='block_1_17' title="bbox 298 982 885 1023">
    <p class='ocr_par' dir='ltr' id='par_1_17' title="bbox 298 982 885 1023">
     <span class='ocr_line' id='line_1_17' title="bbox 298 982 885 1023; baseline -0.009 -9"><span class='ocrx_word' id='word_1_105' title='bbox 298 1018 302 1023; x_wconf 47' lang='grc'>,</span> <span class='ocrx_word' id='word_1_106' title='bbox 352 985 386 1014; x_wconf 87' lang='grc' dir='ltr'><strong>1η</strong></span> <span class='ocrx_word' id='word_1_107' title='bbox 400 985 478 1021; x_wconf 78' lang='lat' dir='ltr'><strong>ﬁnem</strong></span> <span class='ocrx_word' id='word_1_108' title='bbox 490 1005 498 1018; x_wconf 89' lang='lat'><strong>,</strong></span> <span class='ocrx_word' id='word_1_109' title='bbox 514 985 540 1011; x_wconf 83' lang='lat' dir='ltr'><strong>in</strong></span> <span class='ocrx_word' id='word_1_110' title='bbox 555 984 716 1011; x_wconf 77' lang='lat' dir='ltr'><strong>intellectum</strong></span> <span class='ocrx_word' id='word_1_111' title='bbox 731 983 794 1017; x_wconf 73' lang='lat' dir='ltr'><strong>ﬁliis</strong></span> <span class='ocrx_word' id='word_1_112' title='bbox 808 982 885 1011; x_wconf 81' lang='lat' dir='ltr'><strong>Core.</strong></span> 
     </span>
    </p>
   </div>
   <div class='ocr_carea' id='block_1_18' title="bbox 532 1029 727 1058">
    <p class='ocr_par' dir='ltr' id='par_1_18' title="bbox 532 1029 727 1058">
     <span class='ocr_line' id='line_1_18' title="bbox 532 1029 727 1058; baseline -0.015 0"><span class='ocrx_word' id='word_1_113' title='bbox 532 1029 632 1058; x_wconf 79' lang='lat' dir='ltr'><strong>PSAL.</strong></span> <span class='ocrx_word' id='word_1_114' title='bbox 650 1029 727 1056; x_wconf 78' lang='lat' dir='ltr'><strong>XLI.</strong></span> 
     </span>
    </p>
   </div>
   <div class='ocr_carea' id='block_1_19' title="bbox 268 1074 1017 1114">
    <p class='ocr_par' dir='ltr' id='par_1_19' title="bbox 268 1074 1017 1114">
     <span class='ocr_line' id='line_1_19' title="bbox 268 1074 1017 1114; baseline -0.009 -5"><span class='ocrx_word' id='word_1_115' title='bbox 268 1081 294 1108; x_wconf 73' lang='grc'><strong>1.</strong></span> <span class='ocrx_word' id='word_1_116' title='bbox 321 1078 554 1114; x_wconf 85' lang='lat' dir='ltr'><strong>Quemadmodum</strong></span> <span class='ocrx_word' id='word_1_117' title='bbox 579 1077 714 1105; x_wconf 85' lang='lat' dir='ltr'><strong>desiderat</strong></span> <span class='ocrx_word' id='word_1_118' title='bbox 741 1083 837 1104; x_wconf 88' lang='lat' dir='ltr'><strong>cervus</strong></span> <span class='ocrx_word' id='word_1_119' title='bbox 865 1075 899 1102; x_wconf 90' lang='lat' dir='ltr'><strong>ad</strong></span> <span class='ocrx_word' id='word_1_120' title='bbox 929 1074 1017 1102; x_wconf 79' lang='lat' dir='ltr'><strong>fontes</strong></span> 
     </span>
    </p>
   </div>
   <div class='ocr_carea' id='block_1_20' title="bbox 233 1134 382 1165">
    <p class='ocr_par' dir='ltr' id='par_1_20' title="bbox 233 1134 382 1165">
     <span class='ocr_line' id='line_1_20' title="bbox 233 1134 382 1165; baseline -0.02 -8"><span class='ocrx_word' id='word_1_121' title='bbox 233 1134 366 1165; x_wconf 77' lang='lat' dir='ltr'><strong>aquarum</strong></span> <span class='ocrx_word' id='word_1_122' title='bbox 374 1137 382 1162; x_wconf 91' lang='lat'><strong>-,</strong></span> 
     </span>
    </p>
   </div>
   <div class='ocr_carea' id='block_1_21' title="bbox 661 148 1450 185">
    <p class='ocr_par' dir='ltr' id='par_1_21' title="bbox 661 148 1450 185">
     <span class='ocr_line' id='line_1_21' title="bbox 661 148 1450 185; baseline -0.013 0"><span class='ocrx_word' id='word_1_123' title='bbox 661 157 690 185; x_wconf 88' lang='lat' dir='ltr'><strong>S.</strong></span> <span class='ocrx_word' id='word_1_124' title='bbox 711 154 898 184; x_wconf 75' lang='lat' dir='ltr'><strong>ATHANASII</strong></span> <span class='ocrx_word' id='word_1_125' title='bbox 917 153 993 182; x_wconf 82' lang='grc' dir='ltr'><strong>ΟΡΡ.</strong></span> <span class='ocrx_word' id='word_1_126' title='bbox 1014 152 1105 180; x_wconf 74' lang='lat' dir='ltr'><strong>PARS</strong></span> <span class='ocrx_word' id='word_1_127' title='bbox 1125 151 1170 178; x_wconf 88' lang='grc' dir='ltr'>ιιι.</span> <span class='ocrx_word' id='word_1_128' title='bbox 1189 163 1225 170; x_wconf 87' lang='lat'><strong>-—</strong></span> <span class='ocrx_word' id='word_1_129' title='bbox 1241 148 1450 177; x_wconf 68' lang='lat' dir='ltr'><strong>EXEGETICA.</strong></span> 
     </span>
    </p>
   </div>
   <div class='ocr_carea' id='block_1_22' title="bbox 1808 150 1862 181">
    <p class='ocr_par' dir='ltr' id='par_1_22' title="bbox 1808 150 1862 181">
     <span class='ocr_line' id='line_1_22' title="bbox 1808 150 1862 181; baseline 0 -1"><span class='ocrx_word' id='word_1_130' title='bbox 1808 150 1862 181; x_wconf 71' lang='lat'><strong>812</strong></span> 
     </span>
    </p>
   </div>
   <div class='ocr_carea' id='block_1_23' title="bbox 1102 205 1824 246">
    <p class='ocr_par' dir='ltr' id='par_1_23' title="bbox 1102 205 1824 246">
     <span class='ocr_line' id='line_1_23' title="bbox 1102 205 1824 246; baseline -0.011 -7"><span class='ocrx_word' id='word_1_131' title='bbox 1102 212 1144 239; x_wconf 74' lang='grc' dir='ltr'><strong>Μ.</strong></span> <span class='ocrx_word' id='word_1_132' title='bbox 1157 213 1222 239; x_wconf 80' lang='grc' dir='ltr'><strong>Κατ’</strong></span> <span class='ocrx_word' id='word_1_133' title='bbox 1237 210 1303 246; x_wconf 74' lang='grc' dir='ltr'>ἐμοῦ</span> <span class='ocrx_word' id='word_1_134' title='bbox 1316 209 1472 246; x_wconf 70' lang='grc' dir='ltr'>ὲψιθύριζον</span> <span class='ocrx_word' id='word_1_135' title='bbox 1492 207 1592 239; x_wconf 74' lang='grc' dir='ltr'>πάντες</span> <span class='ocrx_word' id='word_1_136' title='bbox 1609 207 1633 233; x_wconf 74' lang='grc' dir='ltr'><strong>οἱ</strong></span> <span class='ocrx_word' id='word_1_137' title='bbox 1650 205 1742 242; x_wconf 67' lang='grc' dir='ltr'><strong>ὲλθροῑ</strong></span> <span class='ocrx_word' id='word_1_138' title='bbox 1758 213 1824 241; x_wconf 75' lang='grc' dir='ltr'>μου,</span> 
     </span>
    </p>
   </div>
   <div class='ocr_carea' id='block_1_24' title="bbox 1102 253 1644 293">
    <p class='ocr_par' dir='ltr' id='par_1_24' title="bbox 1102 253 1644 293">
     <span class='ocr_line' id='line_1_24' title="bbox 1102 253 1644 293; baseline -0.013 -7"><span class='ocrx_word' id='word_1_139' title='bbox 1102 259 1144 286; x_wconf 75' lang='grc'><strong>15.</strong></span> <span class='ocrx_word' id='word_1_140' title='bbox 1164 259 1232 285; x_wconf 80' lang='grc' dir='ltr'><strong>Κατ’</strong></span> <span class='ocrx_word' id='word_1_141' title='bbox 1249 257 1315 293; x_wconf 84' lang='grc' dir='ltr'><strong>ἐμοῦ</strong></span> <span class='ocrx_word' id='word_1_142' title='bbox 1333 256 1484 290; x_wconf 75' lang='grc' dir='ltr'><strong>ἐλογίζοντο</strong></span> <span class='ocrx_word' id='word_1_143' title='bbox 1500 253 1572 281; x_wconf 80' lang='grc' dir='ltr'>κακά</span> <span class='ocrx_word' id='word_1_144' title='bbox 1589 261 1644 289; x_wconf 64' lang='grc' dir='ltr'>μοι.</span> 
     </span>
    </p>
   </div>
   <div class='ocr_carea' id='block_1_25' title="bbox 1103 296 1750 337">
    <p class='ocr_par' dir='ltr' id='par_1_25' title="bbox 1103 296 1750 337">
     <span class='ocr_line' id='line_1_25' title="bbox 1103 296 1750 337; baseline -0.011 -7"><span class='ocrx_word' id='word_1_145' title='bbox 1103 304 1145 330; x_wconf 84' lang='grc'><strong>16.</strong></span> <span class='ocrx_word' id='word_1_146' title='bbox 1166 303 1251 337; x_wconf 84' lang='grc' dir='ltr'>Λόγον</span> <span class='ocrx_word' id='word_1_147' title='bbox 1268 302 1425 337; x_wconf 83' lang='grc' dir='ltr'>παράνομον</span> <span class='ocrx_word' id='word_1_148' title='bbox 1439 299 1584 326; x_wconf 78' lang='grc' dir='ltr'>κατέθεντο</span> <span class='ocrx_word' id='word_1_149' title='bbox 1599 298 1658 325; x_wconf 80' lang='grc' dir='ltr'>κατ’</span> <span class='ocrx_word' id='word_1_150' title='bbox 1673 296 1750 333; x_wconf 69' lang='grc' dir='ltr'><strong>ἐμοῦ·</strong></span> 
     </span>
    </p>
   </div>
   <div class='ocr_carea' id='block_1_26' title="bbox 1103 342 1858 384">
    <p class='ocr_par' dir='ltr' id='par_1_26' title="bbox 1103 342 1858 384">
     <span class='ocr_line' id='line_1_26' title="bbox 1103 342 1858 384; baseline -0.012 -8"><span class='ocrx_word' id='word_1_151' title='bbox 1103 350 1146 376; x_wconf 79' lang='grc'><strong>17.</strong></span> <span class='ocrx_word' id='word_1_152' title='bbox 1164 349 1209 384; x_wconf 83' lang='grc' dir='ltr'><strong>Μὴ</strong></span> <span class='ocrx_word' id='word_1_153' title='bbox 1218 349 1232 374; x_wconf 76' lang='grc' dir='ltr'>ὁ</span> <span class='ocrx_word' id='word_1_154' title='bbox 1243 347 1411 383; x_wconf 80' lang='grc' dir='ltr'>κοιμώμενος</span> <span class='ocrx_word' id='word_1_155' title='bbox 1419 345 1478 381; x_wconf 76' lang='grc' dir='ltr'>οὐχὶ</span> <span class='ocrx_word' id='word_1_156' title='bbox 1486 345 1634 380; x_wconf 78' lang='grc' dir='ltr'><strong>προσθήσει</strong></span> <span class='ocrx_word' id='word_1_157' title='bbox 1642 343 1688 369; x_wconf 80' lang='grc' dir='ltr'>τοῦ</span> <span class='ocrx_word' id='word_1_158' title='bbox 1697 342 1858 377; x_wconf 78' lang='grc' dir='ltr'>ἁναστῆναις</span> 
     </span>
    </p>
   </div>
   <div class='ocr_carea' id='block_1_27' title="bbox 1106 388 1860 430">
    <p class='ocr_par' dir='ltr' id='par_1_27' title="bbox 1106 388 1860 430">
     <span class='ocr_line' id='line_1_27' title="bbox 1106 388 1860 430; baseline -0.011 -8"><span class='ocrx_word' id='word_1_159' title='bbox 1106 396 1146 422; x_wconf 81' lang='lat' dir='ltr'><strong>i8.</strong></span> <span class='ocrx_word' id='word_1_160' title='bbox 1157 395 1210 421; x_wconf 75' lang='grc' dir='ltr'><strong>Καὶ</strong></span> <span class='ocrx_word' id='word_1_161' title='bbox 1226 393 1279 430; x_wconf 79' lang='grc' dir='ltr'><strong>γὰρ</strong></span> <span class='ocrx_word' id='word_1_162' title='bbox 1295 394 1309 419; x_wconf 88' lang='grc' dir='ltr'>ὁ</span> <span class='ocrx_word' id='word_1_163' title='bbox 1323 392 1465 428; x_wconf 78' lang='grc' dir='ltr'><strong>ἄνθρωπος</strong></span> <span class='ocrx_word' id='word_1_164' title='bbox 1483 391 1533 426; x_wconf 85' lang='grc' dir='ltr'><strong>τῆς</strong></span> <span class='ocrx_word' id='word_1_165' title='bbox 1550 391 1660 427; x_wconf 77' lang='grc' dir='ltr'><strong>εἰρήνης</strong></span> <span class='ocrx_word' id='word_1_166' title='bbox 1685 397 1746 424; x_wconf 82' lang='grc' dir='ltr'><strong>μου,</strong></span> <span class='ocrx_word' id='word_1_167' title='bbox 1773 388 1819 422; x_wconf 74' lang='grc' dir='ltr'><strong>ἐφ’</strong></span> <span class='ocrx_word' id='word_1_168' title='bbox 1831 388 1860 415; x_wconf 79' lang='grc' dir='ltr'>ὃν</span> 
     </span>
    </p>
   </div>
   <div class='ocr_carea' id='block_1_28' title="bbox 1067 441 1178 477">
    <p class='ocr_par' dir='ltr' id='par_1_28' title="bbox 1067 441 1178 477">
     <span class='ocr_line' id='line_1_28' title="bbox 1067 441 1178 477; baseline 0 -9"><span class='ocrx_word' id='word_1_169' title='bbox 1067 441 1178 477; x_wconf 75' lang='grc' dir='ltr'>ἧλπισα,</span> 
     </span>
    </p>
   </div>
   <div class='ocr_carea' id='block_1_29' title="bbox 1104 479 1858 520">
    <p class='ocr_par' dir='ltr' id='par_1_29' title="bbox 1104 479 1858 520">
     <span class='ocr_line' id='line_1_29' title="bbox 1104 479 1858 520; baseline -0.011 -6"><span class='ocrx_word' id='word_1_170' title='bbox 1104 488 1146 515; x_wconf 79' lang='grc'><strong>19.</strong></span> <span class='ocrx_word' id='word_1_171' title='bbox 1169 487 1197 513; x_wconf 91' lang='lat'><strong>&#39;0</strong></span> <span class='ocrx_word' id='word_1_172' title='bbox 1218 485 1314 512; x_wconf 75' lang='grc' dir='ltr'>ἐσθίων</span> <span class='ocrx_word' id='word_1_173' title='bbox 1340 484 1438 520; x_wconf 77' lang='grc' dir='ltr'><strong>ἄρτους</strong></span> <span class='ocrx_word' id='word_1_174' title='bbox 1466 492 1528 519; x_wconf 83' lang='grc' dir='ltr'>μου,</span> <span class='ocrx_word' id='word_1_175' title='bbox 1557 482 1724 518; x_wconf 63' lang='grc' dir='ltr'>ἐμεγάλυνεν</span> <span class='ocrx_word' id='word_1_176' title='bbox 1748 481 1793 507; x_wconf 71' lang='grc' dir='ltr'><strong>ἐπ’</strong></span> <span class='ocrx_word' id='word_1_177' title='bbox 1809 479 1858 515; x_wconf 61' lang='grc' dir='ltr'><strong>ἐμὲ</strong></span> 
     </span>
    </p>
   </div>
   <div class='ocr_carea' id='block_1_30' title="bbox 1068 531 1253 568">
    <p class='ocr_par' dir='ltr' id='par_1_30' title="bbox 1068 531 1253 568">
     <span class='ocr_line' id='line_1_30' title="bbox 1068 531 1253 568; baseline -0.011 -9"><span class='ocrx_word' id='word_1_178' title='bbox 1068 531 1253 568; x_wconf 81' lang='grc' dir='ltr'><strong>πτερνισμόν.’</strong></span> 
     </span>
    </p>
   </div>
   <div class='ocr_carea' id='block_1_31' title="bbox 1102 573 1859 612">
    <p class='ocr_par' dir='ltr' id='par_1_31' title="bbox 1102 573 1859 612">
     <span class='ocr_line' id='line_1_31' title="bbox 1102 573 1859 612; baseline -0.009 -6"><span class='ocrx_word' id='word_1_179' title='bbox 1102 579 1146 606; x_wconf 82' lang='lat'><strong>20.</strong></span> <span class='ocrx_word' id='word_1_180' title='bbox 1164 579 1199 604; x_wconf 76' lang='grc' dir='ltr'><strong>Σὺ</strong></span> <span class='ocrx_word' id='word_1_181' title='bbox 1214 578 1252 609; x_wconf 80' lang='grc' dir='ltr'><strong>δὲ,</strong></span> <span class='ocrx_word' id='word_1_182' title='bbox 1269 575 1365 612; x_wconf 80' lang='grc' dir='ltr'>Κύριε,</span> <span class='ocrx_word' id='word_1_183' title='bbox 1382 575 1491 610; x_wconf 78' lang='grc' dir='ltr'><strong>ἐλέησόν</strong></span> <span class='ocrx_word' id='word_1_184' title='bbox 1517 583 1561 610; x_wconf 83' lang='grc' dir='ltr'><strong>με,</strong></span> <span class='ocrx_word' id='word_1_185' title='bbox 1573 574 1620 601; x_wconf 74' lang='grc' dir='ltr'><strong>καὶ</strong></span> <span class='ocrx_word' id='word_1_186' title='bbox 1635 573 1789 609; x_wconf 80' lang='grc' dir='ltr'>ἁνάστησόν</span> <span class='ocrx_word' id='word_1_187' title='bbox 1817 581 1859 608; x_wconf 77' lang='grc' dir='ltr'><strong>με,</strong></span> 
     </span>
    </p>
   </div>
   <div class='ocr_carea' id='block_1_32' title="bbox 1069 623 1433 653">
    <p class='ocr_par' dir='ltr' id='par_1_32' title="bbox 1069 623 1433 653">
     <span class='ocr_line' id='line_1_32' title="bbox 1069 623 1433 653; baseline -0.011 -2"><span class='ocrx_word' id='word_1_188' title='bbox 1069 625 1114 652; x_wconf 78' lang='grc' dir='ltr'><strong>καὶ</strong></span> <span class='ocrx_word' id='word_1_189' title='bbox 1130 623 1313 651; x_wconf 79' lang='grc' dir='ltr'><strong>ἀνταποδώσω</strong></span> <span class='ocrx_word' id='word_1_190' title='bbox 1332 623 1433 653; x_wconf 70' lang='grc' dir='ltr'>αὐτοῖς.</span> 
     </span>
    </p>
   </div>
   <div class='ocr_carea' id='block_1_33' title="bbox 1102 666 1696 704">
    <p class='ocr_par' dir='ltr' id='par_1_33' title="bbox 1102 666 1696 704">
     <span class='ocr_line' id='line_1_33' title="bbox 1102 666 1696 704; baseline -0.008 -7"><span class='ocrx_word' id='word_1_191' title='bbox 1102 670 1146 698; x_wconf 80' lang='lat'><strong>2|.</strong></span> <span class='ocrx_word' id='word_1_192' title='bbox 1169 670 1211 696; x_wconf 82' lang='lat' dir='ltr'><strong>&#39;Ev</strong></span> <span class='ocrx_word' id='word_1_193' title='bbox 1225 669 1311 704; x_wconf 82' lang='grc' dir='ltr'>τούτῳ</span> <span class='ocrx_word' id='word_1_194' title='bbox 1324 669 1419 702; x_wconf 70' lang='grc' dir='ltr'>ἔγνων,</span> <span class='ocrx_word' id='word_1_195' title='bbox 1434 668 1474 694; x_wconf 82' lang='grc' dir='ltr'>ὅτι</span> <span class='ocrx_word' id='word_1_196' title='bbox 1489 666 1638 701; x_wconf 75' lang='grc' dir='ltr'>τεθέληκάς</span> <span class='ocrx_word' id='word_1_197' title='bbox 1652 674 1696 701; x_wconf 90' lang='grc' dir='ltr'><strong>με·</strong></span> 
     </span>
    </p>
   </div>
   <div class='ocr_carea' id='block_1_34' title="bbox 1102 710 1810 749">
    <p class='ocr_par' dir='ltr' id='par_1_34' title="bbox 1102 710 1810 749">
     <span class='ocr_line' id='line_1_34' title="bbox 1102 710 1810 749; baseline -0.007 -7"><span class='ocrx_word' id='word_1_198' title='bbox 1102 716 1146 743; x_wconf 85' lang='lat'><strong>22.</strong></span> <span class='ocrx_word' id='word_1_199' title='bbox 1163 716 1223 742; x_wconf 83' lang='grc' dir='ltr'>’Ότι</span> <span class='ocrx_word' id='word_1_200' title='bbox 1236 715 1265 741; x_wconf 83' lang='grc' dir='ltr'><strong>οὺ</strong></span> <span class='ocrx_word' id='word_1_201' title='bbox 1291 714 1328 749; x_wconf 81' lang='grc' dir='ltr'><strong>μὴ</strong></span> <span class='ocrx_word' id='word_1_202' title='bbox 1343 714 1459 749; x_wconf 81' lang='grc' dir='ltr'>ὲπιχαρῇ</span> <span class='ocrx_word' id='word_1_203' title='bbox 1473 713 1487 738; x_wconf 84' lang='grc' dir='ltr'><strong>ὀ</strong></span> <span class='ocrx_word' id='word_1_204' title='bbox 1502 712 1598 748; x_wconf 79' lang='grc' dir='ltr'>ἐχθρός</span> <span class='ocrx_word' id='word_1_205' title='bbox 1615 720 1665 746; x_wconf 75' lang='grc' dir='ltr'><strong>μου</strong></span> <span class='ocrx_word' id='word_1_206' title='bbox 1684 711 1727 738; x_wconf 76' lang='grc' dir='ltr'><strong>ἐπ’</strong></span> <span class='ocrx_word' id='word_1_207' title='bbox 1744 710 1810 737; x_wconf 76' lang='grc' dir='ltr'>ὲιιὲ,</span> 
     </span>
    </p>
   </div>
   <div class='ocr_carea' id='block_1_35' title="bbox 1101 757 1732 796">
    <p class='ocr_par' dir='ltr' id='par_1_35' title="bbox 1101 757 1732 796">
     <span class='ocr_line' id='line_1_35' title="bbox 1101 757 1732 796; baseline -0.008 -8"><span class='ocrx_word' id='word_1_208' title='bbox 1101 762 1146 789; x_wconf 75' lang='lat'><strong>25.</strong></span> <span class='ocrx_word' id='word_1_209' title='bbox 1170 761 1252 796; x_wconf 83' lang='grc' dir='ltr'><strong>Ἐμοῦ</strong></span> <span class='ocrx_word' id='word_1_210' title='bbox 1267 761 1295 787; x_wconf 80' lang='grc' dir='ltr'><strong>δὲ</strong></span> <span class='ocrx_word' id='word_1_211' title='bbox 1311 760 1354 786; x_wconf 79' lang='grc' dir='ltr'><strong>διὰ</strong></span> <span class='ocrx_word' id='word_1_212' title='bbox 1370 760 1420 795; x_wconf 85' lang='grc' dir='ltr'>τὴν</span> <span class='ocrx_word' id='word_1_213' title='bbox 1437 759 1554 786; x_wconf 71' lang='grc' dir='ltr'>ἀκακίαν</span> <span class='ocrx_word' id='word_1_214' title='bbox 1573 757 1732 784; x_wconf 77' lang='grc' dir='ltr'>ἀντελὰϐου·</span> 
     </span>
    </p>
   </div>
   <div class='ocr_carea' id='block_1_36' title="bbox 1102 803 1862 840">
    <p class='ocr_par' dir='ltr' id='par_1_36' title="bbox 1102 803 1862 840">
     <span class='ocr_line' id='line_1_36' title="bbox 1102 803 1862 840; baseline -0.007 -6"><span class='ocrx_word' id='word_1_215' title='bbox 1102 807 1147 835; x_wconf 62' lang='grc'><strong>94.</strong></span> <span class='ocrx_word' id='word_1_216' title='bbox 1164 807 1220 834; x_wconf 63' lang='grc' dir='ltr'>Καὶ</span> <span class='ocrx_word' id='word_1_217' title='bbox 1234 805 1401 837; x_wconf 78' lang='grc' dir='ltr'><strong>ὲὸεὸαίωσάς</strong></span> <span class='ocrx_word' id='word_1_218' title='bbox 1418 813 1451 840; x_wconf 83' lang='grc' dir='ltr'>με</span> <span class='ocrx_word' id='word_1_219' title='bbox 1462 804 1576 831; x_wconf 78' lang='grc' dir='ltr'>ἐνώπιόν</span> <span class='ocrx_word' id='word_1_220' title='bbox 1594 812 1640 830; x_wconf 86' lang='grc' dir='ltr'>σου</span> <span class='ocrx_word' id='word_1_221' title='bbox 1652 805 1691 835; x_wconf 69' lang='grc' dir='ltr'><strong>εἰς</strong></span> <span class='ocrx_word' id='word_1_222' title='bbox 1705 803 1751 830; x_wconf 82' lang='grc' dir='ltr'><strong>τὸν</strong></span> <span class='ocrx_word' id='word_1_223' title='bbox 1764 803 1862 830; x_wconf 67' lang='grc' dir='ltr'>αἰῶνα.</span> 
     </span>
    </p>
   </div>
   <div class='ocr_carea' id='block_1_37' title="bbox 1102 849 1682 887">
    <p class='ocr_par' dir='ltr' id='par_1_37' title="bbox 1102 849 1682 887">
     <span class='ocr_line' id='line_1_37' title="bbox 1102 849 1682 887; baseline -0.009 -7"><span class='ocrx_word' id='word_1_224' title='bbox 1102 853 1147 880; x_wconf 80' lang='lat'><strong>25.</strong></span> <span class='ocrx_word' id='word_1_225' title='bbox 1162 852 1313 887; x_wconf 76' lang='grc' dir='ltr'>Εὐλογητὸς</span> <span class='ocrx_word' id='word_1_226' title='bbox 1325 852 1426 887; x_wconf 77' lang='grc' dir='ltr'><strong>Κύριος</strong></span> <span class='ocrx_word' id='word_1_227' title='bbox 1443 852 1457 877; x_wconf 84' lang='grc' dir='ltr'>ὁ</span> <span class='ocrx_word' id='word_1_228' title='bbox 1472 850 1538 882; x_wconf 82' lang='grc' dir='ltr'>Θεὸς</span> <span class='ocrx_word' id='word_1_229' title='bbox 1562 849 1682 885; x_wconf 87' lang='grc' dir='ltr'>Ἰσραήλ.</span> 
     </span>
    </p>
   </div>
   <div class='ocr_carea' id='block_1_38' title="bbox 1102 894 1862 928">
    <p class='ocr_par' dir='ltr' id='par_1_38' title="bbox 1102 894 1862 928">
     <span class='ocr_line' id='line_1_38' title="bbox 1102 894 1862 928; baseline -0.005 -5"><span class='ocrx_word' id='word_1_230' title='bbox 1102 897 1147 924; x_wconf 83' lang='lat'><strong>26.</strong></span> <span class='ocrx_word' id='word_1_231' title='bbox 1165 897 1230 923; x_wconf 82' lang='grc' dir='ltr'>Ἀπὸ</span> <span class='ocrx_word' id='word_1_232' title='bbox 1250 895 1297 923; x_wconf 77' lang='grc' dir='ltr'><strong>τοῦ</strong></span> <span class='ocrx_word' id='word_1_233' title='bbox 1319 895 1416 927; x_wconf 72' lang='grc' dir='ltr'><strong>αἰῶνος</strong></span> <span class='ocrx_word' id='word_1_234' title='bbox 1433 895 1479 922; x_wconf 80' lang='grc' dir='ltr'>καὶ</span> <span class='ocrx_word' id='word_1_235' title='bbox 1495 896 1533 926; x_wconf 77' lang='lat' dir='ltr'><strong>si;</strong></span> <span class='ocrx_word' id='word_1_236' title='bbox 1558 894 1603 921; x_wconf 85' lang='grc' dir='ltr'><strong>τὸν</strong></span> <span class='ocrx_word' id='word_1_237' title='bbox 1632 894 1727 927; x_wconf 70' lang='grc' dir='ltr'>αἰῶνα,</span> <span class='ocrx_word' id='word_1_238' title='bbox 1742 894 1862 928; x_wconf 77' lang='grc' dir='ltr'>γένοιτο,</span> 
     </span>
    </p>
   </div>
   <div class='ocr_carea' id='block_1_39' title="bbox 1069 943 1182 977">
    <p class='ocr_par' dir='ltr' id='par_1_39' title="bbox 1069 943 1182 977">
     <span class='ocr_line' id='line_1_39' title="bbox 1069 943 1182 977; baseline -0.009 -8"><span class='ocrx_word' id='word_1_239' title='bbox 1069 943 1182 977; x_wconf 81' lang='grc' dir='ltr'>γένοιτο.</span> 
     </span>
    </p>
   </div>
   <div class='ocr_carea' id='block_1_40' title="bbox 1101 986 1827 1022">
    <p class='ocr_par' dir='ltr' id='par_1_40' title="bbox 1101 986 1827 1022">
     <span class='ocr_line' id='line_1_40' title="bbox 1101 986 1827 1022; baseline -0.001 -8"><span class='ocrx_word' id='word_1_240' title='bbox 1101 989 1153 1022; x_wconf 75' lang='grc' dir='ltr'><strong>Εἰς</strong></span> <span class='ocrx_word' id='word_1_241' title='bbox 1170 988 1203 1015; x_wconf 87' lang='grc' dir='ltr'><strong>τὸ</strong></span> <span class='ocrx_word' id='word_1_242' title='bbox 1230 989 1335 1022; x_wconf 75' lang='grc' dir='ltr'><strong>τέλος,</strong></span> <span class='ocrx_word' id='word_1_243' title='bbox 1358 989 1401 1020; x_wconf 83' lang='grc' dir='ltr'><strong>εὶς</strong></span> <span class='ocrx_word' id='word_1_244' title='bbox 1419 988 1546 1014; x_wconf 79' lang='grc' dir='ltr'>σύνεσιν</span> <span class='ocrx_word' id='word_1_245' title='bbox 1567 987 1628 1020; x_wconf 82' lang='grc' dir='ltr'><strong>τοῖς</strong></span> <span class='ocrx_word' id='word_1_246' title='bbox 1647 987 1723 1020; x_wconf 81' lang='grc' dir='ltr'><strong>υἱοῖς</strong></span> <span class='ocrx_word' id='word_1_247' title='bbox 1737 986 1827 1020; x_wconf 79' lang='lat' dir='ltr'><strong>qué.</strong></span> 
     </span>
    </p>
   </div>
   <div class='ocr_carea' id='block_1_41' title="bbox 1367 1035 1544 1061">
    <p class='ocr_par' dir='ltr' id='par_1_41' title="bbox 1367 1035 1544 1061">
     <span class='ocr_line' id='line_1_41' title="bbox 1367 1035 1544 1061; baseline -0.006 0"><span class='ocrx_word' id='word_1_248' title='bbox 1367 1035 1455 1061; x_wconf 80' lang='grc' dir='ltr'><strong>ΨΑΛ.</strong></span> <span class='ocrx_word' id='word_1_249' title='bbox 1474 1035 1544 1061; x_wconf 80' lang='lat' dir='ltr'><strong>MA’.</strong></span> 
     </span>
    </p>
   </div>
   <div class='ocr_carea' id='block_1_42' title="bbox 1108 1079 1862 1116">
    <p class='ocr_par' dir='ltr' id='par_1_42' title="bbox 1108 1079 1862 1116">
     <span class='ocr_line' id='line_1_42' title="bbox 1108 1079 1862 1116; baseline -0.001 -8"><span class='ocrx_word' id='word_1_250' title='bbox 1108 1080 1134 1108; x_wconf 77' lang='lat' dir='ltr'><strong>L</strong></span> <span class='ocrx_word' id='word_1_251' title='bbox 1154 1081 1202 1106; x_wconf 88' lang='grc' dir='ltr'>’Ὁν</span> <span class='ocrx_word' id='word_1_252' title='bbox 1215 1080 1314 1116; x_wconf 85' lang='grc' dir='ltr'>τρόπον</span> <span class='ocrx_word' id='word_1_253' title='bbox 1329 1079 1455 1107; x_wconf 76' lang='grc' dir='ltr'>ἐπιποθεῖ</span> <span class='ocrx_word' id='word_1_254' title='bbox 1467 1081 1484 1116; x_wconf 85' lang='grc' dir='ltr'><strong>ἡ</strong></span> <span class='ocrx_word' id='word_1_255' title='bbox 1508 1079 1605 1114; x_wconf 73' lang='grc' dir='ltr'>ἔλαφος</span> <span class='ocrx_word' id='word_1_256' title='bbox 1635 1079 1680 1106; x_wconf 73' lang='grc' dir='ltr'><strong>ἐπὶ</strong></span> <span class='ocrx_word' id='word_1_257' title='bbox 1696 1079 1745 1111; x_wconf 76' lang='grc' dir='ltr'><strong>τὰς</strong></span> <span class='ocrx_word' id='word_1_258' title='bbox 1772 1079 1862 1115; x_wconf 71' lang='grc' dir='ltr'>πηγὰς</span> 
     </span>
    </p>
   </div>
   <div class='ocr_carea' id='block_1_43' title="bbox 1073 1124 1257 1151">
    <p class='ocr_par' dir='ltr' id='par_1_43' title="bbox 1073 1124 1257 1151">
     <span class='ocr_line' id='line_1_43' title="bbox 1073 1124 1257 1151; baseline 0 0"><span class='ocrx_word' id='word_1_259' title='bbox 1073 1125 1127 1151; x_wconf 84' lang='grc' dir='ltr'>τῶν</span> <span class='ocrx_word' id='word_1_260' title='bbox 1144 1124 1257 1151; x_wconf 70' lang='grc' dir='ltr'><strong>ὑδάτων*</strong></span> 
     </span>
    </p>
   </div>
   <div class='ocr_carea' id='block_1_44' title="bbox 793 1187 1297 1221">
    <p class='ocr_par' dir='ltr' id='par_1_44' title="bbox 793 1187 1297 1221">
     <span class='ocr_line' id='line_1_44' title="bbox 793 1187 1297 1221; baseline 0.012 -6"><span class='ocrx_word' id='word_1_261' title='bbox 793 1187 982 1216; x_wconf 79' lang='lat' dir='ltr'><strong>ATHANASII</strong></span> <span class='ocrx_word' id='word_1_262' title='bbox 1004 1189 1297 1221; x_wconf 79' lang='lat' dir='ltr'><strong>INTERPRETATIO.</strong></span> 
     </span>
    </p>
   </div>
   <div class='ocr_carea' id='block_1_45' title="bbox 270 1246 1016 1286">
    <p class='ocr_par' dir='ltr' id='par_1_45' title="bbox 270 1246 1016 1286">
     <span class='ocr_line' id='line_1_45' title="bbox 270 1246 1016 1286; baseline -0.007 -6"><span class='ocrx_word' id='word_1_263' title='bbox 270 1253 313 1281; x_wconf 77' lang='grc' dir='ltr'><strong>Η.</strong></span> <span class='ocrx_word' id='word_1_264' title='bbox 327 1251 360 1278; x_wconf 87' lang='grc' dir='ltr'>Ει</span> <span class='ocrx_word' id='word_1_265' title='bbox 371 1250 422 1286; x_wconf 85' lang='lat' dir='ltr'><strong>ipsi</strong></span> <span class='ocrx_word' id='word_1_266' title='bbox 432 1248 519 1278; x_wconf 81' lang='lat' dir='ltr'><strong>Judaei</strong></span> <span class='ocrx_word' id='word_1_267' title='bbox 534 1247 679 1276; x_wconf 82' lang='lat' dir='ltr'><strong>consilium</strong></span> <span class='ocrx_word' id='word_1_268' title='bbox 697 1246 834 1274; x_wconf 88' lang='lat' dir='ltr'><strong>iniverunt</strong></span> <span class='ocrx_word' id='word_1_269' title='bbox 850 1253 912 1274; x_wconf 90' lang='lat' dir='ltr'><strong>cum</strong></span> <span class='ocrx_word' id='word_1_270' title='bbox 926 1246 995 1275; x_wconf 80' lang='lat' dir='ltr'><strong>Juda</strong></span> <span class='ocrx_word' id='word_1_271' title='bbox 1008 1267 1016 1280; x_wconf 90' lang='lat'><strong>,</strong></span> 
     </span>
    </p>
   </div>
   <div class='ocr_carea' id='block_1_46' title="bbox 269 1335 726 1371">
    <p class='ocr_par' dir='ltr' id='par_1_46' title="bbox 269 1335 726 1371">
     <span class='ocr_line' id='line_1_46' title="bbox 269 1335 726 1371; baseline -0.013 -4"><span class='ocrx_word' id='word_1_272' title='bbox 269 1340 312 1367; x_wconf 79' lang='lat' dir='ltr'><strong>i5.</strong></span> <span class='ocrx_word' id='word_1_273' title='bbox 332 1337 367 1366; x_wconf 85' lang='lat' dir='ltr'><strong>Ut</strong></span> <span class='ocrx_word' id='word_1_274' title='bbox 377 1344 441 1365; x_wconf 88' lang='lat' dir='ltr'><strong>eum</strong></span> <span class='ocrx_word' id='word_1_275' title='bbox 453 1335 726 1371; x_wconf 85' lang='lat' dir='ltr'><strong>comprehenderent,</strong></span> 
     </span>
    </p>
   </div>
   <div class='ocr_carea' id='block_1_47' title="bbox 270 1381 683 1418">
    <p class='ocr_par' dir='ltr' id='par_1_47' title="bbox 270 1381 683 1418">
     <span class='ocr_line' id='line_1_47' title="bbox 270 1381 683 1418; baseline -0.012 -6"><span class='ocrx_word' id='word_1_276' title='bbox 270 1385 314 1412; x_wconf 74' lang='grc'><strong>16.</strong></span> <span class='ocrx_word' id='word_1_277' title='bbox 331 1383 368 1411; x_wconf 89' lang='lat' dir='ltr'><strong>Ut</strong></span> <span class='ocrx_word' id='word_1_278' title='bbox 382 1383 472 1418; x_wconf 85' lang='lat' dir='ltr'><strong>ipsum</strong></span> <span class='ocrx_word' id='word_1_279' title='bbox 491 1381 683 1408; x_wconf 81' lang='lat' dir='ltr'><strong>interﬁcerent.</strong></span> 
     </span>
    </p>
   </div>
   <div class='ocr_carea' id='block_1_48' title="bbox 270 1426 1014 1462">
    <p class='ocr_par' dir='ltr' id='par_1_48' title="bbox 270 1426 1014 1462">
     <span class='ocr_line' id='line_1_48' title="bbox 270 1426 1014 1462; baseline -0.005 -5"><span class='ocrx_word' id='word_1_280' title='bbox 270 1431 313 1458; x_wconf 79' lang='grc' dir='ltr'><strong>ΓΙ.</strong></span> <span class='ocrx_word' id='word_1_281' title='bbox 329 1429 441 1456; x_wconf 85' lang='lat' dir='ltr'><strong>Mortem</strong></span> <span class='ocrx_word' id='word_1_282' title='bbox 462 1427 568 1455; x_wconf 92' lang='lat' dir='ltr'><strong>Domini</strong></span> <span class='ocrx_word' id='word_1_283' title='bbox 591 1426 741 1462; x_wconf 77' lang='lat' dir='ltr'><strong>signiﬁcat,</strong></span> <span class='ocrx_word' id='word_1_284' title='bbox 761 1431 789 1453; x_wconf 90' lang='lat' dir='ltr'><strong>et</strong></span> <span class='ocrx_word' id='word_1_285' title='bbox 807 1426 880 1461; x_wconf 86' lang='lat' dir='ltr'><strong>quod</strong></span> <span class='ocrx_word' id='word_1_286' title='bbox 895 1426 1014 1461; x_wconf 87' lang='lat' dir='ltr'><strong>seipsum</strong></span> 
     </span>
    </p>
   </div>
   <div class='ocr_carea' id='block_1_49' title="bbox 234 1474 415 1504">
    <p class='ocr_par' dir='ltr' id='par_1_49' title="bbox 234 1474 415 1504">
     <span class='ocr_line' id='line_1_49' title="bbox 234 1474 415 1504; baseline -0.017 0"><span class='ocrx_word' id='word_1_287' title='bbox 234 1474 415 1504; x_wconf 83' lang='lat' dir='ltr'><strong>resuscitavit.</strong></span> 
     </span>
    </p>
   </div>
   <div class='ocr_carea' id='block_1_50' title="bbox 270 1506 1052 1553">
    <p class='ocr_par' dir='ltr' id='par_1_50' title="bbox 270 1506 1052 1553">
     <span class='ocr_line' id='line_1_50' title="bbox 270 1506 1052 1553; baseline -0.004 -6"><span class='ocrx_word' id='word_1_288' title='bbox 270 1520 313 1547; x_wconf 76' lang='lat'><strong>18.</strong></span> <span class='ocrx_word' id='word_1_289' title='bbox 331 1519 379 1546; x_wconf 78' lang='lat' dir='ltr'><strong>Hic</strong></span> <span class='ocrx_word' id='word_1_290' title='bbox 388 1519 460 1546; x_wconf 89' lang='lat' dir='ltr'><strong>enim</strong></span> <span class='ocrx_word' id='word_1_291' title='bbox 472 1522 514 1546; x_wconf 87' lang='lat' dir='ltr'><strong>est</strong></span> <span class='ocrx_word' id='word_1_292' title='bbox 527 1525 578 1553; x_wconf 80' lang='lat' dir='ltr'><strong>pax</strong></span> <span class='ocrx_word' id='word_1_293' title='bbox 591 1521 684 1544; x_wconf 88' lang='lat' dir='ltr'><strong>nostra</strong></span> <span class='ocrx_word' id='word_1_294' title='bbox 697 1516 809 1544; x_wconf 87' lang='lat' dir='ltr'><strong>dicens:</strong></span> <span class='ocrx_word' id='word_1_295' title='bbox 822 1516 920 1545; x_wconf 81' lang='lat' dir='ltr'><strong>Pacem</strong></span> <span class='ocrx_word' id='word_1_296' title='bbox 932 1524 1016 1544; x_wconf 85' lang='lat' dir='ltr'><strong>meam</strong></span> <span class='ocrx_word' id='word_1_297' title='bbox 1030 1506 1052 1536; x_wconf 65' lang='grc' dir='ltr'><strong>(ἶ</strong></span> 
     </span>
    </p>
   </div>
   <div class='ocr_carea' id='block_1_51' title="bbox 235 1565 398 1595">
    <p class='ocr_par' dir='ltr' id='par_1_51' title="bbox 235 1565 398 1595">
     <span class='ocr_line' id='line_1_51' title="bbox 235 1565 398 1595; baseline -0.025 0"><span class='ocrx_word' id='word_1_298' title='bbox 235 1568 268 1595; x_wconf 71' lang='lat' dir='ltr'><strong>do</strong></span> <span class='ocrx_word' id='word_1_299' title='bbox 281 1567 351 1594; x_wconf 75' lang='lat' dir='ltr'><strong>vobis</strong></span> <span class='ocrx_word' id='word_1_300' title='bbox 366 1565 398 1592; x_wconf 80' lang='lat'><strong>“.</strong></span> 
     </span>
    </p>
   </div>
   <div class='ocr_carea' id='block_1_52' title="bbox 269 1608 875 1645">
    <p class='ocr_par' dir='ltr' id='par_1_52' title="bbox 269 1608 875 1645">
     <span class='ocr_line' id='line_1_52' title="bbox 269 1608 875 1645; baseline -0.008 -4"><span class='ocrx_word' id='word_1_301' title='bbox 269 1612 313 1641; x_wconf 74' lang='lat' dir='ltr'><strong>t9.</strong></span> <span class='ocrx_word' id='word_1_302' title='bbox 329 1612 367 1640; x_wconf 88' lang='lat' dir='ltr'><strong>De</strong></span> <span class='ocrx_word' id='word_1_303' title='bbox 376 1611 445 1639; x_wconf 80' lang='lat' dir='ltr'><strong>Juda</strong></span> <span class='ocrx_word' id='word_1_304' title='bbox 458 1610 588 1645; x_wconf 83' lang='lat' dir='ltr'><strong>loquitur,</strong></span> <span class='ocrx_word' id='word_1_305' title='bbox 603 1613 629 1636; x_wconf 86' lang='lat' dir='ltr'><strong>et</strong></span> <span class='ocrx_word' id='word_1_306' title='bbox 641 1608 701 1644; x_wconf 86' lang='lat' dir='ltr'><strong>ejus</strong></span> <span class='ocrx_word' id='word_1_307' title='bbox 712 1608 875 1644; x_wconf 89' lang='lat' dir='ltr'><strong>proditione.</strong></span> 
     </span>
    </p>
   </div>
   <div class='ocr_carea' id='block_1_53' title="bbox 268 1654 1017 1692">
    <p class='ocr_par' dir='ltr' id='par_1_53' title="bbox 268 1654 1017 1692">
     <span class='ocr_line' id='line_1_53' title="bbox 268 1654 1017 1692; baseline -0.007 -6"><span class='ocrx_word' id='word_1_308' title='bbox 268 1658 313 1686; x_wconf 85' lang='lat'><strong>20.</strong></span> <span class='ocrx_word' id='word_1_309' title='bbox 328 1658 442 1685; x_wconf 90' lang='lat' dir='ltr'><strong>Demum</strong></span> <span class='ocrx_word' id='word_1_310' title='bbox 457 1656 574 1692; x_wconf 83' lang='lat' dir='ltr'><strong>populus</strong></span> <span class='ocrx_word' id='word_1_311' title='bbox 594 1663 608 1682; x_wconf 73' lang='grc' dir='ltr'><strong>ιι</strong></span> <span class='ocrx_word' id='word_1_312' title='bbox 625 1655 741 1682; x_wconf 90' lang='lat' dir='ltr'><strong>Domino</strong></span> <span class='ocrx_word' id='word_1_313' title='bbox 762 1655 893 1682; x_wconf 83' lang='lat' dir='ltr'><strong>liberatus</strong></span> <span class='ocrx_word' id='word_1_314' title='bbox 907 1654 972 1682; x_wconf 90' lang='lat' dir='ltr'><strong>dicit</strong></span> <span class='ocrx_word' id='word_1_315' title='bbox 984 1655 1017 1682; x_wconf 91' lang='lat' dir='ltr'><strong>ad</strong></span> 
     </span>
    </p>
   </div>
   <div class='ocr_carea' id='block_1_54' title="bbox 233 1701 1017 1736">
    <p class='ocr_par' dir='ltr' id='par_1_54' title="bbox 233 1701 1017 1736">
     <span class='ocr_line' id='line_1_54' title="bbox 233 1701 1017 1736; baseline -0.006 -4"><span class='ocrx_word' id='word_1_316' title='bbox 233 1712 295 1732; x_wconf 85' lang='lat' dir='ltr'><strong>eum</strong></span> <span class='ocrx_word' id='word_1_317' title='bbox 317 1713 323 1730; x_wconf 92' lang='lat'>:</span> <span class='ocrx_word' id='word_1_318' title='bbox 343 1703 395 1735; x_wconf 90' lang='lat' dir='ltr'><strong>Tu,</strong></span> <span class='ocrx_word' id='word_1_319' title='bbox 411 1702 533 1734; x_wconf 82' lang='lat' dir='ltr'><strong>Domine,</strong></span> <span class='ocrx_word' id='word_1_320' title='bbox 549 1702 593 1736; x_wconf 93' lang='lat' dir='ltr'><strong>qui</strong></span> <span class='ocrx_word' id='word_1_321' title='bbox 611 1702 667 1728; x_wconf 64' lang='lat' dir='ltr'><strong>hac</strong></span> <span class='ocrx_word' id='word_1_322' title='bbox 693 1701 858 1735; x_wconf 87' lang='lat' dir='ltr'><strong>sustinuisti,</strong></span> <span class='ocrx_word' id='word_1_323' title='bbox 884 1701 1017 1728; x_wconf 85' lang='lat' dir='ltr'><strong>resuscita</strong></span> 
     </span>
    </p>
   </div>
   <div class='ocr_carea' id='block_1_55' title="bbox 234 1745 1017 1784">
    <p class='ocr_par' dir='ltr' id='par_1_55' title="bbox 234 1745 1017 1784">
     <span class='ocr_line' id='line_1_55' title="bbox 234 1745 1017 1784; baseline -0.006 -7"><span class='ocrx_word' id='word_1_324' title='bbox 234 1757 284 1777; x_wconf 90' lang='lat' dir='ltr'><strong>nos</strong></span> <span class='ocrx_word' id='word_1_325' title='bbox 299 1756 346 1784; x_wconf 89' lang='lat' dir='ltr'><strong>per</strong></span> <span class='ocrx_word' id='word_1_326' title='bbox 362 1752 476 1775; x_wconf 89' lang='lat' dir='ltr'><strong>mortem</strong></span> <span class='ocrx_word' id='word_1_327' title='bbox 492 1751 565 1774; x_wconf 85' lang='lat' dir='ltr'><strong>tuam</strong></span> <span class='ocrx_word' id='word_1_328' title='bbox 576 1766 583 1778; x_wconf 89' lang='lat'><strong>,</strong></span> <span class='ocrx_word' id='word_1_329' title='bbox 606 1751 635 1773; x_wconf 89' lang='lat' dir='ltr'><strong>et</strong></span> <span class='ocrx_word' id='word_1_330' title='bbox 654 1745 857 1773; x_wconf 86' lang='lat' dir='ltr'><strong>dominabimur</strong></span> <span class='ocrx_word' id='word_1_331' title='bbox 873 1747 1017 1780; x_wconf 84' lang='lat' dir='ltr'><strong>potestati-</strong></span> 
     </span>
    </p>
   </div>
   <div class='ocr_carea' id='block_1_56' title="bbox 234 1794 410 1823">
    <p class='ocr_par' dir='ltr' id='par_1_56' title="bbox 234 1794 410 1823">
     <span class='ocr_line' id='line_1_56' title="bbox 234 1794 410 1823; baseline -0.011 0"><span class='ocrx_word' id='word_1_332' title='bbox 234 1797 285 1823; x_wconf 89' lang='lat' dir='ltr'><strong>bus</strong></span> <span class='ocrx_word' id='word_1_333' title='bbox 299 1794 410 1822; x_wconf 87' lang='lat' dir='ltr'><strong>inimici.</strong></span> 
     </span>
    </p>
   </div>
   <div class='ocr_carea' id='block_1_57' title="bbox 267 1837 1018 1875">
    <p class='ocr_par' dir='ltr' id='par_1_57' title="bbox 267 1837 1018 1875">
     <span class='ocr_line' id='line_1_57' title="bbox 267 1837 1018 1875; baseline -0.005 -6"><span class='ocrx_word' id='word_1_334' title='bbox 267 1842 317 1874; x_wconf 83' lang='lat' dir='ltr'><strong>2t,</strong></span> <span class='ocrx_word' id='word_1_335' title='bbox 334 1841 379 1868; x_wconf 69' lang='lat'><strong>22.</strong></span> <span class='ocrx_word' id='word_1_336' title='bbox 394 1840 462 1868; x_wconf 82' lang='lat' dir='ltr'><strong>Hinc</strong></span> <span class='ocrx_word' id='word_1_337' title='bbox 473 1839 663 1875; x_wconf 81' lang='lat' dir='ltr'><strong>cognovimus,</strong></span> <span class='ocrx_word' id='word_1_338' title='bbox 683 1838 813 1874; x_wconf 88' lang='lat' dir='ltr'><strong>quoniam</strong></span> <span class='ocrx_word' id='word_1_339' title='bbox 833 1838 944 1866; x_wconf 88' lang='lat' dir='ltr'><strong>voluisti</strong></span> <span class='ocrx_word' id='word_1_340' title='bbox 962 1837 1018 1865; x_wconf 85' lang='lat' dir='ltr'><strong>sal—</strong></span> 
     </span>
    </p>
   </div>
   <div class='ocr_carea' id='block_1_58' title="bbox 233 1885 862 1922">
    <p class='ocr_par' dir='ltr' id='par_1_58' title="bbox 233 1885 862 1922">
     <span class='ocr_line' id='line_1_58' title="bbox 233 1885 862 1922; baseline -0.005 -7"><span class='ocrx_word' id='word_1_341' title='bbox 233 1895 297 1915; x_wconf 88' lang='lat' dir='ltr'><strong>vare</strong></span> <span class='ocrx_word' id='word_1_342' title='bbox 308 1895 367 1920; x_wconf 82' lang='lat' dir='ltr'><strong>nos,</strong></span> <span class='ocrx_word' id='word_1_343' title='bbox 383 1894 416 1914; x_wconf 92' lang='lat' dir='ltr'><strong>eo</strong></span> <span class='ocrx_word' id='word_1_344' title='bbox 429 1887 501 1922; x_wconf 86' lang='lat' dir='ltr'><strong>quod</strong></span> <span class='ocrx_word' id='word_1_345' title='bbox 513 1894 563 1914; x_wconf 80' lang='lat' dir='ltr'><strong>nos</strong></span> <span class='ocrx_word' id='word_1_346' title='bbox 575 1885 696 1913; x_wconf 87' lang='lat' dir='ltr'><strong>liberasti</strong></span> <span class='ocrx_word' id='word_1_347' title='bbox 711 1893 726 1912; x_wconf 91' lang='lat' dir='ltr'><strong>a</strong></span> <span class='ocrx_word' id='word_1_348' title='bbox 742 1885 862 1913; x_wconf 84' lang='lat' dir='ltr'><strong>diabolo.</strong></span> 
     </span>
    </p>
   </div>
   <div class='ocr_carea' id='block_1_59' title="bbox 267 1930 1016 1968">
    <p class='ocr_par' dir='ltr' id='par_1_59' title="bbox 267 1930 1016 1968">
     <span class='ocr_line' id='line_1_59' title="bbox 267 1930 1016 1968; baseline -0.005 -7"><span class='ocrx_word' id='word_1_349' title='bbox 267 1934 311 1961; x_wconf 80' lang='lat'><strong>2&#39;5.</strong></span> <span class='ocrx_word' id='word_1_350' title='bbox 326 1933 473 1968; x_wconf 82' lang='lat' dir='ltr'><strong>Propterea</strong></span> <span class='ocrx_word' id='word_1_351' title='bbox 495 1931 640 1967; x_wconf 86' lang='lat' dir='ltr'><strong>suscepisti</strong></span> <span class='ocrx_word' id='word_1_352' title='bbox 655 1939 708 1964; x_wconf 88' lang='lat' dir='ltr'><strong>me,</strong></span> <span class='ocrx_word' id='word_1_353' title='bbox 727 1932 791 1966; x_wconf 85' lang='lat' dir='ltr'><strong>quia</strong></span> <span class='ocrx_word' id='word_1_354' title='bbox 805 1931 912 1958; x_wconf 85' lang='lat' dir='ltr'><strong>sincero</strong></span> <span class='ocrx_word' id='word_1_355' title='bbox 933 1930 1016 1958; x_wconf 86' lang='lat' dir='ltr'><strong>corde</strong></span> 
     </span>
    </p>
   </div>
   <div class='ocr_carea' id='block_1_60' title="bbox 233 1980 352 2013">
    <p class='ocr_par' dir='ltr' id='par_1_60' title="bbox 233 1980 352 2013">
     <span class='ocr_line' id='line_1_60' title="bbox 233 1980 352 2013; baseline -0.017 -5"><span class='ocrx_word' id='word_1_356' title='bbox 233 1980 352 2013; x_wconf 84' lang='lat' dir='ltr'><strong>credidi,</strong></span> 
     </span>
    </p>
   </div>
   <div class='ocr_carea' id='block_1_61' title="bbox 267 2021 895 2058">
    <p class='ocr_par' dir='ltr' id='par_1_61' title="bbox 267 2021 895 2058">
     <span class='ocr_line' id='line_1_61' title="bbox 267 2021 895 2058; baseline -0.003 -8"><span class='ocrx_word' id='word_1_357' title='bbox 267 2023 312 2050; x_wconf 65' lang='lat'><strong>24.</strong></span> <span class='ocrx_word' id='word_1_358' title='bbox 332 2022 364 2049; x_wconf 88' lang='lat' dir='ltr'><strong>Et</strong></span> <span class='ocrx_word' id='word_1_359' title='bbox 377 2023 525 2058; x_wconf 87' lang='lat' dir='ltr'><strong>promisisti</strong></span> <span class='ocrx_word' id='word_1_360' title='bbox 539 2022 605 2050; x_wconf 89' lang='lat' dir='ltr'><strong>mihi</strong></span> <span class='ocrx_word' id='word_1_361' title='bbox 622 2029 735 2058; x_wconf 78' lang='lat' dir='ltr'><strong>regnum</strong></span> <span class='ocrx_word' id='word_1_362' title='bbox 751 2021 895 2049; x_wconf 58' lang='lat' dir='ltr'><strong>calorum.</strong></span> 
     </span>
    </p>
   </div>
   <div class='ocr_carea' id='block_1_62' title="bbox 266 2067 1018 2104">
    <p class='ocr_par' dir='ltr' id='par_1_62' title="bbox 266 2067 1018 2104">
     <span class='ocr_line' id='line_1_62' title="bbox 266 2067 1018 2104; baseline -0.004 -7"><span class='ocrx_word' id='word_1_363' title='bbox 266 2070 319 2104; x_wconf 80' lang='lat'><strong>25,</strong></span> <span class='ocrx_word' id='word_1_364' title='bbox 334 2069 380 2098; x_wconf 81' lang='lat'><strong>‘26.</strong></span> <span class='ocrx_word' id='word_1_365' title='bbox 403 2069 565 2097; x_wconf 88' lang='lat' dir='ltr'><strong>Benedictus</strong></span> <span class='ocrx_word' id='word_1_366' title='bbox 585 2068 717 2095; x_wconf 89' lang='lat' dir='ltr'><strong>Dominus</strong></span> <span class='ocrx_word' id='word_1_367' title='bbox 741 2067 813 2095; x_wconf 85' lang='lat' dir='ltr'><strong>Deus</strong></span> <span class='ocrx_word' id='word_1_368' title='bbox 835 2067 959 2095; x_wconf 88' lang='lat' dir='ltr'><strong>cordium</strong></span> <span class='ocrx_word' id='word_1_369' title='bbox 977 2067 1018 2095; x_wconf 91' lang='lat' dir='ltr'><strong>vi-</strong></span> 
     </span>
    </p>
   </div>
   <div class='ocr_carea' id='block_1_63' title="bbox 232 2113 1018 2151">
    <p class='ocr_par' dir='ltr' id='par_1_63' title="bbox 232 2113 1018 2151">
     <span class='ocr_line' id='line_1_63' title="bbox 232 2113 1018 2151; baseline -0.005 -7"><span class='ocrx_word' id='word_1_370' title='bbox 232 2116 354 2144; x_wconf 90' lang='lat' dir='ltr'><strong>dentium</strong></span> <span class='ocrx_word' id='word_1_371' title='bbox 376 2123 437 2144; x_wconf 90' lang='lat' dir='ltr'><strong>eum</strong></span> <span class='ocrx_word' id='word_1_372' title='bbox 458 2124 473 2143; x_wconf 89' lang='lat' dir='ltr'><strong>a</strong></span> <span class='ocrx_word' id='word_1_373' title='bbox 494 2114 621 2151; x_wconf 78' lang='lat' dir='ltr'><strong>praesenti</strong></span> <span class='ocrx_word' id='word_1_374' title='bbox 634 2113 749 2147; x_wconf 62' lang='lat' dir='ltr'><strong>saeculo,</strong></span> <span class='ocrx_word' id='word_1_375' title='bbox 763 2118 790 2140; x_wconf 89' lang='lat' dir='ltr'><strong>et</strong></span> <span class='ocrx_word' id='word_1_376' title='bbox 806 2121 892 2148; x_wconf 81' lang='lat' dir='ltr'><strong>usque</strong></span> <span class='ocrx_word' id='word_1_377' title='bbox 905 2113 932 2140; x_wconf 91' lang='lat' dir='ltr'><strong>in</strong></span> <span class='ocrx_word' id='word_1_378' title='bbox 945 2121 1018 2141; x_wconf 89' lang='lat' dir='ltr'><strong>sem-</strong></span> 
     </span>
    </p>
   </div>
   <div class='ocr_carea' id='block_1_64' title="bbox 1104 1249 1862 1286">
    <p class='ocr_par' dir='ltr' id='par_1_64' title="bbox 1104 1249 1862 1286">
     <span class='ocr_line' id='line_1_64' title="bbox 1104 1249 1862 1286; baseline 0.001 -9"><span class='ocrx_word' id='word_1_379' title='bbox 1104 1250 1145 1277; x_wconf 76' lang='lat' dir='ltr'><strong>M.</strong></span> <span class='ocrx_word' id='word_1_380' title='bbox 1162 1251 1216 1278; x_wconf 75' lang='lat' dir='ltr'><strong>Kal.</strong></span> <span class='ocrx_word' id='word_1_381' title='bbox 1231 1252 1307 1278; x_wconf 72' lang='grc' dir='ltr'>αὐτοὶ</span> <span class='ocrx_word' id='word_1_382' title='bbox 1337 1251 1361 1278; x_wconf 83' lang='grc' dir='ltr'>οἱ</span> <span class='ocrx_word' id='word_1_383' title='bbox 1386 1250 1507 1278; x_wconf 81' lang='grc' dir='ltr'>Ἰουδαῖοι</span> <span class='ocrx_word' id='word_1_384' title='bbox 1537 1249 1764 1277; x_wconf 73' lang='grc' dir='ltr'>συνεϐουλεύοντο</span> <span class='ocrx_word' id='word_1_385' title='bbox 1793 1250 1862 1286; x_wconf 78' lang='grc' dir='ltr'><strong>μετά</strong></span> 
     </span>
    </p>
   </div>
   <div class='ocr_carea' id='block_1_65' title="bbox 1068 1297 1231 1331">
    <p class='ocr_par' dir='ltr' id='par_1_65' title="bbox 1068 1297 1231 1331">
     <span class='ocr_line' id='line_1_65' title="bbox 1068 1297 1231 1331; baseline 0.012 -8"><span class='ocrx_word' id='word_1_386' title='bbox 1068 1297 1113 1324; x_wconf 77' lang='grc' dir='ltr'>τοῦ</span> <span class='ocrx_word' id='word_1_387' title='bbox 1136 1297 1231 1331; x_wconf 77' lang='grc' dir='ltr'><strong>Ἰούδα,</strong></span> 
     </span>
    </p>
   </div>
   <div class='ocr_carea' id='block_1_66' title="bbox 1102 1342 1510 1379">
    <p class='ocr_par' dir='ltr' id='par_1_66' title="bbox 1102 1342 1510 1379">
     <span class='ocr_line' id='line_1_66' title="bbox 1102 1342 1510 1379; baseline -0.007 -9"><span class='ocrx_word' id='word_1_388' title='bbox 1102 1343 1145 1370; x_wconf 76' lang='lat' dir='ltr'><strong>l5.</strong></span> <span class='ocrx_word' id='word_1_389' title='bbox 1159 1344 1217 1370; x_wconf 84' lang='grc' dir='ltr'>Ἵνα</span> <span class='ocrx_word' id='word_1_390' title='bbox 1232 1343 1404 1379; x_wconf 75' lang='grc' dir='ltr'><strong>κρατήσωσιν</strong></span> <span class='ocrx_word' id='word_1_391' title='bbox 1418 1342 1510 1374; x_wconf 75' lang='grc' dir='ltr'>αὑτὸν,</span> 
     </span>
    </p>
   </div>
   <div class='ocr_carea' id='block_1_67' title="bbox 1103 1387 1538 1414">
    <p class='ocr_par' dir='ltr' id='par_1_67' title="bbox 1103 1387 1538 1414">
     <span class='ocr_line' id='line_1_67' title="bbox 1103 1387 1538 1414; baseline -0.002 0"><span class='ocrx_word' id='word_1_392' title='bbox 1103 1387 1147 1414; x_wconf 77' lang='grc'><strong>16.</strong></span> <span class='ocrx_word' id='word_1_393' title='bbox 1163 1387 1222 1414; x_wconf 83' lang='grc' dir='ltr'>Ἵνα</span> <span class='ocrx_word' id='word_1_394' title='bbox 1236 1387 1434 1414; x_wconf 71' lang='grc' dir='ltr'><strong>ἀποκτείνωσιν</strong></span> <span class='ocrx_word' id='word_1_395' title='bbox 1447 1387 1538 1413; x_wconf 77' lang='grc' dir='ltr'>αὐτόν.</span> 
     </span>
    </p>
   </div>
   <div class='ocr_carea' id='block_1_68' title="bbox 1105 1431 1863 1467">
    <p class='ocr_par' dir='ltr' id='par_1_68' title="bbox 1105 1431 1863 1467">
     <span class='ocr_line' id='line_1_68' title="bbox 1105 1431 1863 1467; baseline 0 -8"><span class='ocrx_word' id='word_1_396' title='bbox 1105 1432 1148 1459; x_wconf 82' lang='grc' dir='ltr'><strong>ΓΙ,</strong></span> <span class='ocrx_word' id='word_1_397' title='bbox 1165 1432 1216 1459; x_wconf 83' lang='grc' dir='ltr'>Τὸν</span> <span class='ocrx_word' id='word_1_398' title='bbox 1232 1431 1346 1459; x_wconf 84' lang='grc' dir='ltr'>θάνατον</span> <span class='ocrx_word' id='word_1_399' title='bbox 1358 1431 1405 1458; x_wconf 83' lang='grc' dir='ltr'><strong>τοῦ</strong></span> <span class='ocrx_word' id='word_1_400' title='bbox 1419 1431 1522 1467; x_wconf 73' lang='grc' dir='ltr'>Κυρίου</span> <span class='ocrx_word' id='word_1_401' title='bbox 1542 1431 1627 1465; x_wconf 81' lang='grc' dir='ltr'><strong>λέγει,</strong></span> <span class='ocrx_word' id='word_1_402' title='bbox 1653 1431 1698 1458; x_wconf 76' lang='grc' dir='ltr'>καὶ</span> <span class='ocrx_word' id='word_1_403' title='bbox 1713 1431 1757 1458; x_wconf 79' lang='grc' dir='ltr'>ὅτι</span> <span class='ocrx_word' id='word_1_404' title='bbox 1767 1431 1863 1459; x_wconf 65' lang='grc' dir='ltr'>ἑαυτὸν</span> 
     </span>
    </p>
   </div>
   <div class='ocr_carea' id='block_1_69' title="bbox 1068 1477 1227 1514">
    <p class='ocr_par' dir='ltr' id='par_1_69' title="bbox 1068 1477 1227 1514">
     <span class='ocr_line' id='line_1_69' title="bbox 1068 1477 1227 1514; baseline -0.006 -9"><span class='ocrx_word' id='word_1_405' title='bbox 1068 1477 1227 1514; x_wconf 82' lang='grc' dir='ltr'>ἀνέστησεν.</span> 
     </span>
    </p>
   </div>
   <div class='ocr_carea' id='block_1_70' title="bbox 1104 1519 1863 1558">
    <p class='ocr_par' dir='ltr' id='par_1_70' title="bbox 1104 1519 1863 1558">
     <span class='ocr_line' id='line_1_70' title="bbox 1104 1519 1863 1558; baseline -0.003 -8"><span class='ocrx_word' id='word_1_406' title='bbox 1104 1523 1146 1550; x_wconf 80' lang='grc'><strong>18.</strong></span> <span class='ocrx_word' id='word_1_407' title='bbox 1163 1519 1245 1554; x_wconf 76' lang='grc' dir='ltr'>Οὗτος</span> <span class='ocrx_word' id='word_1_408' title='bbox 1267 1521 1305 1558; x_wconf 77' lang='grc'><strong>(1)</strong></span> <span class='ocrx_word' id='word_1_409' title='bbox 1329 1522 1382 1558; x_wconf 77' lang='grc' dir='ltr'><strong>γάρ</strong></span> <span class='ocrx_word' id='word_1_410' title='bbox 1399 1522 1472 1549; x_wconf 74' lang='grc' dir='ltr'>ἐστιν</span> <span class='ocrx_word' id='word_1_411' title='bbox 1494 1523 1511 1558; x_wconf 82' lang='grc' dir='ltr'><strong>ἡ</strong></span> <span class='ocrx_word' id='word_1_412' title='bbox 1524 1522 1618 1558; x_wconf 69' lang='grc' dir='ltr'>εἰρήνη</span> <span class='ocrx_word' id='word_1_413' title='bbox 1634 1521 1722 1557; x_wconf 82' lang='grc' dir='ltr'><strong>ἡμῶν,</strong></span> <span class='ocrx_word' id='word_1_414' title='bbox 1736 1523 1752 1548; x_wconf 83' lang='grc' dir='ltr'>ὁ</span> <span class='ocrx_word' id='word_1_415' title='bbox 1767 1523 1863 1549; x_wconf 76' lang='grc' dir='ltr'><strong>εἰπών’</strong></span> 
     </span>
    </p>
   </div>
   <div class='ocr_carea' id='block_1_71' title="bbox 1066 1568 1577 1603">
    <p class='ocr_par' dir='ltr' id='par_1_71' title="bbox 1066 1568 1577 1603">
     <span class='ocr_line' id='line_1_71' title="bbox 1066 1568 1577 1603; baseline -0.018 -1"><span class='ocrx_word' id='word_1_416' title='bbox 1066 1568 1197 1603; x_wconf 74' lang='grc' dir='ltr'><strong>Εἰρήνην</strong></span> <span class='ocrx_word' id='word_1_417' title='bbox 1212 1568 1270 1603; x_wconf 78' lang='grc' dir='ltr'><strong>τὴν</strong></span> <span class='ocrx_word' id='word_1_418' title='bbox 1283 1568 1362 1603; x_wconf 78' lang='grc' dir='ltr'><strong>ἐμὴν</strong></span> <span class='ocrx_word' id='word_1_419' title='bbox 1377 1568 1480 1603; x_wconf 80' lang='grc' dir='ltr'><em>δίδωμι</em></span> <span class='ocrx_word' id='word_1_420' title='bbox 1497 1569 1577 1602; x_wconf 77' lang='grc' dir='ltr'><strong>ὑμῖν.</strong></span> 
     </span>
    </p>
   </div>
   <div class='ocr_carea' id='block_1_72' title="bbox 1105 1613 1865 1649">
    <p class='ocr_par' dir='ltr' id='par_1_72' title="bbox 1105 1613 1865 1649">
     <span class='ocr_line' id='line_1_72' title="bbox 1105 1613 1865 1649; baseline 0.001 -9"><span class='ocrx_word' id='word_1_421' title='bbox 1105 1614 1149 1640; x_wconf 83' lang='grc'><strong>19.</strong></span> <span class='ocrx_word' id='word_1_422' title='bbox 1160 1614 1228 1649; x_wconf 74' lang='grc' dir='ltr'><strong>Περὶ</strong></span> <span class='ocrx_word' id='word_1_423' title='bbox 1241 1613 1288 1640; x_wconf 76' lang='grc' dir='ltr'><strong>τοῦ</strong></span> <span class='ocrx_word' id='word_1_424' title='bbox 1297 1614 1381 1640; x_wconf 83' lang='grc' dir='ltr'>Ἰούδα</span> <span class='ocrx_word' id='word_1_425' title='bbox 1389 1613 1473 1648; x_wconf 77' lang='grc' dir='ltr'>λέγει,</span> <span class='ocrx_word' id='word_1_426' title='bbox 1487 1614 1534 1640; x_wconf 76' lang='grc' dir='ltr'><strong>καὶ</strong></span> <span class='ocrx_word' id='word_1_427' title='bbox 1551 1614 1599 1648; x_wconf 81' lang='grc' dir='ltr'><strong>τῆς</strong></span> <span class='ocrx_word' id='word_1_428' title='bbox 1609 1613 1754 1648; x_wconf 72' lang='grc' dir='ltr'>προδοσίας</span> <span class='ocrx_word' id='word_1_429' title='bbox 1768 1614 1865 1641; x_wconf 76' lang='grc' dir='ltr'>αὐτοῦ.</span> 
     </span>
    </p>
   </div>
   <div class='ocr_carea' id='block_1_73' title="bbox 1102 1660 1864 1697">
    <p class='ocr_par' dir='ltr' id='par_1_73' title="bbox 1102 1660 1864 1697">
     <span class='ocr_line' id='line_1_73' title="bbox 1102 1660 1864 1697; baseline 0.001 -9"><span class='ocrx_word' id='word_1_430' title='bbox 1102 1661 1146 1688; x_wconf 85' lang='lat'><strong>20.</strong></span> <span class='ocrx_word' id='word_1_431' title='bbox 1161 1660 1262 1687; x_wconf 85' lang='grc' dir='ltr'>Λοιπὸν</span> <span class='ocrx_word' id='word_1_432' title='bbox 1274 1662 1288 1688; x_wconf 85' lang='grc' dir='ltr'>ὁ</span> <span class='ocrx_word' id='word_1_433' title='bbox 1305 1660 1413 1695; x_wconf 63' lang='lat' dir='ltr'><strong>pucea;</strong></span> <span class='ocrx_word' id='word_1_434' title='bbox 1432 1660 1476 1687; x_wconf 75' lang='grc' dir='ltr'><strong>διὰ</strong></span> <span class='ocrx_word' id='word_1_435' title='bbox 1504 1661 1551 1687; x_wconf 75' lang='grc' dir='ltr'>τοῦ</span> <span class='ocrx_word' id='word_1_436' title='bbox 1579 1661 1681 1696; x_wconf 74' lang='grc' dir='ltr'>Κυρίου</span> <span class='ocrx_word' id='word_1_437' title='bbox 1699 1661 1765 1693; x_wconf 81' lang='grc' dir='ltr'>λαὸς</span> <span class='ocrx_word' id='word_1_438' title='bbox 1791 1662 1864 1697; x_wconf 75' lang='grc' dir='ltr'>λέγει</span> 
     </span>
    </p>
   </div>
   <div class='ocr_carea' id='block_1_74' title="bbox 1069 1705 1865 1743">
    <p class='ocr_par' dir='ltr' id='par_1_74' title="bbox 1069 1705 1865 1743">
     <span class='ocr_line' id='line_1_74' title="bbox 1069 1705 1865 1743; baseline 0.003 -11"><span class='ocrx_word' id='word_1_439' title='bbox 1069 1705 1136 1741; x_wconf 81' lang='grc' dir='ltr'>πρὸς</span> <span class='ocrx_word' id='word_1_440' title='bbox 1151 1705 1240 1732; x_wconf 74' lang='grc' dir='ltr'>αὐτόν·</span> <span class='ocrx_word' id='word_1_441' title='bbox 1250 1706 1405 1741; x_wconf 84' lang='grc' dir='ltr'><strong>Σὺ,Κύριε,</strong></span> <span class='ocrx_word' id='word_1_442' title='bbox 1420 1707 1433 1732; x_wconf 87' lang='grc' dir='ltr'>ὁ</span> <span class='ocrx_word' id='word_1_443' title='bbox 1443 1706 1528 1733; x_wconf 78' lang='grc' dir='ltr'>ταῦτα</span> <span class='ocrx_word' id='word_1_444' title='bbox 1543 1707 1865 1743; x_wconf 72' lang='grc' dir='ltr'><strong>ὑπομείνας,ὰνάπτησον</strong></span> 
     </span>
    </p>
   </div>
   <div class='ocr_carea' id='block_1_75' title="bbox 1067 1751 1864 1790">
    <p class='ocr_par' dir='ltr' id='par_1_75' title="bbox 1067 1751 1864 1790">
     <span class='ocr_line' id='line_1_75' title="bbox 1067 1751 1864 1790; baseline 0.005 -13"><span class='ocrx_word' id='word_1_445' title='bbox 1067 1752 1141 1786; x_wconf 77' lang='grc' dir='ltr'><strong>ἡμᾶς</strong></span> <span class='ocrx_word' id='word_1_446' title='bbox 1154 1751 1197 1778; x_wconf 82' lang='grc' dir='ltr'><strong>διὰ</strong></span> <span class='ocrx_word' id='word_1_447' title='bbox 1211 1751 1256 1778; x_wconf 77' lang='grc' dir='ltr'><strong>τοῦ</strong></span> <span class='ocrx_word' id='word_1_448' title='bbox 1271 1751 1385 1779; x_wconf 82' lang='grc' dir='ltr'>Θανάτου</span> <span class='ocrx_word' id='word_1_449' title='bbox 1402 1761 1460 1786; x_wconf 87' lang='grc' dir='ltr'>σου,</span> <span class='ocrx_word' id='word_1_450' title='bbox 1475 1754 1522 1780; x_wconf 80' lang='grc' dir='ltr'><strong>καὶ</strong></span> <span class='ocrx_word' id='word_1_451' title='bbox 1540 1754 1719 1790; x_wconf 79' lang='grc' dir='ltr'>κυριεύσομεν</span> <span class='ocrx_word' id='word_1_452' title='bbox 1743 1754 1802 1780; x_wconf 80' lang='grc' dir='ltr'><strong>τῶν</strong></span> <span class='ocrx_word' id='word_1_453' title='bbox 1818 1755 1864 1781; x_wconf 83' lang='grc' dir='ltr'><strong>δυ-</strong></span> 
     </span>
    </p>
   </div>
   <div class='ocr_carea' id='block_1_76' title="bbox 1068 1797 1363 1834">
    <p class='ocr_par' dir='ltr' id='par_1_76' title="bbox 1068 1797 1363 1834">
     <span class='ocr_line' id='line_1_76' title="bbox 1068 1797 1363 1834; baseline 0.003 -10"><span class='ocrx_word' id='word_1_454' title='bbox 1068 1797 1176 1832; x_wconf 81' lang='grc' dir='ltr'>νάμεων</span> <span class='ocrx_word' id='word_1_455' title='bbox 1190 1797 1237 1823; x_wconf 79' lang='grc' dir='ltr'>τοῦ</span> <span class='ocrx_word' id='word_1_456' title='bbox 1254 1797 1363 1834; x_wconf 79' lang='grc' dir='ltr'><strong>ἐχθροῦ.</strong></span> 
     </span>
    </p>
   </div>
   <div class='ocr_carea' id='block_1_77' title="bbox 1101 1843 1864 1882">
    <p class='ocr_par' dir='ltr' id='par_1_77' title="bbox 1101 1843 1864 1882">
     <span class='ocr_line' id='line_1_77' title="bbox 1101 1843 1864 1882; baseline 0.005 -12"><span class='ocrx_word' id='word_1_457' title='bbox 1101 1843 1145 1876; x_wconf 77' lang='lat'><strong>21,</strong></span> <span class='ocrx_word' id='word_1_458' title='bbox 1156 1844 1201 1870; x_wconf 78' lang='lat'><strong>22.</strong></span> <span class='ocrx_word' id='word_1_459' title='bbox 1223 1844 1363 1872; x_wconf 82' lang='grc' dir='ltr'>Ἐντεῦθεν</span> <span class='ocrx_word' id='word_1_460' title='bbox 1380 1844 1539 1882; x_wconf 74' lang='grc' dir='ltr'>ἐγνώκαμεν</span> <span class='ocrx_word' id='word_1_461' title='bbox 1553 1847 1593 1873; x_wconf 83' lang='grc' dir='ltr'>ὅτι</span> <span class='ocrx_word' id='word_1_462' title='bbox 1611 1846 1749 1882; x_wconf 75' lang='grc' dir='ltr'><strong>ἠθέλησας</strong></span> <span class='ocrx_word' id='word_1_463' title='bbox 1776 1847 1864 1874; x_wconf 84' lang='grc' dir='ltr'>σῶσαι</span> 
     </span>
    </p>
   </div>
   <div class='ocr_carea' id='block_1_78' title="bbox 1068 1887 1724 1927">
    <p class='ocr_par' dir='ltr' id='par_1_78' title="bbox 1068 1887 1724 1927">
     <span class='ocr_line' id='line_1_78' title="bbox 1068 1887 1724 1927; baseline 0.005 -12"><span class='ocrx_word' id='word_1_464' title='bbox 1068 1890 1151 1925; x_wconf 80' lang='grc' dir='ltr'><strong>ἡμᾶς,</strong></span> <span class='ocrx_word' id='word_1_465' title='bbox 1164 1890 1210 1924; x_wconf 82' lang='grc' dir='ltr'><strong>ἀφ’</strong></span> <span class='ocrx_word' id='word_1_466' title='bbox 1224 1887 1261 1916; x_wconf 84' lang='grc' dir='ltr'><strong>ὧν</strong></span> <span class='ocrx_word' id='word_1_467' title='bbox 1271 1891 1378 1926; x_wconf 67' lang='grc' dir='ltr'>ἐρρύσω</span> <span class='ocrx_word' id='word_1_468' title='bbox 1393 1893 1467 1927; x_wconf 81' lang='grc' dir='ltr'><strong>ἡμᾶς</strong></span> <span class='ocrx_word' id='word_1_469' title='bbox 1483 1893 1514 1919; x_wconf 81' lang='grc' dir='ltr'><strong>ἐκ</strong></span> <span class='ocrx_word' id='word_1_470' title='bbox 1530 1892 1577 1918; x_wconf 82' lang='grc' dir='ltr'><strong>τοῦ</strong></span> <span class='ocrx_word' id='word_1_471' title='bbox 1591 1892 1724 1919; x_wconf 75' lang='grc' dir='ltr'><strong>διαϐόλου.</strong></span> 
     </span>
    </p>
   </div>
   <div class='ocr_carea' id='block_1_79' title="bbox 1103 1935 1865 1976">
    <p class='ocr_par' dir='ltr' id='par_1_79' title="bbox 1103 1935 1865 1976">
     <span class='ocr_line' id='line_1_79' title="bbox 1103 1935 1865 1976; baseline 0.007 -15"><span class='ocrx_word' id='word_1_472' title='bbox 1103 1935 1148 1962; x_wconf 80' lang='lat'><strong>23.</strong></span> <span class='ocrx_word' id='word_1_473' title='bbox 1166 1935 1215 1962; x_wconf 78' lang='grc' dir='ltr'><strong>Διὰ</strong></span> <span class='ocrx_word' id='word_1_474' title='bbox 1227 1936 1305 1963; x_wconf 82' lang='grc' dir='ltr'>τοῦτο</span> <span class='ocrx_word' id='word_1_475' title='bbox 1314 1937 1461 1964; x_wconf 78' lang='grc' dir='ltr'>ἀντελάΰου</span> <span class='ocrx_word' id='word_1_476' title='bbox 1476 1946 1538 1973; x_wconf 86' lang='grc' dir='ltr'>μου,</span> <span class='ocrx_word' id='word_1_477' title='bbox 1566 1939 1608 1965; x_wconf 83' lang='grc' dir='ltr'><strong>ὅτι</strong></span> <span class='ocrx_word' id='word_1_478' title='bbox 1620 1938 1650 1965; x_wconf 82' lang='grc' dir='ltr'><strong>ὲν</strong></span> <span class='ocrx_word' id='word_1_479' title='bbox 1664 1938 1776 1974; x_wconf 82' lang='grc' dir='ltr'>καθαρᾷ</span> <span class='ocrx_word' id='word_1_480' title='bbox 1797 1948 1865 1976; x_wconf 84' lang='grc' dir='ltr'>καρ-</span> 
     </span>
    </p>
   </div>
   <div class='ocr_carea' id='block_1_80' title="bbox 1067 1981 1277 2016">
    <p class='ocr_par' dir='ltr' id='par_1_80' title="bbox 1067 1981 1277 2016">
     <span class='ocr_line' id='line_1_80' title="bbox 1067 1981 1277 2016; baseline 0.014 -9"><span class='ocrx_word' id='word_1_481' title='bbox 1067 1981 1111 2016; x_wconf 77' lang='grc' dir='ltr'><strong>δίᾳ</strong></span> <span class='ocrx_word' id='word_1_482' title='bbox 1121 1982 1277 2010; x_wconf 74' lang='grc' dir='ltr'>ἐπίστευσα.</span> 
     </span>
    </p>
   </div>
   <div class='ocr_carea' id='block_1_81' title="bbox 1102 2027 1866 2067">
    <p class='ocr_par' dir='ltr' id='par_1_81' title="bbox 1102 2027 1866 2067">
     <span class='ocr_line' id='line_1_81' title="bbox 1102 2027 1866 2067; baseline 0.007 -14"><span class='ocrx_word' id='word_1_483' title='bbox 1102 2027 1147 2053; x_wconf 74' lang='grc'><strong>24.</strong></span> <span class='ocrx_word' id='word_1_484' title='bbox 1157 2028 1212 2054; x_wconf 72' lang='grc' dir='ltr'><strong>Καὶ</strong></span> <span class='ocrx_word' id='word_1_485' title='bbox 1222 2028 1378 2064; x_wconf 79' lang='grc' dir='ltr'>ὲπηγγείλω</span> <span class='ocrx_word' id='word_1_486' title='bbox 1396 2038 1440 2065; x_wconf 84' lang='grc' dir='ltr'><strong>μοι</strong></span> <span class='ocrx_word' id='word_1_487' title='bbox 1454 2030 1503 2065; x_wconf 81' lang='grc' dir='ltr'>τὴν</span> <span class='ocrx_word' id='word_1_488' title='bbox 1515 2030 1653 2065; x_wconf 80' lang='grc' dir='ltr'>βασιλείαν</span> <span class='ocrx_word' id='word_1_489' title='bbox 1665 2031 1719 2058; x_wconf 80' lang='grc' dir='ltr'>τῶν</span> <span class='ocrx_word' id='word_1_490' title='bbox 1729 2031 1866 2067; x_wconf 79' lang='grc' dir='ltr'>οὐρανῶν.</span> 
     </span>
    </p>
   </div>
   <div class='ocr_carea' id='block_1_82' title="bbox 1103 2073 1866 2113">
    <p class='ocr_par' dir='ltr' id='par_1_82' title="bbox 1103 2073 1866 2113">
     <span class='ocr_line' id='line_1_82' title="bbox 1103 2073 1866 2113; baseline 0.007 -14"><span class='ocrx_word' id='word_1_491' title='bbox 1103 2073 1148 2105; x_wconf 75' lang='lat'><strong>23,</strong></span> <span class='ocrx_word' id='word_1_492' title='bbox 1176 2073 1220 2100; x_wconf 81' lang='lat'><strong>26.</strong></span> <span class='ocrx_word' id='word_1_493' title='bbox 1250 2075 1402 2111; x_wconf 83' lang='grc' dir='ltr'>Εὐλογητὸς</span> <span class='ocrx_word' id='word_1_494' title='bbox 1432 2076 1535 2111; x_wconf 86' lang='grc' dir='ltr'>Κύριος</span> <span class='ocrx_word' id='word_1_495' title='bbox 1560 2077 1654 2109; x_wconf 84' lang='grc' dir='ltr'>ὸΘεὸς</span> <span class='ocrx_word' id='word_1_496' title='bbox 1673 2077 1728 2104; x_wconf 82' lang='grc' dir='ltr'><strong>τῶν</strong></span> <span class='ocrx_word' id='word_1_497' title='bbox 1744 2078 1866 2113; x_wconf 64' lang='grc' dir='ltr'>καρδιῶν</span> 
     </span>
    </p>
   </div>
   <div class='ocr_carea' id='block_1_83' title="bbox 1068 2120 1867 2157">
    <p class='ocr_par' dir='ltr' id='par_1_83' title="bbox 1068 2120 1867 2157">
     <span class='ocr_line' id='line_1_83' title="bbox 1068 2120 1867 2157; baseline 0.005 -11"><span class='ocrx_word' id='word_1_498' title='bbox 1068 2120 1123 2147; x_wconf 78' lang='grc' dir='ltr'><strong>τῶν</strong></span> <span class='ocrx_word' id='word_1_499' title='bbox 1138 2121 1263 2157; x_wconf 80' lang='grc' dir='ltr'><strong>ὁρώντων</strong></span> <span class='ocrx_word' id='word_1_500' title='bbox 1280 2123 1361 2150; x_wconf 81' lang='grc' dir='ltr'>αὑτὸν</span> <span class='ocrx_word' id='word_1_501' title='bbox 1375 2123 1429 2150; x_wconf 88' lang='grc' dir='ltr'><strong>ἀπὸ</strong></span> <span class='ocrx_word' id='word_1_502' title='bbox 1441 2123 1487 2150; x_wconf 83' lang='grc' dir='ltr'><strong>τοῦ</strong></span> <span class='ocrx_word' id='word_1_503' title='bbox 1503 2122 1551 2150; x_wconf 75' lang='grc' dir='ltr'><strong>νῦν</strong></span> <span class='ocrx_word' id='word_1_504' title='bbox 1571 2123 1668 2155; x_wconf 84' lang='grc' dir='ltr'>αἰῶνος</span> <span class='ocrx_word' id='word_1_505' title='bbox 1684 2123 1730 2149; x_wconf 73' lang='grc' dir='ltr'><strong>καὶ</strong></span> <span class='ocrx_word' id='word_1_506' title='bbox 1750 2124 1805 2155; x_wconf 79' lang='grc' dir='ltr'><strong>ἕως</strong></span> <span class='ocrx_word' id='word_1_507' title='bbox 1820 2124 1867 2150; x_wconf 75' lang='grc' dir='ltr'>τοῦ</span> 
     </span>
    </p>
   </div>
   <div class='ocr_carea' id='block_1_84' title="bbox 233 2160 1020 2213">
    <p class='ocr_par' dir='ltr' id='par_1_84' title="bbox 233 2160 1018 2197">
     <span class='ocr_line' id='line_1_84' title="bbox 233 2160 1018 2197; baseline -0.003 -7"><span class='ocrx_word' id='word_1_508' title='bbox 233 2163 379 2197; x_wconf 85' lang='lat' dir='ltr'><strong>piternum.</strong></span> <span class='ocrx_word' id='word_1_509' title='bbox 400 2163 486 2190; x_wconf 83' lang='lat' dir='ltr'><strong>Amen</strong></span> <span class='ocrx_word' id='word_1_510' title='bbox 503 2162 598 2189; x_wconf 87' lang='lat' dir='ltr'><strong>Amen.</strong></span> <span class='ocrx_word' id='word_1_511' title='bbox 625 2160 706 2188; x_wconf 83' lang='lat' dir='ltr'><strong>Israel</strong></span> <span class='ocrx_word' id='word_1_512' title='bbox 725 2160 797 2188; x_wconf 90' lang='lat' dir='ltr'><strong>enim</strong></span> <span class='ocrx_word' id='word_1_513' title='bbox 823 2160 1018 2195; x_wconf 87' lang='lat' dir='ltr'><strong>interpretatur</strong></span> 
     </span>
    </p>
   </div>
   <div class='ocr_carea' id='block_1_85' title="bbox 1103 2160 1866 2213">
    <p class='ocr_par' dir='ltr' id='par_1_85' title="bbox 1105 2167 1866 2213">
     <span class='ocr_line' id='line_1_85' title="bbox 1105 2167 1866 2213; baseline 0.003 -20"><span class='ocrx_word' id='word_1_514' title='bbox 1105 2167 1260 2213; x_wconf 83' lang='grc' dir='ltr'>ελευτήτου.</span> <span class='ocrx_word' id='word_1_515' title='bbox 1279 2169 1375 2204; x_wconf 83' lang='grc' dir='ltr'><strong>’Δμὴν,</strong></span> <span class='ocrx_word' id='word_1_516' title='bbox 1392 2169 1477 2204; x_wconf 82' lang='grc' dir='ltr'><strong>ἀμήν.</strong></span> <span class='ocrx_word' id='word_1_517' title='bbox 1497 2168 1606 2205; x_wconf 79' lang='grc' dir='ltr'>Ἰσραὴλ</span> <span class='ocrx_word' id='word_1_518' title='bbox 1632 2169 1680 2204; x_wconf 85' lang='grc' dir='ltr'><strong>μὲν</strong></span> <span class='ocrx_word' id='word_1_519' title='bbox 1703 2168 1758 2205; x_wconf 77' lang='grc' dir='ltr'>γὰρ</span> <span class='ocrx_word' id='word_1_520' title='bbox 1775 2170 1866 2205; x_wconf 76' lang='grc' dir='ltr'><strong>ἑρμη-</strong></span> 
     </span>
    </p>
   </div>
   <div class='ocr_carea' id='block_1_86' title="bbox 232 2206 1020 2250">
    <p class='ocr_par' dir='ltr' id='par_1_86' title="bbox 232 2206 1018 2240">
     <span class='ocr_line' id='line_1_86' title="bbox 232 2206 1018 2240; baseline 0 -6"><span class='ocrx_word' id='word_1_521' title='bbox 232 2215 304 2234; x_wconf 79' lang='lat' dir='ltr'><strong>mens</strong></span> <span class='ocrx_word' id='word_1_522' title='bbox 328 2208 416 2234; x_wconf 64' lang='lat' dir='ltr'><strong>videns</strong></span> <span class='ocrx_word' id='word_1_523' title='bbox 441 2207 535 2234; x_wconf 86' lang='lat' dir='ltr'><strong>Deum.</strong></span> <span class='ocrx_word' id='word_1_524' title='bbox 565 2206 634 2234; x_wconf 88' lang='lat' dir='ltr'><strong>Illud</strong></span> <span class='ocrx_word' id='word_1_525' title='bbox 658 2210 748 2233; x_wconf 80' lang='lat' dir='ltr'><strong>alitem</strong></span> <span class='ocrx_word' id='word_1_526' title='bbox 774 2206 822 2240; x_wconf 82' lang='lat' dir='ltr'><strong>ﬁat</strong></span> <span class='ocrx_word' id='word_1_527' title='bbox 851 2206 911 2234; x_wconf 87' lang='lat' dir='ltr'><strong>loco</strong></span> <span class='ocrx_word' id='word_1_528' title='bbox 937 2207 1018 2234; x_wconf 80' lang='lat' dir='ltr'><strong>Amen</strong></span> 
     </span>
    </p>
   </div>
   <div class='ocr_carea' id='block_1_87' title="bbox 1103 2206 1867 2250">
    <p class='ocr_par' dir='ltr' id='par_1_87' title="bbox 1104 2212 1867 2250">
     <span class='ocr_line' id='line_1_87' title="bbox 1104 2212 1867 2250; baseline 0.004 -12"><span class='ocrx_word' id='word_1_529' title='bbox 1104 2212 1179 2239; x_wconf 85' lang='grc' dir='ltr'>ὑεται</span> <span class='ocrx_word' id='word_1_530' title='bbox 1192 2214 1265 2247; x_wconf 75' lang='grc' dir='ltr'><strong>νοῦς</strong></span> <span class='ocrx_word' id='word_1_531' title='bbox 1281 2213 1359 2248; x_wconf 78' lang='grc' dir='ltr'>ὀρῶν</span> <span class='ocrx_word' id='word_1_532' title='bbox 1384 2215 1468 2241; x_wconf 77' lang='grc' dir='ltr'><strong>Θεόν·</strong></span> <span class='ocrx_word' id='word_1_533' title='bbox 1489 2215 1519 2242; x_wconf 91' lang='grc' dir='ltr'><strong>τὸ</strong></span> <span class='ocrx_word' id='word_1_534' title='bbox 1541 2215 1570 2242; x_wconf 81' lang='grc' dir='ltr'><strong>δὲ</strong></span> <span class='ocrx_word' id='word_1_535' title='bbox 1595 2215 1711 2250; x_wconf 74' lang='grc' dir='ltr'>γένοιτο</span> <span class='ocrx_word' id='word_1_536' title='bbox 1733 2215 1795 2242; x_wconf 75' lang='grc' dir='ltr'>ἀντὶ</span> <span class='ocrx_word' id='word_1_537' title='bbox 1820 2215 1867 2242; x_wconf 74' lang='grc' dir='ltr'><strong>τοῦ</strong></span> 
     </span>
    </p>
   </div>
   <div class='ocr_carea' id='block_1_88' title="bbox 232 2254 353 2287">
    <p class='ocr_par' dir='ltr' id='par_1_88' title="bbox 232 2254 353 2287">
     <span class='ocr_line' id='line_1_88' title="bbox 232 2254 353 2287; baseline 0 -7"><span class='ocrx_word' id='word_1_538' title='bbox 232 2254 353 2287; x_wconf 88' lang='lat' dir='ltr'><strong>ponitur.</strong></span> 
     </span>
    </p>
   </div>
   <div class='ocr_carea' id='block_1_89' title="bbox 273 2308 1059 2347">
    <p class='ocr_par' dir='ltr' id='par_1_89' title="bbox 273 2308 1059 2347">
     <span class='ocr_line' id='line_1_89' title="bbox 273 2308 1059 2347; baseline 0 -9"><span class='ocrx_word' id='word_1_539' title='bbox 273 2312 305 2338; x_wconf 84' lang='grc' dir='ltr'><em>Ἦ</em></span> <span class='ocrx_word' id='word_1_540' title='bbox 319 2310 483 2347; x_wconf 81' lang='grc' dir='ltr'><strong>προκειμένη</strong></span> <span class='ocrx_word' id='word_1_541' title='bbox 498 2309 636 2344; x_wconf 70' lang='grc' dir='ltr'><strong>ἐπιγραφὴ</strong></span> <span class='ocrx_word' id='word_1_542' title='bbox 654 2308 832 2343; x_wconf 75' lang='grc' dir='ltr'><strong>περιέχει(2)”</strong></span> <span class='ocrx_word' id='word_1_543' title='bbox 842 2310 894 2342; x_wconf 84' lang='grc' dir='ltr'><strong>Εὶς</strong></span> <span class='ocrx_word' id='word_1_544' title='bbox 907 2309 940 2336; x_wconf 76' lang='grc' dir='ltr'><strong>τὸ</strong></span> <span class='ocrx_word' id='word_1_545' title='bbox 961 2311 1059 2345; x_wconf 78' lang='grc' dir='ltr'><strong>τέλος,</strong></span> 
     </span>
    </p>
   </div>
   <div class='ocr_carea' id='block_1_90' title="bbox 1067 2257 1317 2294">
    <p class='ocr_par' dir='ltr' id='par_1_90' title="bbox 1067 2257 1317 2294">
     <span class='ocr_line' id='line_1_90' title="bbox 1067 2257 1317 2294; baseline 0.004 -9"><span class='ocrx_word' id='word_1_546' title='bbox 1067 2257 1150 2292; x_wconf 81' lang='grc' dir='ltr'><strong>ἀμὴν</strong></span> <span class='ocrx_word' id='word_1_547' title='bbox 1165 2260 1317 2294; x_wconf 81' lang='grc' dir='ltr'>πρόκειται.</span> 
     </span>
    </p>
   </div>
   <div class='ocr_carea' id='block_1_91' title="bbox 1073 2315 1866 2352">
    <p class='ocr_par' dir='ltr' id='par_1_91' title="bbox 1073 2315 1866 2352">
     <span class='ocr_line' id='line_1_91' title="bbox 1073 2315 1866 2352; baseline 0.005 -11"><span class='ocrx_word' id='word_1_548' title='bbox 1073 2315 1116 2348; x_wconf 80' lang='grc' dir='ltr'><strong>εὶς</strong></span> <span class='ocrx_word' id='word_1_549' title='bbox 1131 2316 1260 2343; x_wconf 80' lang='grc' dir='ltr'>σύνεσιν</span> <span class='ocrx_word' id='word_1_550' title='bbox 1272 2316 1335 2349; x_wconf 85' lang='grc' dir='ltr'>τοῖς</span> <span class='ocrx_word' id='word_1_551' title='bbox 1351 2317 1427 2351; x_wconf 78' lang='grc' dir='ltr'><strong>υἱοῖς</strong></span> <span class='ocrx_word' id='word_1_552' title='bbox 1443 2317 1528 2352; x_wconf 82' lang='grc' dir='ltr'><strong>Κορέ·</strong></span> <span class='ocrx_word' id='word_1_553' title='bbox 1542 2319 1689 2350; x_wconf 78' lang='grc' dir='ltr'>τουτέστιν,</span> <span class='ocrx_word' id='word_1_554' title='bbox 1712 2319 1736 2346; x_wconf 76' lang='grc' dir='ltr'>οἱ</span> <span class='ocrx_word' id='word_1_555' title='bbox 1761 2318 1866 2345; x_wconf 81' lang='grc' dir='ltr'><strong>ἀντιλέ-</strong></span> 
     </span>
    </p>
   </div>
   <div class='ocr_carea' id='block_1_92' title="bbox 231 2354 1865 2400">
    <p class='ocr_par' dir='ltr' id='par_1_92' title="bbox 231 2354 1865 2400">
     <span class='ocr_line' id='line_1_92' title="bbox 231 2354 1865 2400; baseline 0.004 -16"><span class='ocrx_word' id='word_1_556' title='bbox 231 2366 324 2393; x_wconf 83' lang='grc' dir='ltr'>γοντες</span> <span class='ocrx_word' id='word_1_557' title='bbox 340 2357 384 2384; x_wconf 81' lang='grc' dir='ltr'><strong>διὰ</strong></span> <span class='ocrx_word' id='word_1_558' title='bbox 397 2356 446 2388; x_wconf 80' lang='grc' dir='ltr'><strong>τὰς</strong></span> <span class='ocrx_word' id='word_1_559' title='bbox 460 2356 593 2391; x_wconf 83' lang='grc' dir='ltr'><strong>ἁμαρτίας</strong></span> <span class='ocrx_word' id='word_1_560' title='bbox 609 2355 647 2390; x_wconf 82' lang='grc'><strong>(5)</strong></span> <span class='ocrx_word' id='word_1_561' title='bbox 661 2354 700 2389; x_wconf 85' lang='grc' dir='ltr'>τῷ</span> <span class='ocrx_word' id='word_1_562' title='bbox 717 2354 835 2400; x_wconf 40' lang='grc' dir='ltr'>Κυρίῳζ</span> <span class='ocrx_word' id='word_1_563' title='bbox 843 2356 896 2382; x_wconf 77' lang='grc' dir='ltr'>υἱοὶ</span> <span class='ocrx_word' id='word_1_564' title='bbox 921 2357 994 2393; x_wconf 83' lang='grc' dir='ltr'><strong>Κορέ</strong></span> <span class='ocrx_word' id='word_1_565' title='bbox 1020 2359 1101 2387; x_wconf 59' lang='grc' dir='ltr'>εἰσιν</span> <span class='ocrx_word' id='word_1_566' title='bbox 1126 2362 1221 2397; x_wconf 77' lang='grc' dir='ltr'>ἐπειδὴ</span> <span class='ocrx_word' id='word_1_567' title='bbox 1245 2363 1369 2395; x_wconf 83' lang='grc' dir='ltr'>κάκεῖνος</span> <span class='ocrx_word' id='word_1_568' title='bbox 1389 2364 1558 2399; x_wconf 78' lang='grc' dir='ltr'>ἀντιλογικὸς</span> <span class='ocrx_word' id='word_1_569' title='bbox 1572 2365 1717 2400; x_wconf 85' lang='grc' dir='ltr'>γεγένηται</span> <span class='ocrx_word' id='word_1_570' title='bbox 1735 2364 1808 2400; x_wconf 76' lang='grc' dir='ltr'><strong>πρὸς</strong></span> <span class='ocrx_word' id='word_1_571' title='bbox 1821 2365 1865 2392; x_wconf 57' lang='grc' dir='ltr'><strong>τὸν</strong></span> 
     </span>
    </p>
   </div>
   <div class='ocr_carea' id='block_1_93' title="bbox 231 2398 1865 2454">
    <p class='ocr_par' dir='ltr' id='par_1_93' title="bbox 231 2398 1865 2454">
     <span class='ocr_line' id='line_1_93' title="bbox 231 2398 1865 2454; baseline 0.004 -24"><span class='ocrx_word' id='word_1_572' title='bbox 231 2404 307 2454; x_wconf 46' lang='grc' dir='ltr'>εἶεόνο</span> <span class='ocrx_word' id='word_1_573' title='bbox 339 2404 393 2454; x_wconf 71' lang='grc' dir='ltr'>τοῖς</span> <span class='ocrx_word' id='word_1_574' title='bbox 412 2401 458 2454; x_wconf 72' lang='grc' dir='ltr'>οὖν</span> <span class='ocrx_word' id='word_1_575' title='bbox 483 2401 568 2454; x_wconf 71' lang='grc' dir='ltr'>οὕτως</span> <span class='ocrx_word' id='word_1_576' title='bbox 594 2400 773 2434; x_wconf 82' lang='grc' dir='ltr'>ἀντιλογικοίς</span> <span class='ocrx_word' id='word_1_577' title='bbox 806 2398 865 2427; x_wconf 78' lang='grc' dir='ltr'>οὖσι</span> <span class='ocrx_word' id='word_1_578' title='bbox 898 2401 928 2428; x_wconf 86' lang='grc' dir='ltr'><strong>τὸ</strong></span> <span class='ocrx_word' id='word_1_579' title='bbox 948 2403 1088 2440; x_wconf 84' lang='grc' dir='ltr'>πρότερον,</span> <span class='ocrx_word' id='word_1_580' title='bbox 1113 2407 1159 2434; x_wconf 74' lang='grc' dir='ltr'>ἐπὶ</span> <span class='ocrx_word' id='word_1_581' title='bbox 1179 2407 1254 2439; x_wconf 81' lang='grc' dir='ltr'>τέλος</span> <span class='ocrx_word' id='word_1_582' title='bbox 1279 2409 1317 2444; x_wconf 73' lang='grc'><strong>(4)</strong></span> <span class='ocrx_word' id='word_1_583' title='bbox 1335 2409 1363 2435; x_wconf 84' lang='grc' dir='ltr'><strong>δὲ</strong></span> <span class='ocrx_word' id='word_1_584' title='bbox 1390 2409 1437 2436; x_wconf 73' lang='grc' dir='ltr'><strong>ἐπὶ</strong></span> <span class='ocrx_word' id='word_1_585' title='bbox 1465 2398 1583 2437; x_wconf 16' lang='grc' dir='ltr'>σῦνεσινγ</span> <span class='ocrx_word' id='word_1_586' title='bbox 1600 2398 1705 2444; x_wconf 74' lang='grc' dir='ltr'>ἀγαθὴν</span> <span class='ocrx_word' id='word_1_587' title='bbox 1728 2398 1865 2454; x_wconf 66' lang='grc' dir='ltr'><strong>ἐλθοῦσιν1</strong></span> 
     </span>
    </p>
   </div>
   <div class='ocr_carea' id='block_1_94' title="bbox 232 2448 522 2486">
    <p class='ocr_par' dir='ltr' id='par_1_94' title="bbox 232 2448 522 2486">
     <span class='ocr_line' id='line_1_94' title="bbox 232 2448 522 2486; baseline -0.007 -10"><span class='ocrx_word' id='word_1_588' title='bbox 232 2450 327 2486; x_wconf 71' lang='grc' dir='ltr'>εἴρηκε</span> <span class='ocrx_word' id='word_1_589' title='bbox 341 2449 386 2476; x_wconf 86' lang='grc' dir='ltr'><strong>τὸν</strong></span> <span class='ocrx_word' id='word_1_590' title='bbox 405 2448 522 2484; x_wconf 80' lang='grc' dir='ltr'><strong>ψαλμύν.</strong></span> 
     </span>
    </p>
   </div>
   <div class='ocr_carea' id='block_1_95' title="bbox 267 2504 1865 2548">
    <p class='ocr_par' dir='ltr' id='par_1_95' title="bbox 267 2504 1865 2548">
     <span class='ocr_line' id='line_1_95' title="bbox 267 2504 1865 2548; baseline 0.003 -14"><span class='ocrx_word' id='word_1_591' title='bbox 267 2507 376 2535; x_wconf 81' lang='lat' dir='ltr'><strong>Titulus</strong></span> <span class='ocrx_word' id='word_1_592' title='bbox 390 2505 552 2542; x_wconf 70' lang='lat' dir='ltr'><strong>praepositus</strong></span> <span class='ocrx_word' id='word_1_593' title='bbox 567 2505 690 2533; x_wconf 89' lang='lat' dir='ltr'><strong>continet</strong></span> <span class='ocrx_word' id='word_1_594' title='bbox 705 2515 711 2532; x_wconf 89' lang='lat'><strong>:</strong></span> <span class='ocrx_word' id='word_1_595' title='bbox 728 2504 760 2532; x_wconf 81' lang='grc' dir='ltr'>ιη</span> <span class='ocrx_word' id='word_1_596' title='bbox 771 2505 866 2540; x_wconf 79' lang='lat' dir='ltr'><strong>ﬁnem,</strong></span> <span class='ocrx_word' id='word_1_597' title='bbox 884 2507 912 2533; x_wconf 82' lang='lat' dir='ltr'><strong>in</strong></span> <span class='ocrx_word' id='word_1_598' title='bbox 930 2507 1093 2536; x_wconf 77' lang='lat' dir='ltr'><strong>intellectum</strong></span> <span class='ocrx_word' id='word_1_599' title='bbox 1110 2510 1177 2545; x_wconf 73' lang='lat' dir='ltr'><strong>ﬁliis</strong></span> <span class='ocrx_word' id='word_1_600' title='bbox 1192 2510 1259 2538; x_wconf 78' lang='lat' dir='ltr'><strong>Core</strong></span> <span class='ocrx_word' id='word_1_601' title='bbox 1274 2520 1282 2539; x_wconf 89' lang='lat'><em>:</em></span> <span class='ocrx_word' id='word_1_602' title='bbox 1302 2519 1354 2540; x_wconf 90' lang='lat' dir='ltr'><strong>noc</strong></span> <span class='ocrx_word' id='word_1_603' title='bbox 1376 2519 1419 2541; x_wconf 89' lang='lat' dir='ltr'><strong>est</strong></span> <span class='ocrx_word' id='word_1_604' title='bbox 1432 2533 1440 2546; x_wconf 88' lang='lat'><strong>,</strong></span> <span class='ocrx_word' id='word_1_605' title='bbox 1461 2513 1509 2548; x_wconf 86' lang='lat' dir='ltr'><strong>qui</strong></span> <span class='ocrx_word' id='word_1_606' title='bbox 1529 2513 1724 2541; x_wconf 84' lang='lat' dir='ltr'><strong>contradicunt</strong></span> <span class='ocrx_word' id='word_1_607' title='bbox 1745 2512 1865 2541; x_wconf 87' lang='lat' dir='ltr'><strong>Domino</strong></span> 
     </span>
    </p>
   </div>
   <div class='ocr_carea' id='block_1_96' title="bbox 232 2553 1864 2597">
    <p class='ocr_par' dir='ltr' id='par_1_96' title="bbox 232 2553 1864 2597">
     <span class='ocr_line' id='line_1_96' title="bbox 232 2553 1864 2597; baseline 0.002 -13"><span class='ocrx_word' id='word_1_608' title='bbox 232 2560 343 2592; x_wconf 89' lang='lat' dir='ltr'><strong>propter</strong></span> <span class='ocrx_word' id='word_1_609' title='bbox 356 2559 469 2590; x_wconf 87' lang='lat' dir='ltr'><strong>peccata</strong></span> <span class='ocrx_word' id='word_1_610' title='bbox 479 2573 486 2586; x_wconf 86' lang='lat'><strong>.</strong></span> <span class='ocrx_word' id='word_1_611' title='bbox 499 2554 548 2581; x_wconf 87' lang='lat' dir='ltr'><strong>ﬁlii</strong></span> <span class='ocrx_word' id='word_1_612' title='bbox 564 2553 636 2582; x_wconf 86' lang='lat' dir='ltr'><strong>Core</strong></span> <span class='ocrx_word' id='word_1_613' title='bbox 649 2558 729 2587; x_wconf 89' lang='lat' dir='ltr'><strong>sunt,</strong></span> <span class='ocrx_word' id='word_1_614' title='bbox 748 2553 878 2588; x_wconf 87' lang='lat' dir='ltr'><strong>quoniam</strong></span> <span class='ocrx_word' id='word_1_615' title='bbox 893 2559 920 2582; x_wconf 87' lang='lat' dir='ltr'><strong>et</strong></span> <span class='ocrx_word' id='word_1_616' title='bbox 938 2555 983 2584; x_wconf 87' lang='lat' dir='ltr'><strong>ille</strong></span> <span class='ocrx_word' id='word_1_617' title='bbox 999 2558 1186 2586; x_wconf 86' lang='lat' dir='ltr'><strong>contradictor</strong></span> <span class='ocrx_word' id='word_1_618' title='bbox 1209 2559 1266 2586; x_wconf 87' lang='lat' dir='ltr'><strong>Deo</strong></span> <span class='ocrx_word' id='word_1_619' title='bbox 1281 2561 1387 2588; x_wconf 84' lang='lat' dir='ltr'><strong>exstitit</strong></span> <span class='ocrx_word' id='word_1_620' title='bbox 1402 2571 1408 2589; x_wconf 96' lang='lat'>:</span> <span class='ocrx_word' id='word_1_621' title='bbox 1426 2561 1470 2589; x_wconf 90' lang='lat' dir='ltr'><strong>bis</strong></span> <span class='ocrx_word' id='word_1_622' title='bbox 1484 2561 1567 2597; x_wconf 78' lang='lat' dir='ltr'><strong>igitur</strong></span> <span class='ocrx_word' id='word_1_623' title='bbox 1580 2561 1618 2588; x_wconf 90' lang='lat' dir='ltr'><strong>ita</strong></span> <span class='ocrx_word' id='word_1_624' title='bbox 1631 2560 1708 2596; x_wconf 89' lang='lat' dir='ltr'><strong>prius</strong></span> <span class='ocrx_word' id='word_1_625' title='bbox 1721 2560 1864 2588; x_wconf 85' lang='lat' dir='ltr'><strong>contradi-</strong></span> 
     </span>
    </p>
   </div>
   <div class='ocr_carea' id='block_1_97' title="bbox 232 2599 1399 2642">
    <p class='ocr_par' dir='ltr' id='par_1_97' title="bbox 232 2599 1399 2642">
     <span class='ocr_line' id='line_1_97' title="bbox 232 2599 1399 2642; baseline 0.004 -11"><span class='ocrx_word' id='word_1_626' title='bbox 232 2602 370 2635; x_wconf 85' lang='lat' dir='ltr'><strong>centibus,</strong></span> <span class='ocrx_word' id='word_1_627' title='bbox 383 2603 411 2630; x_wconf 89' lang='lat' dir='ltr'><strong>in</strong></span> <span class='ocrx_word' id='word_1_628' title='bbox 428 2602 509 2629; x_wconf 86' lang='lat' dir='ltr'><strong>ﬁnem</strong></span> <span class='ocrx_word' id='word_1_629' title='bbox 525 2607 616 2629; x_wconf 89' lang='lat' dir='ltr'><strong>autem</strong></span> <span class='ocrx_word' id='word_1_630' title='bbox 628 2601 656 2628; x_wconf 92' lang='lat' dir='ltr'><strong>in</strong></span> <span class='ocrx_word' id='word_1_631' title='bbox 670 2599 775 2629; x_wconf 81' lang='lat' dir='ltr'><strong>bonum</strong></span> <span class='ocrx_word' id='word_1_632' title='bbox 785 2601 955 2630; x_wconf 87' lang='lat' dir='ltr'><strong>intellectum</strong></span> <span class='ocrx_word' id='word_1_633' title='bbox 967 2605 1142 2634; x_wconf 87' lang='lat' dir='ltr'><strong>venientibus</strong></span> <span class='ocrx_word' id='word_1_634' title='bbox 1162 2607 1300 2642; x_wconf 87' lang='lat' dir='ltr'><strong>psalmum</strong></span> <span class='ocrx_word' id='word_1_635' title='bbox 1319 2609 1399 2637; x_wconf 81' lang='lat' dir='ltr'><strong>dixit.</strong></span> 
     </span>
    </p>
   </div>
   <div class='ocr_carea' id='block_1_98' title="bbox 264 2660 1016 2697">
    <p class='ocr_par' dir='ltr' id='par_1_98' title="bbox 264 2660 1016 2697">
     <span class='ocr_line' id='line_1_98' title="bbox 264 2660 1016 2697; baseline 0.005 -9"><span class='ocrx_word' id='word_1_636' title='bbox 264 2662 291 2689; x_wconf 82' lang='grc'><strong>1.</strong></span> <span class='ocrx_word' id='word_1_637' title='bbox 306 2660 541 2695; x_wconf 81' lang='lat' dir='ltr'><strong>Quemadmodum</strong></span> <span class='ocrx_word' id='word_1_638' title='bbox 554 2668 662 2694; x_wconf 88' lang='lat' dir='ltr'><strong>cervus,</strong></span> <span class='ocrx_word' id='word_1_639' title='bbox 678 2666 857 2697; x_wconf 83' lang='lat' dir='ltr'><strong>posteaquam</strong></span> <span class='ocrx_word' id='word_1_640' title='bbox 881 2662 937 2691; x_wconf 88' lang='lat' dir='ltr'><strong>edit</strong></span> <span class='ocrx_word' id='word_1_641' title='bbox 956 2671 1016 2692; x_wconf 87' lang='lat' dir='ltr'><strong>ser-</strong></span> 
     </span>
    </p>
   </div>
   <div class='ocr_carea' id='block_1_99' title="bbox 267 2708 510 2742">
    <p class='ocr_par' dir='ltr' id='par_1_99' title="bbox 267 2708 510 2742">
     <span class='ocr_line' id='line_1_99' title="bbox 267 2708 510 2742; baseline 0.004 -6"><span class='ocrx_word' id='word_1_642' title='bbox 267 2711 290 2726; x_wconf 85' lang='lat'><strong>&quot;</strong></span> <span class='ocrx_word' id='word_1_643' title='bbox 303 2709 382 2737; x_wconf 83' lang='lat' dir='ltr'><strong>Joan.</strong></span> <span class='ocrx_word' id='word_1_644' title='bbox 396 2713 452 2742; x_wconf 70' lang='lat' dir='ltr'><strong>11v,</strong></span> <span class='ocrx_word' id='word_1_645' title='bbox 464 2708 510 2737; x_wconf 81' lang='lat'><strong>27.</strong></span> 
     </span>
    </p>
   </div>
   <div class='ocr_carea' id='block_1_100' title="bbox 1106 2666 1863 2704">
    <p class='ocr_par' dir='ltr' id='par_1_100' title="bbox 1106 2666 1863 2704">
     <span class='ocr_line' id='line_1_100' title="bbox 1106 2666 1863 2704; baseline 0 -11"><span class='ocrx_word' id='word_1_646' title='bbox 1106 2666 1132 2694; x_wconf 77' lang='grc'><strong>1.</strong></span> <span class='ocrx_word' id='word_1_647' title='bbox 1142 2667 1247 2703; x_wconf 84' lang='grc' dir='ltr'>Ὥσπερ</span> <span class='ocrx_word' id='word_1_648' title='bbox 1258 2669 1274 2703; x_wconf 88' lang='grc' dir='ltr'><strong>ἡ</strong></span> <span class='ocrx_word' id='word_1_649' title='bbox 1284 2668 1381 2703; x_wconf 76' lang='grc' dir='ltr'><strong>ἔλαφος</strong></span> <span class='ocrx_word' id='word_1_650' title='bbox 1397 2669 1465 2704; x_wconf 86' lang='grc' dir='ltr'>μετὰ</span> <span class='ocrx_word' id='word_1_651' title='bbox 1481 2669 1511 2696; x_wconf 84' lang='grc' dir='ltr'><strong>τὸ</strong></span> <span class='ocrx_word' id='word_1_652' title='bbox 1527 2668 1626 2697; x_wconf 74' lang='grc' dir='ltr'>ἐσθίειν</span> <span class='ocrx_word' id='word_1_653' title='bbox 1639 2668 1685 2696; x_wconf 86' lang='grc' dir='ltr'><strong>τὸν</strong></span> <span class='ocrx_word' id='word_1_654' title='bbox 1697 2667 1760 2703; x_wconf 75' lang='grc' dir='ltr'><strong>ὅφιν</strong></span> <span class='ocrx_word' id='word_1_655' title='bbox 1771 2667 1863 2704; x_wconf 77' lang='grc' dir='ltr'>τρέχει</span> 
     </span>
    </p>
   </div>
   <div class='ocr_carea' id='block_1_101' title="bbox 707 2746 1375 2789">
    <p class='ocr_par' dir='ltr' id='par_1_101' title="bbox 707 2746 1375 2789">
     <span class='ocr_line' id='line_1_101' title="bbox 707 2746 1375 2789; baseline 0.006 -13"><span class='ocrx_word' id='word_1_656' title='bbox 707 2746 862 2779; x_wconf 80' lang='lat' dir='ltr'><strong>Addenda</strong></span> <span class='ocrx_word' id='word_1_657' title='bbox 877 2752 908 2780; x_wconf 85' lang='lat' dir='ltr'><strong>et</strong></span> <span class='ocrx_word' id='word_1_658' title='bbox 926 2748 1114 2789; x_wconf 78' lang='lat' dir='ltr'><strong>corrigenda</strong></span> <span class='ocrx_word' id='word_1_659' title='bbox 1129 2758 1168 2780; x_wconf 81' lang='lat' dir='ltr'><strong>ex</strong></span> <span class='ocrx_word' id='word_1_660' title='bbox 1187 2749 1258 2781; x_wconf 91' lang='lat' dir='ltr'><strong>cod.</strong></span> <span class='ocrx_word' id='word_1_661' title='bbox 1274 2750 1375 2781; x_wconf 80' lang='lat' dir='ltr'><strong>Vatic.</strong></span> 
     </span>
    </p>
   </div>
   <div class='ocr_carea' id='block_1_102' title="bbox 267 2797 412 2832">
    <p class='ocr_par' dir='ltr' id='par_1_102' title="bbox 267 2797 412 2832">
     <span class='ocr_line' id='line_1_102' title="bbox 267 2797 412 2832; baseline 0.014 -9"><span class='ocrx_word' id='word_1_662' title='bbox 267 2797 306 2832; x_wconf 80' lang='grc'><strong>(1)</strong></span> <span class='ocrx_word' id='word_1_663' title='bbox 317 2797 412 2830; x_wconf 69' lang='grc' dir='ltr'><strong>Αὐτός.</strong></span> 
     </span>
    </p>
   </div>
   <div class='ocr_carea' id='block_1_103' title="bbox 266 2832 756 2870">
    <p class='ocr_par' dir='ltr' id='par_1_103' title="bbox 266 2832 756 2870">
     <span class='ocr_line' id='line_1_103' title="bbox 266 2832 756 2870; baseline 0.002 -12"><span class='ocrx_word' id='word_1_664' title='bbox 266 2832 305 2867; x_wconf 76' lang='lat'><strong>(2)</strong></span> <span class='ocrx_word' id='word_1_665' title='bbox 329 2833 360 2859; x_wconf 82' lang='grc' dir='ltr'><em>Ἡ</em></span> <span class='ocrx_word' id='word_1_666' title='bbox 372 2833 416 2861; x_wconf 76' lang='grc' dir='ltr'><strong>διὰ</strong></span> <span class='ocrx_word' id='word_1_667' title='bbox 429 2833 479 2869; x_wconf 82' lang='grc' dir='ltr'><strong>τῆς</strong></span> <span class='ocrx_word' id='word_1_668' title='bbox 493 2833 677 2870; x_wconf 80' lang='grc' dir='ltr'><strong>κιννασάρεως</strong></span> <span class='ocrx_word' id='word_1_669' title='bbox 693 2841 756 2869; x_wconf 81' lang='grc' dir='ltr'>περ.</span> 
     </span>
    </p>
   </div>
   <div class='ocr_carea' id='block_1_104' title="bbox 1107 2799 1373 2872">
    <p class='ocr_par' dir='ltr' id='par_1_104' title="bbox 1107 2799 1373 2872">
     <span class='ocr_line' id='line_1_104' title="bbox 1107 2799 1373 2872; baseline 0 -10"><span class='ocrx_word' id='word_1_670' title='bbox 1107 2799 1146 2872; x_wconf 65' lang='lat' dir='ltr'><strong>ii;</strong></span> 
     </span>
    </p>
   </div>
  </div>
