1916 3052
57 165 103 193 813

86 222 111 250 2.
125 222 211 254 οὕτως
225 221 374 258 ἑπιποθεῖἡ
388 221 461 257 ψυχή
479 231 529 258 μου
541 222 609 258 πρὸς
624 224 665 255 σὲ,
680 224 694 249 ὁ
707 223 783 254 Θεός.

87 269 110 296 5.
129 268 261 303 Ἐδίψησεν
274 267 374 304 ἡψυχὴ
396 276 446 303 μου
462 267 530 304 προς
553 268 598 295 τὸν
610 268 675 295 Θεὸν
688 269 733 296 τὸν
749 269 823 304 ισχυ-

61 315 99 350 ρὸν
112 314 151 340 τὸν
162 314 256 346 ζῶντα.

89 359 186 386 4.Πότε
209 360 274 395 ἥξω,
305 359 352 386 καὶ
372 359 525 395 ὀφθήσομαι
553 359 591 395 τῷ
614 360 752 397 προσώπῳ
775 361 821 388 τοῦ

60 405 113 431 Θεοῦ
121 415 127 438 ;

85 451 108 477 5.
121 450 243 486 Ἐγενήοη
253 451 286 477 τὰ
300 450 405 486 δάκρυά
422 459 473 486 μου
489 451 551 486 ἐμοὶ
563 451 644 487 ἄρτος
660 451 764 488 ἡμέρας
777 453 823 479 καὶ

60 498 148 529 νυκτὸς,

87 542 109 569 6.
128 543 168 570 Ὲν
178 543 215 578 τῷ
223 543 347 578 λέγεσθαί
361 552 408 579 μοι
423 543 486 571 καθ’
498 543 617 580 ἑκάστην
630 544 748 580 ἡμέραν·
767 545 822 572 Ποῦ

58 590 118 616 ἐστιν
130 590 143 616 ὁ
152 589 213 622 Θεὸς
232 598 278 616 σου
289 599 296 623 ;

84 636 107 662 7.
119 636 202 663 Ταῦτα
228 635 376 672 ἐμνήσθην,
393 637 440 663 καὶ
465 636 559 672 ἐξὲχεα
575 637 618 663 ἐπ’
645 637 695 672 ἐμὲ
712 637 761 672 τὴν
774 637 824 672 ψυ-

57 682 97 717 χήν
110 691 164 717 μου.

84 728 106 754 8.
117 729 170 754 Ὅτι
181 728 349 764 διελεύσομαι
359 729 388 755 ἐν
400 729 475 765 τόπῳ
486 729 588 764 σκηνῆς
601 729 760 766 θαυμαστῆς
773 730 824 762 ἕως

57 773 92 800 τοῦ
106 773 173 800 οἴκου
183 773 228 800 τοῦ
244 773 322 806 Θεοῦ,

83 818 104 845 9.
124 819 164 846 Ἑν
177 821 250 855 φωνῇ
263 820 448 854 ἀγαλλιάσεως
463 821 509 848 καὶ
528 821 745 857 ὲξομολογήσεως
758 823 823 858 ἤχου

56 863 219 898 ἑορτάζοντος.

86 909 122 936 10.
135 910 190 937 Ἵνα
203 911 228 937 τί
239 911 389 947 περίλυπος
405 909 440 945 εἴ,
462 913 479 948 ἡ
497 912 568 948 ψυχή
592 922 662 949 μου;
680 913 727 940 καὶ
740 913 783 940 ἵνα
797 914 824 940 τί
841 897 860 924 Β

57 956 230 991 συνταράσσεις
248 966 283 993 με
291 966 298 990 ;

84 1000 121 1027 ll.
142 1001 267 1029 Ἐλπισον
292 1003 339 1029 ἐπὶ
367 1002 412 1030 τδν
426 1003 502 1035 Θεδν,
520 1003 561 1030 ὅτι
592 1003 822 1040 ὲξομολογήσομαι

57 1054 115 1072 (mm
124 1056 130 1062 '

84 1073 120 1119 lé.
135 1093 266 1130 Σωτήρων
279 1095 326 1122 τοῦ
342 1095 487 1131 προσώπου
504 1104 555 1131 μου
571 1096 618 1123 καὶ
634 1097 648 1122 ὀ
662 1096 727 1128 Sed;
743 1105 803 1131 μου.

86 1139 122 1166 15.
135 1141 200 1176 Πρὸς
214 1142 358 1178 ὲμαυτδνή
376 1142 448 1178 ψυχή
464 1151 514 1178 μου
529 1143 676 1179 ἐταράχθη·

84 1185 121 1213 Ην.
137 1186 182 1214 Διὰ
191 1187 270 1215 τοῦτο
285 1188 474 1225 μνησθήσομαι
487 1197 533 1215 σου
550 1190 582 1215 ἐκ
598 1190 649 1224 γῆς
669 1189 812 1225 Ἰορδάνου,

494 162 538 190 DE
557 161 693 191 TITULIS
713 162 941 191 PSALMORUM.
961 178 996 183 --
1012 161 1111 189 PSAL.
1133 161 1202 189 XLi.

1599 161 1657 191 ΒΗ.

833 225 857 253 Α
905 224 932 249 2.
952 223 990 250 Ita
1005 222 1140 250 desiderat
1151 221 1242 249 anima
1254 229 1313 249 mea
1327 221 1360 248 ad
1377 225 1411 252 te,
1430 220 1512 248 Deus.

908 269 935 295 5.
952 268 1042 295 Sitivit
1053 268 1143 294 anima
1157 275 1216 294 mea
1235 267 1268 294 ad
1284 267 1367 294 Deum
1380 266 1476 294 fortem
1490 267 1581 293 vivum
1593 274 1601 294 :

908 357 934 384 ι.
952 356 1065 390 Quando
1075 355 1192 389 veniam,
1205 361 1232 383 et
1245 354 1380 390 apparebo
1394 359 1460 381 ante
1477 353 1571 382 faciem
1592 353 1655 381 Dei!

909 446 935 473 5.
953 445 1073 473 Fuerunt
1084 444 1208 481 lacrymaa
1219 451 1285 472 mea:
1298 444 1363 471 mihi
1374 451 1458 479 panes
1468 443 1511 470 die
1522 450 1553 470 ac
1566 447 1655 476 nocte,

909 535 935 562 6.
956 534 1023 562 Dum
1037 534 1136 562 dicitur
1147 533 1214 560 mihi
1225 531 1422 568 quotidierbi
1435 535 1477 559 est
1489 530 1562 559 Deus
1575 530 1656 560 tuus!

909 635 935 661 7.
958 634 1021 662 Haac
1035 633 1193 662 recordatus
1210 640 1282 665 sum,
1303 635 1331 659 et
1345 629 1426 658 eﬂ‘udi
1444 630 1470 656 in
1485 637 1527 657 me
1537 629 1654 657 animam

875 689 978 713 meam;

907 728 933 754 8.
952 726 1085 760 Quoniam
1099 725 1220 753 transibo
1238 724 1265 751 in
1286 723 1377 750 locum
1390 721 1555 749 tabernaculi
1569 721 1652 749 admi-

874 773 967 801 rabilis
982 780 1068 808 usque
1079 772 1112 799 ad
1126 771 1236 798 domum
1251 770 1297 797 Dei
1309 789 1316 801 ,

909 820 936 847 9.
954 819 982 846 ln
994 827 1060 847 voce
1073 817 1263 846 exsultationis
1278 822 1303 844 et
1317 816 1497 846 confessionis
1515 815 1575 843 soni
1588 814 1653 842 festa

872 867 1047 895 celebrantis.

911 913 954 941 10.
970 913 1060 947 Quare
1074 914 1160 942 tristis
1178 921 1224 948 es,
1238 914 1329 942 anima
1349 921 1420 946 mea,
1442 916 1469 940 et
1489 919 1574 947 quare
1590 919 1649 939 con-

875 960 970 987 turbas
980 961 1046 987 me?

908 1006 950 1032 11.
969 1007 1051 1041 Spera
1066 1006 1092 1033 in
1106 1005 1171 1040 Deo,
1186 1006 1315 1040 quoniam
1330 1005 1481 1033 conﬁtebor
1492 1004 1530 1032 illi
1545 1013 1554 1031 :
1607 1011 1613 1017 '

911 1094 954 1121 l2.
977 1094 1099 1122 Salutare
1111 1095 1202 1122 vultus
1215 1094 1268 1122 mei
1282 1098 1310 1122 et
1324 1093 1395 1121 Deus
1410 1101 1498 1121 meus.

913 1142 955 1168 15.
972 1141 1012 1169 Ad
1027 1142 1159 1176 meipsum
1172 1141 1261 1168 anima
1281 1148 1339 1167 mea
1354 1141 1513 1167 conturbata
1526 1143 1586 1166 est:

912 1188 956 1216 M.
973 1187 1117 1223 Propterea
1130 1195 1235 1215 memor
1248 1195 1294 1215 ero
1318 1187 1357 1214 tui
1381 1187 1414 1214 de
1429 1191 1501 1214 terra
1513 1185 1654 1217 Iordanis,

602 1288 791 1316 ATHANASII
811 1287 1101 1316 lN'IERl‘l-lETATlO.

56 1361 94 1389 ἐπὶ
103 1363 146 1399 τὴν
154 1364 203 1400 γῆν
216 1364 253 1400 (1)
271 1364 318 1391 τοῦ
332 1365 427 1396 ὕδατος
442 1364 511 1401 πρὸς
523 1365 554 1392 τὸ
565 1367 646 1398 πιεῖν,
663 1366 706 1392 ἵνα
721 1366 758 1401 μὴ
771 1365 824 1392 ὑπὸ

55 1408 93 1435 τοῦ
106 1409 140 1436 ἰοῦ
153 1410 197 1437 τοῦ
212 1411 300 1446 δφεως
319 1410 433 1446 ἀδικηθῇ
445 1419 451 1426 ⁸

876 1369 982 1401 pentem
994 1386 1002 1399 ,
1023 1366 1110 1393 currit
1122 1365 1157 1393 ad
1177 1370 1279 1394 terram
1292 1366 1422 1401 irriguum
1433 1386 1441 1398 .
1456 1371 1486 1394 ut
1498 1367 1586 1402 bibat,
1598 1376 1633 1396 ne
1642 1376 1658 1397 a

874 1412 1007 1446 serpentis
1021 1420 1122 1440 veneno
1133 1412 1256 1445 lasdatur;

82 1455 105 1487 2,
120 1457 144 1483 3.
156 1457 246 1489 Οὕτως
261 1456 339 1492 κάγὼ
353 1457 426 1492 ζητῶ
437 1456 525 1484 ἐλθεῖν
542 1457 611 1492 πρὸς
634 1456 674 1489 σὲ,
691 1457 738 1483 καὶ
750 1457 821 1484 πιεῖν

908 1458 925 1485 2
935 1478 944 1490 .
958 1459 984 1486 5.
999 1457 1037 1485 Ita
1048 1459 1131 1486 etiam
1146 1466 1196 1493 ego
1211 1466 1303 1494 quaero
1317 1460 1407 1486 venire
1423 1459 1456 1486 ad
1476 1463 1512 1492 te,
1528 1465 1554 1487 et
1567 1459 1659 1488 bibere

55 1500 92 1527 τοῦ
105 1501 254 1539 Πνεύματός
268 1511 316 1529 σου
329 1502 375 1529 τοῦ
393 1502 481 1537 ἁγίου,
494 1503 538 1530 ἵνα
554 1503 591 1539 μὴ
609 1502 756 1530 θανατωθῶ
770 1503 824 1530 ὑπὸ

55 1546 94 1582 τῆς
106 1547 241 1583 ἁμαρτίας.

81 1591 103 1617 4.
115 1592 178 1619 Πότε
194 1592 352 1625 καταξιωθῶ
366 1592 487 1624 τοιοῦτος
501 1592 639 1627 γενέσθαι,
658 1592 701 1619 ἵνα
714 1592 751 1628 μὴ
762 1592 825 1619 ἀπο-

56 1637 183 1673 στρέφηται
199 1647 232 1674 με
248 1640 263 1666 ὁ
274 1638 340 1670 Θεὸς
356 1638 569 1674 προσεγγῖζοντα
584 1638 622 1672 (2)
639 1638 725 1673 αὐτῷ.

83 1681 104 1707 5.
115 1682 315 1719 Κεκορεσμένος
327 1683 384 1716 εἰμὶ
395 1683 450 1709 ἀπὸ
462 1683 512 1719 τῆς
533 1682 632 1719 πολλῆς
646 1683 761 1718 θλίψεως
775 1682 826 1718 τῆς

54 1724 121 1762 οὖσης
133 1729 223 1760 νυκτὸς
235 1729 284 1756 καὶ
296 1728 403 1764 ἡμέρας
413 1729 441 1755 ὲν
453 1730 485 1763 τῇ
502 1728 598 1764 καρδίᾳ
624 1737 684 1763 μου.

83 1771 105 1799 6.
126 1773 188 1800 Ἀπὸ
212 1775 260 1801 τοῦ
289 1774 466 1806 ὀνειδίζεσθαι
490 1782 522 1809 με
549 1774 601 1800 ὑπὸ
616 1773 670 1801 τῶν
697 1774 825 1800 ἐναντίων

56 1818 195 1852 πνευμάτων
211 1820 261 1855 (5).

83 1862 104 1890 7.
120 1864 206 1892 Ταῦτα
219 1865 405 1901 ἐμνημόνευον
428 1864 475 1891 καὶ
485 1863 607 1900 διελῦθην
624 1863 663 1899 (4)
687 1863 756 1894 ὅλως
772 1862 826 1889 ἀπο

55 1907 93 1942 τῆς
105 1909 225 1947 θλίψεως.

83 1955 105 1982 8.
118 1956 169 1983 Καὶ
184 1956 274 1984 ἐτεινα
289 1956 327 1993 (5)
338 1957 386 1993 τὴν
398 1957 518 1985 διάνοιάν
536 1965 586 1993 μου
603 1957 643 1988 εἰς
655 1955 700 1983 τὸν
711 1955 825 1991 οὺρανδν

55 2000 86 2031 εἰς
94 2001 136 2037 τὴν
154 2003 253 2038 σκηνὴν
264 2002 312 2029 τοῦ
323 2002 400 2030 Θεοῦ.

80 2047 102 2073 9.
115 2048 197 2075 Ὅπου
221 2050 237 2084 ἡ
265 2049 340 2085 φωνὴ
353 2049 402 2085 τῆς
424 2049 619 2084 ἀγαλλιάσεως,
641 2049 752 2084 καὶτῆς
769 2048 826 2081 ἐξο-

57 2091 208 2128 μολογήσεως
221 2094 260 2130 (6)
276 2094 330 2121 τῶν
342 2095 464 2129 ἀγγέλων
488 2095 535 2122 καὶ
554 2095 607 2122 τῶν
622 2095 706 2129 ἁγίων
717 2094 772 2121 τῶν
782 2095 825 2121 ἀεὶ

55 2135 230 2172 ἑορταζόντων.

83 2181 121 2216 10,
136 2184 175 2211 ll.
192 2185 247 2212 Καὶ
266 2185 358 2219 ελεγον
374 2187 408 2221 τῇ
432 2185 504 2221 ψυχῇ
521 2194 581 2220 μου·
598 2185 657 2212 Ἵνα
673 2185 698 2211 τί
715 2184 826 2221 περίλυ-

55 2234 95 2259 πῡς
107 2226 143 2262 Et;
158 2230 266 2258 ἕλπισον
284 2231 330 2258 ἐπὶ
344 2231 389 2257 τδν
404 2231 480 2263 Θεὺν,
498 2232 539 2258 ὅτι
551 2231 675 2267 ἐλεήμων
694 2231 762 2264 ἐστὶ,
778 2231 825 2256 καὶ

57 2272 232 2310 ὲξεηκλόγηιται
243 2277 281 2313 (7)
301 2276 386 2312 αὐτῷ.

85 2318 121 2346 12.
133 2321 256 2358 Σωτηρία
270 2322 324 2358 γὰρ
341 2323 390 2358 τῆς
401 2322 490 2358 ψυχῆς
504 2331 556 2357 μου
570 2322 584 2348 ὁ
595 2321 661 2353 Θεός
676 2321 728 2357 μού
742 2322 825 2349 ἐστιν.

81 2364 119 2392 15.
132 2367 228 2395 Λοιπὸν
255 2369 272 2404 ἡ
295 2369 369 2405 ψυχή
386 2377 436 2404 μου
460 2369 488 2395 ὲν
515 2368 577 2404 ἐμοὶ
607 2367 676 2403 μετὰ
697 2367 823 2402 δακρύων

56 2408 143 2444 ἔλεγεν.

83 2454 120 2483 14.
134 2457 180 2484 Διὰ
191 2459 221 2485 τδ
237 2457 305 2485 εἷναι
329 2467 359 2485 σε
383 2459 514 2495 ἐλεήμονα
542 2458 703 2494 μνημονεύω
718 2457 756 2494 (8)
776 2466 823 2484 σου

56 2498 81 2525 ἐκ
93 2501 140 2528 τῶν
157 2503 318 2530 meandth
344 2504 394 2540 τῆς
411 2504 472 2540 γῆς.
507 2503 642 2540 Ἰορδάνης
665 2503 719 2539 γὰρ
737 2503 824 2539 ἑρμη-

55 2545 144 2574 νεύεται
158 2548 194 2584 γῆ
206 2549 367 2585 κατωτάτη-

876 1503 1009 1539 Spiritum
1021 1508 1145 1532 sanetum
1161 1508 1250 1536 tuum,
1267 1512 1301 1532 ne
1312 1504 1460 1532 interiiciar
1472 1513 1486 1532 a
1500 1510 1622 1540 peccato.

910 1593 937 1620 4.
956 1592 1074 1626 Quando
1084 1593 1182 1629 dignus
1202 1594 1302 1622 elﬁciar
1317 1595 1381 1623 talis
1395 1595 1463 1629 ﬁeri,
1481 1601 1511 1624 ut
1522 1605 1566 1625 me
1584 1597 1658 1626 Deus

874 1638 908 1666 ad
921 1639 1009 1673 ipsum
1022 1640 1196 1667 accedentem
1213 1647 1267 1667 non
1282 1645 1431 1668 aversetur.

912 1684 938 1711 5.
961 1685 1106 1712 Saturatus
1123 1693 1183 1712 sum
1209 1685 1384 1714 tribulatione
1406 1686 1508 1720 multa,
1532 1695 1594 1722 quze
1616 1691 1659 1717 est

875 1728 919 1756 die
933 1737 965 1756 ac
978 1734 1056 1757 nocte
1075 1730 1101 1756 in
1116 1730 1196 1758 corde
1209 1738 1278 1758 meo.

910 1773 936 1801 6.
953 1774 1022 1801 Dum
1050 1775 1222 1803 contumeliis
1250 1775 1355 1803 aflicior
1374 1783 1390 1802 a
1410 1776 1554 1804 contrariis
1577 1777 1659 1812 spiri-

876 1820 959 1847 tibus.

911 1865 936 1892 7.
955 1865 1017 1893 Haec
1031 1867 1204 1898 recordabar,
1225 1872 1251 1894 et
1272 1867 1379 1902 penitus
1401 1873 1580 1904 consumptus
1595 1877 1657 1897 sum

877 1912 1057 1939 tribulatione.

911 1956 937 1983 8.
957 1955 990 1983 Et
1007 1956 1109 1983 intendi
1129 1960 1244 1983 mentem
1261 1964 1349 1984 meam
1365 1957 1392 1984 in
1405 1958 1505 1986 coelum
1524 1959 1551 1986 in
1568 1961 1659 1988 taber—

876 2003 1002 2029 naculum
1016 2001 1073 2028 Dei.

911 2047 937 2074 9.
954 2047 1005 2074 Ubi
1022 2055 1073 2074 vox
1087 2048 1292 2081 exsultationis,
1307 2054 1333 2076 et
1346 2049 1528 2079 confessionis
1547 2053 1659 2087 angelo-

878 2101 948 2124 rum,
963 2098 990 2120 et
1002 2098 1158 2121 sanctorum
1172 2093 1239 2121 festa
1251 2101 1358 2130 semper
1369 2095 1575 2124 celebrantium.

913 2182 963 2215 10,
983 2182 1024 2209 11.
1043 2182 1073 2209 Et
1087 2183 1208 2210 dicebam
1233 2184 1331 2212 anima:
1354 2193 1420 2212 meae
1437 2195 1444 2212 :
1461 2185 1550 2219 Quare
1572 2186 1659 2215 tristis

877 2228 926 2255 cs?
941 2235 1018 2262 spera
1030 2229 1056 2255 in
1068 2228 1163 2263 Deum,
1178 2230 1306 2264 quoniam
1320 2231 1477 2259 misericors
1492 2236 1544 2264 est,
1555 2237 1582 2259 et
1593 2239 1659 2260 con-

878 2273 952 2301 ﬁtere
968 2275 1030 2309 ipsi.

912 2318 955 2344 l2.
977 2318 1056 2346 Salus
1067 2319 1138 2346 enim
1151 2320 1249 2348 animae
1269 2329 1335 2349 mea:
1349 2321 1421 2350 Deus
1437 2330 1513 2350 meus
1522 2329 1573 2350 est.

911 2364 953 2390 15.
969 2360 1081 2392 Demum
1097 2366 1187 2394 anima
1202 2374 1263 2395 mea
1281 2367 1352 2395 intra
1376 2375 1419 2395 me
1445 2375 1506 2396 cum
1530 2369 1658 2405 lacrymis

873 2410 989 2437 dieebat.
1666 2413 1671 2420 ‘

910 2455 953 2484 14.
969 2456 1103 2489 Quoniam
1116 2462 1144 2484 tu
1157 2458 1313 2487 misericors
1327 2467 1368 2492 es,
1380 2468 1484 2489 memor
1499 2469 1561 2489 sum
1573 2462 1612 2489 tui
1623 2468 1657 2489 ex

875 2500 1050 2529 inferioribus
1085 2507 1174 2532 terrae.
1205 2504 1332 2535 Iordanis
1364 2508 1435 2535 enim
1466 2508 1658 2543 interpretatur

874 2554 945 2574 terra
963 2548 1059 2583 infera.

510 2629 663 2661 Addenda
679 2632 710 2659 et
725 2627 912 2667 corrigenda
931 2636 970 2658 ex
987 2629 1056 2659 cod.
1078 2628 1177 2660 Vatic.

130 2719 344 2818 géggmm
359 2758 373 2784 ὁ
385 2757 460 2792 Θεὸς,
472 2758 529 2786 ἀλλ’
542 2760 626 2796 ἐφορᾷ
644 2768 677 2796 με
689 2767 819 2796 προσεγγ-

83 2821 118 2854 (4)
131 2825 310 2860 Μνημονεύων
324 2827 455 2864 διελύθην.

911 2722 948 2756 (5)
972 2722 1116 2750 Ἂνὲτεινα.

912 2758 949 2795 (ρ)
961 2758 1015 2795 I_(_a}
1026 2757 1080 2795 τῆς
1096 2758 1339 2795 ἐξομολογήσεως
1350 2762 1424 2790 deest
1440 2762 1467 2790 in
1478 2763 1539 2791 cod.

911 2793 950 2830 (Ξ)
967 2792 1222 2830 Ἐξομολογήσομαι.

911 2828 949 2863 (8)
967 2828 1112 2863 Μνημονεύ
1117 2837 1163 2856 σω.
