1916 3052
250 169 300 200 815

281 229 324 258 15.
341 230 374 258 Et
388 230 556 260 Hermoniim
576 239 590 259 a
607 237 700 260 monte
711 234 828 262 modico.

280 288 323 316 16.
341 288 462 328 Abyssus
477 291 606 326 abyssum
622 291 731 319 invocat
748 291 774 319 in
790 300 857 321 voce
879 297 1030 322 cataracta-

247 341 305 362 rum
317 340 426 362 tuarum
443 345 449 362 Ξ

279 390 322 417 17.
338 390 436 418 Omnia
451 391 558 420 excelsa
579 396 624 419 tua
637 412 644 424 .
670 396 697 420 et
718 392 816 422 ﬂuctus
830 394 870 422 tui
888 403 971 431 super
986 404 1031 424 me

245 436 422 463 transierunt.

279 493 322 520 18.
346 492 373 519 In
402 493 446 521 die
473 494 615 522 mandabit
647 491 780 525 Dominus
813 497 1029 526 misericordiam

243 546 320 566 suam
331 559 338 570 ,

278 591 322 619 19.
338 591 372 619 Et
386 596 465 621 nocte
479 594 615 622 canticum
628 595 688 630 ejus
702 596 772 632 apud
786 604 840 625 me.

275 648 321 676 20.
337 648 432 677 Oratio
449 649 504 677 Deo
516 651 578 678 vitae
594 658 672 678 mete.

273 705 319 734 21.
335 705 428 734 Dicam
443 705 515 734 Deo:
533 706 682 743 Susceptor
696 715 773 736 meus
787 715 838 744 es,
858 717 942 744 quare
960 709 1031 737 obli-

241 755 284 779 tus
297 759 328 779 es
342 751 394 778 mei
406 751 417 778 τ

272 807 318 834 22.
335 807 367 834 Et
378 814 463 842 quare
479 807 660 836 contristatus
675 809 775 837 incedo
793 809 858 837 dum
872 810 969 846 afﬂigit
986 819 1030 839 me

239 853 368 881 inimicus
379 854 390 880 ?

679 173 707 200 S.
729 172 917 201 ATHANASII
938 175 1013 218 0_PP.
1035 175 1126 204 PARS
1143 176 1187 204 111.
1206 193 1241 198 --
1258 176 1466 206 EXEGETICA.

1044 239 1068 268 Α
1118 238 1161 266 15.
1180 239 1235 266 Καὶ
1256 239 1424 275 Ἐρμωνιεὶμ
1438 239 1493 266 ἀπὸ
1508 239 1587 274 ὅρους
1603 237 1711 276 μικροῦ.

1824 180 1880 208 816

1116 295 1159 322 16.
1176 295 1310 328 ’Δὸυσσος
1325 296 1441 324 ἄϐυσσον
1457 297 1625 323 ἐπικαλεῖται
1644 297 1685 329 είς
1699 298 1793 334 φωνὴν
1821 299 1877 326 τῶν

1081 342 1262 377 καταρακτῶν
1277 351 1334 368 σου·

1117 401 1160 429 17.
1177 402 1281 434 Πάντες
1295 402 1320 428 οἱ
1338 403 1521 438 μετεωρισμοί
1536 412 1581 430 σου
1592 403 1683 430 καὶτὰ
1699 402 1812 439 κύματά
1826 411 1876 430 σου

1080 447 1124 474 ἐπ’
1137 447 1187 483 ἐμὲ
1196 447 1314 482 διῆλθον.

1117 504 1159 531 18.
1183 504 1304 540 Ἡμέρας
1316 505 1460 531 ἐντελεῖται
1476 505 1577 541 Κύριος
1592 505 1622 532 τὸ
1634 505 1709 538 ἔλεος
1719 505 1816 538 αὑτοῦ,

1117 580 1158 608 19.
1175 581 1229 607 Καὶ
1246 581 1342 613 νυκτὸς
1356 581 1411 617 ᾠδὴ
1425 581 1498 617 αὐτῷ
1512 583 1575 618 παρ’
1587 581 1657 617 ἐμοί.

1116 637 1160 665 20.
1176 638 1316 674 Προσευχὴ
1327 638 1366 674 τῷ
1375 638 1435 673 Θεῷ
1447 638 1496 674 τῆς
1509 638 1581 674 ζωῆς
1596 647 1657 674 μου.

1113 695 1158 723 21.
1181 695 1251 731 Ἑρῶ
1266 695 1305 731 τῷ
1319 695 1388 731 eaq»
1404 695 1590 732 ’Δντιλήπτωρ
1603 704 1653 732 μου
1671 692 1706 722 εἶ·
1720 695 1767 722 διὰ
1777 695 1806 722 τι
1823 705 1874 731 μου

1080 741 1213 768 ἐπελάθου
1223 750 1230 774 ;

1115 800 1161 828 22.
1183 799 1221 835 (α)
1251 799 1306 826 Καὶ
1321 800 1365 826 ἴνα
1389 799 1416 826 τί
1439 799 1643 836 σκυθρωπάζων
1672 799 1830 835 πορεύομαι
1845 800 1874 826 ἐν

1080 845 1118 881 τῷ
1129 845 1262 872 ἐκθλίϐειν
1278 845 1323 872 τὸν
1338 844 1452 880 ἐχθρόν;

272 910 318 938 23.
338 911 407 938 Dum
427 910 638 947 confringantur
659 919 722 940 ossa
745 919 822 945 mea,
839 913 1027 948 exprobrave-

1115 903 1159 930 23.
1184 903 1229 930 Ἐν
1244 903 1283 938 τῷ
1299 902 1485 929 καταϐλᾶσθαι
1515 902 1548 928 τὰ
1565 902 1631 928 ὀστᾶ
1654 909 1716 937 μου,
1735 900 1874 933 ὠνείδιζόν

238 960 303 984 runt
317 956 384 984 mihi
398 956 502 984 inimici
517 957 582 985 mei.

271 1013 317 1041 21.
332 1013 402 1041 Dum
415 1013 511 1041 dicunt
527 1013 577 1049 ipsi
598 1014 665 1042 mihi
683 1022 732 1050 per
743 1016 866 1051 singulos
880 1015 958 1044 dies:
974 1016 1025 1044 Ubi

237 1063 279 1087 est
291 1058 363 1087 Deus
377 1059 463 1087 tuus?

271 1115 317 1143 25.
330 1115 421 1149 Quare
442 1116 530 1144 tristis
552 1124 593 1150 es,
614 1118 707 1145 anima
720 1118 800 1146 mea?
819 1123 846 1146 et
857 1126 942 1154 quare
958 1126 1025 1147 con-

237 1162 332 1190 turbas
348 1162 413 1190 me?

272 1218 317 1246 26.
335 1219 420 1255 Spera
436 1219 464 1246 in
481 1219 546 1253 Deo,
562 1220 692 1254 quoniam
708 1221 857 1249 conﬁtebor
871 1220 909 1248 illi
926 1231 932 1248 :

271 1306 316 1334 27.
335 1306 460 1334 Salutate
475 1306 568 1335 vultus
579 1307 633 1334 mei
648 1311 675 1334 et
689 1306 764 1334 Deus
776 1313 866 1333 meus.

1081 958 1114 985 με
1129 950 1154 976 οἱ
1168 949 1259 985 ἐχθροί
1272 958 1334 984 μου.

1113 1006 1158 1034 24.
1174 1007 1218 1033 Ἐν
1230 1007 1270 1042 τῷ
1280 1006 1369 1041 λέγειν
1383 1006 1480 1038 αὐτούς
1492 1014 1536 1041 μοι
1551 1006 1613 1033 καθ’
1621 1005 1742 1041 ἑκάστην
1753 1005 1869 1041 ἡμέραν·

1077 1053 1133 1080 Ποῦ
1145 1054 1217 1080 ἐστιν
1230 1054 1244 1080 ὁ
1258 1054 1324 1085 θεός
1341 1061 1403 1086 σου;

1111 1110 1157 1138 25.
1175 1111 1234 1137 Ἵνα
1257 1111 1282 1137 τί
1295 1110 1444 1146 περίλυπος
1455 1109 1489 1144 εἷ,
1507 1111 1524 1146 ὴ
1539 1110 1611 1146 ψυχή
1627 1118 1696 1145 μου;
1722 1110 1773 1137 καὶ
1788 1110 1832 1136 ἵνα
1844 1109 1868 1135 τί

1078 1157 1274 1192 συνταράσσεις
1294 1166 1327 1192 με
1338 1166 1345 1190 ς

1110 1212 1154 1240 26.
1173 1213 1301 1240 Ἔλπισον
1325 1215 1371 1241 ἐπὶ
1396 1213 1442 1241 τὸν
1467 1213 1543 1246 Θεὸν,
1568 1213 1608 1240 ﬁt
1634 1213 1866 1250 ἑξομολογήσομαι

1075 1259 1151 1286 αὐτῶ
1160 1267 1167 1274 ·

1112 1268 1127 1286 τ
1160 1268 1167 1274 .

1110 1268 1156 1332 ἐξ.
1172 1305 1310 1342 Σωτήρων
1325 1305 1372 1332 τοῦ
1386 1306 1532 1341 προσώπου
1551 1315 1603 1342 μου
1627 1306 1676 1333 καὶ
1692 1306 1707 1332 ὁ
1723 1305 1790 1338 Θεός
1806 1313 1863 1340 μου.

271 1385 312 1421 (α)
331 1385 362 1413 ν.
379 1386 431 1419 22,
451 1385 502 1413 Διὰ
526 1385 552 1412 τί
568 1385 732 1420 ἀπώσομαι;
751 1385 798 1412 καὶ
811 1385 864 1418 ἵνα,
881 1388 946 1418 etc.,
963 1383 1077 1420 ὲχθρόν;

795 1504 986 1533 ATHANASlI
1007 1503 1305 1532 INTERPRETATIO.

269 1598 313 1628 15.
332 1598 365 1626 Et
380 1606 395 1626 a
410 1602 522 1634 peccato
544 1605 624 1632 meo,
653 1599 729 1627 dicit.
753 1597 821 1626 Nam
850 1595 1042 1625 Hermoniimt

1107 1595 1151 1622 15.
1165 1596 1220 1622 Kal.
1234 1595 1288 1622 ἀπὸ
1300 1595 1350 1631 τῆς
1363 1596 1500 1632 ἁμαρτιας
1516 1604 1576 1631 μου,
1597 1595 1681 1630 λέγει.
1706 1595 1859 1631 Ἑρμονιεὶμ

233 1646 428 1681 interpretatur
453 1645 529 1672 dolor
548 1645 738 1679 anathematis,
760 1644 833 1680 quod
854 1647 896 1671 est
921 1649 1019 1679 pecca-

233 1697 301 1719 tum.

268 1737 311 1763 16.
326 1735 381 1764 Cor
398 1743 489 1763 meum
508 1736 619 1764 invocat
647 1734 863 1763 misericordiam
891 1738 967 1762 tuam
991 1732 1019 1760 in

231 1789 298 1809 voce
308 1781 400 1809 cultus
413 1781 478 1809 mei.

268 1829 310 1854 17.
331 1827 433 1857 Omnes
457 1833 596 1855 sermones
622 1826 661 1854 tui
688 1826 877 1854 illuminantes
897 1829 1018 1853 mentem

231 1882 320 1902 meam
349 1874 385 1902 ad
418 1873 653 1909 supercmlestium
675 1872 851 1904 altitudines,
878 1876 906 1900 et
929 1871 1018 1908 fulgor

230 1924 304 1953 tuus,
319 1920 367 1955 qui
382 1920 410 1947 in
423 1919 490 1955 ipsis
500 1924 551 1952 est,
567 1919 601 1947 ad
614 1926 662 1947 cor
676 1926 767 1946 meum
786 1923 980 1954 pervenerunt.

263 2008 309 2037 18.
326 2007 533 2044 Expergiscenti
546 2007 614 2036 mihi
627 2015 643 2035 a
660 2011 774 2043 peccato
792 2006 902 2036 exhibet
925 2005 1019 2034 Domi-

227 2062 280 2082 nus
295 2054 513 2082 misericordiam
527 2061 619 2082 suam.

263 2100 307 2128 19.
326 2099 359 2127 Et
372 2100 483 2129 demum
501 2100 609 2136 requies
627 2106 688 2128 mea
706 2098 845 2128 canticum
868 2098 929 2134 ejus
944 2099 1016 2135 apud

227 2155 272 2175 me
286 2152 339 2175 εει.

261 2193 307 2221 20.
329 2193 385 2222 Oro
401 2194 434 2222 ad
446 2193 590 2222 Dominum
605 2193 666 2221 vitae
678 2201 756 2228 meae,

261 2239 307 2266 21.
324 2239 357 2266 Et
370 2239 432 2268 dico
448 2240 520 2275 ipsi:
534 2239 682 2275 Susceptor
700 2247 779 2268 meus
793 2247 834 2268 es.

261 2285 306 2312 22.
321 2284 355 2312 Et
366 2293 452 2320 quare
463 2285 656 2313 obtenebratus
673 2285 780 2319 incedo,
796 2286 862 2313 dum
880 2285 948 2313 mihi
959 2285 1013 2313 do-

225 2332 348 2359 minatur
366 2332 503 2359 diabolus.

260 2376 312 2410 25,
329 2377 374 2404 24.
392 2377 460 2404 Dum
472 2376 563 2404 anima
577 2384 635 2404 mea
647 2380 758 2411 peccato
771 2376 933 2411 conteritur,
946 2384 1013 2405 con-

225 2422 362 2450 viciantur
376 2423 444 2450 mihi
457 2423 603 2450 daemones.

258 2469 304 2497 25.
320 2468 378 2504 Ego
389 2474 479 2497 autem
488 2469 550 2497 dico
561 2469 659 2497 animae
670 2477 736 2498 meae
748 2479 754 2497 :
764 2469 854 2503 Quare
866 2470 952 2498 tristis
962 2471 1010 2499 es?

257 2559 302 2588 26.
320 2559 405 2596 Spera
420 2560 446 2588 in
458 2560 583 2593 Domino,
598 2561 728 2596 quoniam
748 2561 906 2589 misericors
917 2566 969 2589 est.
981 2566 1009 2590 et

223 2606 353 2635 conﬁtere
370 2606 433 2642 ipsi.

257 2653 302 2681 27.
317 2653 398 2682 Salus
409 2654 481 2682 enim
498 2654 597 2682 animae
607 2662 674 2683 mea:
690 2654 763 2683 Deus
778 2661 856 2683 meus
868 2659 920 2683 est.

1071 1640 1124 1677 γὰρ
1138 1641 1316 1676 ἑρμηνεύεται
1341 1641 1526 1676 ἀναθέματος
1555 1641 1650 1674 λύπη,
1669 1641 1739 1676 ὅπερ
1757 1642 1829 1667 ἐστὶν
1843 1641 1861 1676 ἡ

1070 1687 1201 1723 ἁμαρτία.

1103 1733 1146 1760 16.
1169 1733 1201 1759 'H
1219 1733 1315 1768 καρδία
1333 1741 1382 1768 μου
1401 1733 1432 1759 τὸ
1452 1733 1525 1765 ἔλεός
1538 1742 1584 1760 σου
1603 1734 1775 1761 ἐπικαλεῖται
1788 1734 1858 1769 ἐντῇ

1070 1779 1144 1813 φωνῇ
1161 1780 1210 1814 τῆς
1225 1778 1352 1814 λατρείας
1369 1787 1420 1813 μου
1437 1778 1486 1812 (1).

1103 1827 1257 1857 17.Πάντες
1269 1827 1294 1852 οἱ
1306 1825 1380 1860 λόγοι
1395 1835 1441 1852 σου
1455 1827 1479 1852 οὶ
1496 1826 1659 1861 φωτίζοντες
1673 1827 1725 1863 τὴν
1741 1827 1856 1854 διάνοιάν

1070 1880 1120 1906 μου
1132 1871 1179 1897 ἐπὶ
1189 1870 1223 1897 τὰ
1238 1870 1293 1906 ὕψη
1309 1870 1362 1897 τῶν
1378 1866 1556 1906 ἐπουρανίων,
1582 1871 1629 1898 καὶ
1649 1874 1665 1908 ἡ
1689 1873 1788 1908 ἀπειλή
1810 1881 1854 1899 σου

1069 1916 1206 1952 [ἀστραπή
1225 1916 1295 1952 σου],
1310 1917 1333 1943 οἱ
1349 1915 1390 1953 [ἡ]
1405 1917 1434 1943 ὲν
1451 1917 1541 1949 αὐτοῖς
1553 1917 1603 1953 (2).
1626 1918 1666 1950 εις
1683 1918 1732 1954 τὴν
1744 1919 1854 1955 καρδίαν

1069 1971 1120 1999 μου
1133 1961 1224 1999 ἦλθον.

1104 2008 1147 2036 18.
1169 2008 1212 2034 Ἐν
1224 2007 1262 2043 τῷ
1281 2007 1416 2043 ἀνανῆψαι
1435 2016 1468 2043 με
1491 2008 1545 2035 ἀπὸ
1558 2008 1607 2044 τῆς
1629 2009 1768 2045 ἁμαρτίας
1783 2019 1851 2046 παρ-

1066 2054 1123 2089 έχει
1140 2053 1241 2089 Κύριος
1257 2053 1288 2080 τὸ
1301 2053 1375 2086 ἔλεος
1391 2053 1486 2081 αὑτοῦ.

1102 2101 1146 2128 19.
1163 2100 1218 2126 Καὶ
1234 2099 1326 2126 λοιπὸν
1348 2101 1365 2135 ἡ
1389 2100 1544 2132 ἀνάπαυσις
1561 2109 1612 2137 μου
1636 2101 1694 2138 ᾠδὴ
1713 2102 1796 2130 αὐτοῦ
1814 2103 1852 2138 (3)

1067 2146 1124 2172 ἐστι
1141 2146 1206 2181 παρ’
1223 2145 1297 2181 ἐμοί,

1100 2192 1146 2220 20.
1160 2192 1351 2229 Προσεύχομαι
1366 2192 1405 2228 τῷ
1416 2192 1476 2228 Θεῷ
1488 2192 1539 2228 τῆς
1551 2192 1625 2228 ζωῆς
1642 2201 1706 2228 μου,

1099 2238 1145 2265 21.
1163 2239 1218 2265 Καὶ
1233 2238 1306 2273 λέγω
1321 2239 1410 2274 αὐτῷ·
1432 2239 1616 2275 Ἄντιλήπτωρ
1637 2248 1688 2275 μου
1700 2239 1735 2266 εῐ.

1101 2284 1146 2312 22.
1156 2285 1212 2312 Καὶ
1222 2285 1265 2312 ἵνα
1280 2285 1307 2311 τί
1317 2286 1509 2321 ὲσκοσισμένος
1524 2286 1675 2322 πορεύομαι
1688 2287 1718 2314 ὲν
1728 2286 1767 2322 τῷ
1776 2295 1853 2314 κατα-

1065 2332 1237 2359 δυναστεύειν
1249 2341 1300 2368 μου
1313 2331 1358 2359 τὸν
1371 2332 1508 2364 διάὸολον;

1099 2378 1144 2410 25,
1163 2378 1209 2404 21.
1229 2378 1274 2404 Ἐν
1286 2378 1325 2414 τῷ
1342 2377 1532 2414 συντρίϐεσθαι
1555 2378 1606 2414 τὴν
1620 2377 1710 2414 ψυχήν
1728 2387 1777 2414 μου
1801 2379 1849 2405 ὑπὸ

1065 2424 1115 2459 τῆς
1126 2423 1273 2460 ἁμαρτιας,
1286 2425 1445 2456 ὀνειδίζουσί
1461 2433 1494 2460 με
1508 2426 1533 2451 οἱ
1543 2424 1679 2460 δαίμονες.

1100 2469 1145 2496 25.
1170 2468 1240 2503 Ἐγὼ
1261 2469 1289 2496 δὲ
1303 2469 1374 2504 λέγω
1397 2471 1431 2505 τῇ
1456 2469 1528 2505 ψυχῇ
1555 2478 1616 2506 μου·
1634 2469 1692 2496 Ἵνα
1706 2469 1732 2496 τι
1746 2470 1846 2506 περίλυ-

1066 2525 1116 2549 πος
1130 2515 1170 2550 εἷς

1100 2562 1144 2590 26.
1168 2563 1298 2591 Ἔλπισον
1314 2564 1362 2591 ἐπὶ
1383 2563 1428 2591 τὸν
1460 2563 1578 2599 Κύριον,
1591 2564 1633 2591 ὅτι
1649 2564 1769 2600 ἐλεήμων
1780 2565 1846 2597 ἐστὶ,

1067 2609 1114 2636 καὶ
1131 2609 1328 2645 ὲξομολόγησαι
1345 2609 1382 2646 (1)
1401 2609 1486 2645 αὐτῷ.

1101 2655 1146 2682 27.
1163 2655 1288 2692 Σωτηρία
1305 2656 1359 2692 γὰρ
1372 2657 1422 2692 τῆς
1432 2656 1521 2692 ψυχῆς
1536 2664 1587 2692 μου
1601 2657 1616 2684 ὁ
1628 2655 1693 2688 Θεός
1709 2658 1758 2691 μοῦ
1766 2655 1842 2682 ἐστιν.

698 2755 853 2788 Addenda
867 2759 898 2789 et
913 2756 1104 2797 corrigenda
1127 2765 1167 2788 ex
1183 2757 1255 2788 cod.
1273 2757 1374 2789 Vatic.

254 2837 295 2908 (21
308 2838 409 2902 15:1,}:
424 2873 532 2903 ἀπειλαί
545 2883 601 2911 σου,
616 2875 644 2902 αἱ
657 2875 686 2903 ὲν
696 2876 795 2908 αυτοῖς.

1098 2840 1136 2874 (5)
1148 2839 1236 2874 Αὐτῷ.

1095 2875 1132 2903 Ml
1145 2875 1245 2903 Θεὸν...
1258 2875 1498 2919 ἐξομολογήσομαι.
