1916 3052
64 134 117 162 8H
516 134 559 161 DE
576 133 716 162 TITULIS
736 132 962 160 PSALMORUM.
982 147 1017 152 -—
1035 131 1132 160 PSAL.
1155 130 1233 159 ιιιιι.
1643 129 1696 158 8ίὸ

229 194 355 230 Ψαλμὸς
367 193 407 227 τῷ
423 195 519 222 Δαϐίδ.
535 196 621 222 ΨΑΛ.
641 193 710 221 MB’.
875 195 897 222 Α

875 195 897 222 Α
1078 203 1202 230 Psamius
1219 203 1314 230 David;
1334 201 1433 230 PSAL.
1449 201 1540 229 xm.

105 240 130 268 Ι,
143 241 245 276 Κρϊνόν
261 250 318 276 μοι,
330 242 345 267 ὁ
362 241 439 273 Θεὸς,
459 241 506 268 καὶ
527 241 636 268 δίκασον
646 241 694 276 τὴν
705 239 782 275 δίκην
810 247 860 274 μου

950 250 975 277 1.
996 249 1092 277 .ludica
1106 257 1159 282 me,
1179 248 1261 282 Deus,
1284 254 1312 276 et
1329 248 1454 277 discerne
1474 254 1586 276 causam
1607 253 1695 274 meam

67 285 101 318 ἐξ
110 285 204 329 ξθνους
216 287 266 322 οὐχ
277 287 361 314 ὁσίου·

911 294 945 322 de
956 299 1035 329 gente
1046 302 1099 321 non
1113 298 1206 322 sancta
1218 302 1225 321 :

103 328 132 357 2.
151 329 216 355 ’Δπὸ
231 329 375 365 ἀνθρώπου
389 329 481 356 ἀδίκου
497 330 544 356 καὶ
564 330 652 357 δολίου
668 330 747 366 ῥῦσαί
761 334 807 365 με’

948 328 974 366 ει.
991 339 1032 366 Ab
1047 339 1157 367 homine
1167 339 1261 374 iniquo
1271 343 1298 366 et
1312 338 1407 366 doloso
1417 346 1482 367 erue
1498 346 1542 366 me
1558 349 1566 367 :

106 373 132 401 '5.
150 375 211 401 Ὅτι
229 375 261 401 σὺ
279 373 305 401 el
318 376 332 402 ὁ
348 375 413 408 Θεὸς
430 376 591 412 κραταίιυμά
605 385 668 412 μου.

948 386 977 413 5.
1001 386 1070 418 Quia
1087 390 1116 412 tu
1129 393 1159 413 es
1172 373 1243 412 Deus
1255 384 1387 412 fortitudo
1401 392 1471 412 mea.

102 426 131 445 4.
151 420 210 446 Ἵνα
230 421 256 447 τί
276 421 378 448 ἀπώσω
394 430 446 456 με;

948 432 974 459 4,
992 431 1081 464 Quare
1095 440 1139 459 me
1150 431 1290 466 repulisti?

104 466 131 492 5.
159 467 215 493 Καὶ
239 467 283 493 ἵνα
308 468 334 494 τί
367 468 572 504 σκυθρωπάζων
601 469 750 504 πορεύομαι
774 469 802 496 ὲν
822 469 860 505 τῷ

951 480 977 508 5.
997 479 1030 508 Ει
1048 487 1132 515 quare
1149 479 1236 507 tristis
1249 479 1345 507 incedo
1358 479 1422 506 dum
1436 476 1530 512 afﬂigit
1548 484 1592 504 me
1606 473 1697 504 inimi-

66 511 204 538 ἐκθλίϐειν
220 512 265 539 τὸν
279 513 392 548 ὲχθρ6ν;
912 526 983 554 cus?

103 557 132 584 6.
149 557 355 589 Ἐξαπόστειλον
365 559 395 585 τὸ
405 559 462 594 φῶς
480 568 525 586 σου
540 560 587 587 καὶ
602 559 650 596 τὴν
663 560 790 596 ἀλήθειάν
802 569 858 587 σου·

825 570 858 587 ³υ³
947 572 972 599 6.
990 571 1090 598 Emitte
1102 571 1191 599 lucem
1202 574 1276 598 tuam
1289 575 1317 598 et
1329 569 1468 597 veritatem
1486 572 1560 595 tuam
1575 576 1581 594 :

102 603 132 631 7.
154 603 230 630 Δὺτά
258 612 292 639 με
318 604 472 641 ὠδήγησαν,
489 606 535 632 καὶ
560 607 662 642 ἠγαγόν
688 616 721 642 με
740 609 780 639 είς
799 607 858 643 ὅρος

950 617 976 644 7.
993 616 1052 652 Ipsa
1070 624 1114 644 me
1130 616 1302 644 deduxerunt
1313 635 1321 648 ,
1343 619 1371 643 et
1388 613 1560 642 adduxerunt
1572 611 1601 640 in
1614 618 1694 640 mon-

63 649 148 683 ἃγιόν
167 657 225 682 σου,

913 667 966 690 tem
979 667 1104 690 sanctum
1120 667 1194 689 tuum
1205 682 1212 694 ,

102 695 132 722 8.
148 695 205 722 Καὶ
217 696 258 727 είς
266 696 301 723 τὰ
317 696 484 732 σκηνώματά
496 707 552 726 σου.

948 709 974 737 8.
993 708 1025 736 Et
1037 709 1064 736 in
1076 707 1250 736 tabernacula
1263 711 1319 734 tua.

102 740 130 768 9.
140 741 196 768 Καὶ
209 742 397 778 εἰσελεύσομαι
411 744 478 779 πρὸς
485 744 515 770 τὸ
526 745 715 781 θυσιαστήριον
727 746 773 772 τοῦ
780 745 858 779 Θεοῦ,

631 746 715 781 τήριον
727 745 858 779 τοῦθεοῠ»
947 755 973 782 9.
995 754 1027 781 Et
1043 754 1160 781 introibo
1177 753 1210 780 ad
1221 753 1307 780 altare
1324 751 1387 784 Dei;

102 786 147 814 10.
169 787 241 822 Πρὸς
251 788 296 815 τὸν
306 788 373 815 Θεὸν
387 789 565 827 εὐφραίνοντα
586 791 636 826 τὴν
651 792 763 827 νεότητά
780 801 840 828 μου·

946 801 989 827 10.
1005 801 1045 828 Ad
1068 800 1171 833 Deum,
1194 799 1241 835 qui
1263 798 1381 826 laetificat
1396 797 1564 832 iuventutem
1586 803 1695 824 meam:

101 832 146 859 Η.
182 833 428 871 Ἐξομολογήσομαί
455 844 496 863 σοι
525 837 555 864 ἐν
584 838 694 874 κιθάρᾳ⁷
711 839 726 865 ὁ
755 839 857 873 Θεὸς,έ

947 847 991 874 ll.
1006 832 1224 874 Confitebortibi
1236 846 1263 872 in
1277 845 1392 878 cithara,
1404 843 1486 877 Deus,
1494 842 1565 871 Deus
1575 850 1659 870 meus.

63 878 135 910 Θεὸς
152 887 214 914 μου.

103 924 149 951 12.
164 925 222 952 Ἵνα
238 927 265 952 τί
288 927 436 963 περίλυπος
449 926 485 962 εἷ,
502 929 519 964 ή
534 929 606 965 ψυχή
623 938 692 965 μου;
709 931 755 957 καὶ
768 930 810 957 ἵνα
833 931 859 958 τί

948 936 990 962 12.
1007 936 1097 969 Quare
1114 936 1201 964 tristis
1219 943 1264 970 es,
1284 935 1376 963 anima
1394 934 1473 961 mea?
1490 937 1516 961 et
1533 937 1618 967 quare
1631 936 1694 957 con-

64 971 267 1006 συνταράσσεις
280 981 314 1007 με
323 981 330 1006 ;

326 981 330 1005 ;
912 983 1005 1010 turbas
1021 983 1082 1010 me?

99 1017 144 1044 15.
155 1017 284 1045 Ἔλπισον
294 1019 340 1046 ἐπὶ
350 1019 395 1047 τὸν
400 1020 474 1053 Θεὸν,
483 1021 523 1047 ὅτι
530 1021 676 1059 ὲξομολογή
681 1032 761 1059 σομαι
768 1024 840 1060 αὐτῷ
850 1034 855 1040 ·

835 1034 855 1051 ι·
947 1028 991 1055 i5.
1009 1027 1092 1062 Spera
1107 1028 1134 1055 in
1147 1027 1213 1060 Deo,
1232 1026 1361 1062 quoniam
1374 1024 1522 1053 conﬁtebor
1535 1024 1591 1052 illi:

101 1062 145 1089 H.
168 1063 305 1100 Σωσήριον
329 1065 376 1092 τοῦ
403 1066 548 1102 προσώπου
562 1077 612 1103 μου
625 1069 672 1095 καὶ
689 1070 703 1096 ὁ
718 1069 783 1102 Θεός
795 1079 855 1106 μου.

776 1079 855 1106 ῖμου.
874 1082 894 1109 Β
945 1073 988 1102 14.
1010 1073 1134 1102 Salutare
1144 1074 1236 1102 vultus
1248 1073 1300 1100 mei
1320 1077 1347 1100 et
1357 1072 1429 1099 Deus
1443 1079 1532 1099 meus.

627 1159 815 1189 ATHANASH
834 1161 1126 1190 INTERPRETATIO.

105 1215 139 1264 ᾘ
157 1218 328 1255 προκειμένη
351 1220 490 1258 ἐπιγραφὴ
516 1223 637 1259 περιέχει
652 1225 701 1260 (1)·
729 1227 853 1262 Ψαλμὸς
881 1227 921 1261 τῷ
947 1229 1046 1256 Δαϐίδ·
1074 1229 1222 1262 τουτέστιν,
1247 1230 1261 1256 ὁ
1291 1227 1397 1263 ψαλμὸζ
1421 1224 1498 1259 οὗτος
1525 1227 1634 1264 εἴρηται
1655 1225 1695 1263 τῷ

63 1262 283 1311 τξταίσαντι,γκαι
298 1266 327 1292 έν
344 1268 472 1303 μετανοίᾳ
486 1268 599 1297 ἐλθόντι.
617 1271 699 1298 Δαϐὶδ
714 1272 768 1309 γὰρ
781 1273 961 1310 ἑρμηνεύεται
978 1275 1212 1311 ἐξουθεντυλένος
1226 1276 1274 1303 καὶ
1287 1262 1461 1309 ἦλετιμένος,
1471 1273 1542 1308 άπερ
1551 1262 1694 1310 ἀμφάεερσ

62 1306 194 1363 εὑῇπξς
206 1310 247 1362 είς
261 1310 307 1338 τὸν
323 1311 512 1349 ἡμαρτηκότα’
538 1316 586 1342 καὶ
602 1317 642 1349 είς
656 1306 803 1353 μετάνοιαν
815 1306 936 1349 ἐλθόντα.
1001 1306 1009 1308 Ξ
1113 1306 1128 1311 ὴ
1199 1306 1208 1310 ¹
1299 1306 1304 1309 1
1355 1306 1368 1309 ψ
1439 1306 1445 1307 7
1526 1306 1532 1308 -
1550 1359 1555 1363 .

102 1353 212 1383 Titulus
225 1356 374 1393 inscriptus
392 1361 513 1389 continet
530 1372 536 1390 :
553 1362 678 1392 Psalmus
694 1366 792 1394 David.
810 1367 868 1396 Hoc
883 1374 937 1402 est,
953 1369 999 1397 hic
1012 1376 1136 1404 psaimus
1150 1369 1239 1397 dictus
1252 1373 1293 1396 est
1304 1368 1339 1396 ab
1367 1374 1411 1400 eo,
1428 1375 1475 1402 qui
1489 1359 1598 1399 cecidit;
1619 1370 1647 1395 et
1664 1367 1694 1395 in

63 1401 257 1434 paenitentiam
276 1406 360 1432 venit.
376 1405 460 1434 David
484 1409 556 1436 enim
572 1410 767 1447 interpretatur
788 1415 921 1449 neglectus
940 1421 968 1444 et
983 1401 1195 1444 misericordiam
1210 1419 1383 1447 consecutus,
1395 1417 1544 1449 utrumque
1560 1414 1688 1442 convenit

64 1447 92 1473 in
104 1455 180 1479 eum.
195 1449 243 1484 qui
257 1456 362 1485 peccat,
376 1457 403 1480 et
414 1454 447 1480 ad
463 1455 651 1488 paenitentiam
666 1447 848 1486 convertitur.

99 1493 127 1542 ί.
150 1495 379 1534 Σπλαγχνίσθητι,
396 1500 410 1526 ό
426 1499 527 1536 Κύριος
539 1502 588 1536 (2),
602 1504 648 1530 καὶ
662 1505 732 1540 ὁρῶν
747 1514 781 1540 με
798 1505 855 1533 ἁδι-

945 1504 972 1531 l.
990 1503 1128 1537 Miserere,
1154 1504 1277 1537 Domine,
1294 1510 1321 1533 et
1346 1506 1441 1533 videns
1463 1514 1507 1533 me
1527 1506 1620 1542 inique
1633 1513 1692 1542 per-

62 1539 198 1575 κούμενον
214 1542 266 1568 ὑπὸ
276 1542 330 1569 τῶν
345 1544 472 1572 ἐναντίων
486 1547 639 1583 δυνάμεων,
658 1539 794 1586 λύτρωσαί
810 1560 818 1587 ι

847 1572 854 1578 .
909 1553 1055 1590 tractatum
1069 1557 1084 1577 a
1098 1551 1243 1578 contrariis
1263 1551 1442 1586 potestatibus
1454 1551 1538 1580 libera
1549 1559 1602 1580 me.

97 1585 126 1612 2.
147 1586 214 1613 Ἀπὸ
228 1588 276 1615 τοῦ
290 1589 422 1624 διαὸόλου,
437 1592 510 1627 λέγει
526 1594 574 1630 (5).
709 1585 714 1586 ⁷
811 1585 817 1587 -

495 1602 510 1620 ;ι
526 1594 574 1630 (5).
709 1585 714 1586 ⁷
811 1585 817 1587 ⁷
944 1586 970 1621 25
985 1595 1007 1622 A
1022 1595 1142 1628 diabolo,
1155 1595 1251 1631 inquit.

96 1631 124 1658 3.
142 1632 205 1659 Ὅτι
217 1634 250 1660 σὺ
262 1632 289 1660 εῐ
305 1636 321 1671 ή
341 1635 450 1672 βοήθειά
464 1647 525 1674 μου.
573 1658 575 1661 ι

945 1641 973 1668 5.
987 1641 1124 1674 Quoniam
1136 1646 1165 1669 tu
1177 1650 1206 1670 es
1219 1643 1351 1670 auxilium
1367 1651 1468 1672 meum.

94 1677 124 1704 4.
141 1678 201 1705 Ἵνα
214 1679 241 1706 τί
252 1681 407 1717 ἀπέρριψας
422 1692 473 1718 με;

943 1686 969 1713 4.
987 1686 1077 1720 QUare
1095 1695 1138 1715 me
1154 1687 1311 1723 proiecisti?

97 1724 125 1751 5.
137 1725 197 1752 Καϊ
208 1725 251 1752 ἵνα
260 1727 287 1753 τί
301 1727 492 1765 ὲσκοτισμένος
506 1732 657 1768 πορεύομαι
671 1734 701 1761 ὲν
713 1734 752 1770 τῷ
772 1744 853 1763 κατα-

943 1731 969 1759 5.
986 1731 1020 1759 Ει
1036 1740 1122 1768 quare
1136 1733 1332 1762 obtenebratus
1348 1735 1456 1767 incedo.
1477 1734 1542 1763 dum
1562 1735 1628 1763 mihi
1645 1735 1690 1764 do-

61 1769 236 1797 δυναστεύειν
255 1780 306 1807 μου
320 1773 366 1800 τὸν
382 1773 518 1809 διάϐολονξ
738 1769 743 1770 ⁷

432 1775 518 1809 Βολονξ
738 1769 743 1770 ⁷
870 1775 891 1804 C
908 1778 1028 1806 minatur
1044 1779 1188 1807 diabolus?

99 1814 127 1842 6.
145 1815 351 1847 Ἐξαπόστειλον
367 1818 413 1846 τὸν
425 1819 490 1847 Υίόν
511 1829 569 1854 σου,
579 1823 626 1848 καὶ
640 1822 671 1849 τὸ
687 1824 799 1860 Πνεῢμά
810 1834 855 1852 σου

943 1824 969 1852 6.
990 1824 1065 1852 Mitte
1095 1825 1196 1853 Filium
1231 1831 1329 1860 tuum,
1355 1831 1383 1855 et
1409 1827 1539 1863 Spiritum
1568 1832 1691 1856 sanctum

60 1867 91 1887 το
106 1860 194 1895 ἅγιον.

907 1874 995 1898 tuum.

98 1906 126 1938 7,
140 1907 167 1934 8.
183 1908 258 1935 Αὺτά
272 1917 306 1944 με
315 1909 362 1936 νῦν
373 1910 517 1947 ὡδήύγησαν
524 1912 584 1949 [καὶ
599 1914 725 1950 ἦγαγον],
734 1916 854 1952 ὑπομνη-

943 1916 975 1949 7,
995 1916 1022 1944 8.
1039 1915 1099 1951 lpsa
1119 1924 1162 1945 me
1181 1925 1255 1945 nunc
1272 1917 1446 1946 deduxerunt
1465 1923 1493 1946 et
1511 1918 1689 1950 adduxerunt.

62 1953 162 1987 σθῆναι
175 1954 225 1990 τῆς
238 1956 363 1991 οὐρανίου
377 1957 512 1990 πολιτείας
533 1960 579 1986 καὶ
604 1960 658 1987 τῶν
677 1962 792 1989 αἰωνίων
809 1972 818 1990 c

933 1983 936 1989 γ
953 1963 1113 2001 recordarer
1133 1964 1252 1992 caalcstis
1276 1965 1502 2000 conversationis,
1530 1969 1558 1993 et
1579 1970 1689 1993 aitemm

61 1999 243 2027 ἀναπαύσεων

905 2016 966 2035 rum
982 1999 1092 2036 tuarum
1106 2010 1268 2045 requietum.

96 2045 124 2073 9.
137 2046 194 2073 Καὶ
204 2048 238 2082 τῇ
252 2047 355 2083 διανοίᾳ
366 2049 479 2076 εἰσέλθω
493 2051 533 2082 είς
544 2051 574 2078 τὸ
585 2052 744 2088 ἐπουράνιον
759 2053 852 2082 θυσια-

940 2054 967 2082 9.
982 2055 1015 2082 Et
1029 2060 1119 2084 mente
1133 2056 1272 2092 ingredior
1282 2057 1317 2085 ad
1328 2057 1521 2093 supercmleste
1536 2057 1621 2085 altare
1631 2056 1689 2084 Dei.

62 2092 174 2127 στήριον
191 2093 238 2119 τοῦ
257 2093 333 2122 Θεοῦ.

96 2139 140 2166 10.
157 2139 212 2166 Τὸν
226 2140 415 2177 εὐφραίνοντα,
428 2142 512 2177 λέγει,
530 2143 619 2180 ψυχήν
632 2153 692 2180 μου.

940 2145 983 2172 10.
1000 2144 1204 2180 ιιειίίίςιιηιεω,
1219 2147 1322 2182 inquit,
1335 2147 1454 2174 animam
1473 2154 1571 2174 meam.

94 2185 138 2213 Η.
154 2186 273 2220 Δοξάσω,
290 2187 373 2222 λέγει,
389 2190 418 2215 ὲν
435 2191 468 2225 τῇ
479 2189 550 2226 ψυχῇ
567 2199 627 2226 μου,
640 2192 686 2219 καὶ
703 2193 730 2219 ὲν
745 2192 784 2228 τῷ
801 2191 850 2219 σώ-

939 2191 982 2219 11.
1001 2191 1177 2223 Glorilicabo,
1191 2192 1292 2227 inquit,
1308 2194 1336 2220 in
1353 2193 1445 2220 anima
1459 2200 1537 2225 mea,
1553 2196 1580 2220 et
1593 2192 1619 2220 in
1630 2201 1688 2220 cor-

62 2241 138 2266 ματι,
151 2232 291 2268 νεκρὼσας
301 2235 334 2270 τῇ
351 2235 473 2272 ἁμαρτίᾳ
487 2236 546 2263 ὅλον
561 2237 665 2265 ἑαυτόν·
680 2238 780 2275 κιθάρα
797 2248 818 2273 γε

932 2245 968 2265 πε
985 2237 1155 2278 mortificans
1176 2241 1263 2266 totum
1284 2239 1418 2274 meipsum
1441 2239 1688 2274 peccatozcilhara

60 2277 139 2311 ξύλον
154 2278 214 2304 ἐστὶ
229 2278 310 2315 ξηρὸν
323 2279 382 2315 ἕχον
394 2280 488 2316 νεῦρα,
506 2281 620 2317 ἀόρατον
647 2283 739 2318 φωνὴν
753 2284 816 2310 ἀποι

936 2284 973 2311 im
987 2277 1040 2312 Vest
1065 2284 1170 2320 lignum
1191 2285 1298 2313 aridum
1313 2286 1415 2314 habens
1434 2294 1544 2319 nervos,
1565 2285 1688 2314 invisibi-

59 2323 145 2351 κοῦσα
162 2324 202 2359 (5)
220 2325 281 2352 κατ’
293 2326 432 2361 ἐνέργειαν
441 2326 488 2353 τοῦ
503 2327 640 2360 κινοῦντος
656 2329 750 2364 αὐτήν.

931 2338 953 2357 m
978 2338 1071 2358 vocem
1094 2331 1223 2360 emittens
1244 2332 1395 2360 secundum
1418 2333 1603 2368 operationem
1628 2340 1687 2360 eam

94 2412 139 2439 12.
152 2411 211 2439 Ἵνα
227 2413 254 2440 τί
269 2413 354 2446 οὕτως
365 2415 491 2449 ἅπέγνως
505 2416 617 2452 ἑαυτῆς;

899 2380 1045 2404 moventis.

862 2448 883 2457 η
934 2421 978 2448 12.
995 2420 1087 2454 Quare
1100 2420 1138 2448 ita
1150 2420 1184 2449 de
1196 2425 1222 2449 te
1239 2421 1297 2456 ipsa
1310 2421 1481 2457 desperasti?

91 2459 136 2486 15.
154 2459 284 2487 Ἔλπισον
297 2461 343 2487 ἐπὶ
360 2461 405 2488 τὸν
417 2448 484 2489 Θεὸν
494 2462 540 2489 τὸν
551 2448 670 2495 σώζοντα
682 2464 744 2495 τοὺς
761 2472 846 2499 προσ-

936 2465 980 2492 15.
999 2448 1082 2500 gpera
1100 2465 1127 2492 in
1141 2448 1509 2502 Deum,-quirse
1529 2468 1687 2505 confugien-

59 2504 209 2539 φεύγοντας
222 2505 307 2541 αὐτῷ,
322 2507 364 2533 ὅτι
392 2507 469 2542 κάγὼ
488 2508 576 2543 μέλλω
592 2509 666 2545 αὐτῷ
685 2509 814 2545 ἐξομολογ

787 2510 846 2545 ιγή-
899 2515 951 2544 tes,
965 2512 1096 2546 quoniam
1108 2515 1135 2539 et
1150 2519 1201 2546 ego
1217 2512 1270 2548 ipsi
1280 2512 1456 2541 confessurus
1472 2521 1543 2542 sum.

59 2550 157 2577 σασθαι
172 2550 220 2579 (6).

94 2554 157 2577 σθαι
172 2554 220 2585 (6).

93 2597 137 2624 14.
152 2597 239 2630 Αὐτός
252 2598 326 2626 ἐστιν
338 2599 352 2626 ὁ
362 2599 428 2632 Θεός
444 2609 496 2636 μου
512 2601 559 2636 (7).

540 2601 559 2636 ).
933 2602 978 2632 M.
991 2601 1052 2637 Ipse
1063 2606 1104 2631 est
1120 2602 1194 2631 Deus
1206 2611 1293 2632 meus.

532 2689 687 2722 Addenda
702 2693 731 2722 et
757 2690 947 2730 corrigenda
963 2699 1003 2722 ex
1019 2691 1089 2722 cod.
1106 2691 1209 2722 Velie.

200 2748 306 2788 ᾲὰ-τῆς
329 2751 513 2787 κινναϐάρεως
528 2760 589 2788 περ.
987 2750 1176 2788 Ἀποτελοῠσα.

91 2783 129 2822 ιὲ)
153 2783 187 2822 ,Ὀ
203 2783 290 2822 θεὸς
321 2820 326 2822 _
446 2783 451 2787 ’
505 2783 508 2784 ⁷
565 2783 571 2788 ’
593 2789 595 2791 ’

505 2783 508 2784 ⁷
565 2783 571 2788 ’
593 2789 595 2791 ’
990 2786 1231 2822 Ἐξομολογεῖσθαι.

143 2819 237 2858 Αέτὲἣ
247 2819 326 2858 ῥῦσαί
341 2830 384 2856 μει
933 2818 971 2856 (7)
986 2818 1057 2856 Meo;
1071 2818 1219 2858 καὶσωτήρ
1234 2829 1296 2857 μου.

85 2853 124 2886 (ι)
143 2853 342 2883 ’Δτιολαῦσεων.
