  <div class='ocr_page' id='page_1' title='image "/cluster/home/n/w/nwhite01/storage/ocr_20150623/27/njp.32101010944609/435.png"; bbox 0 0 1916 3052; ppageno 0'>
   <div class='ocr_carea' id='block_1_1' title="bbox 231 112 282 140">
    <p class='ocr_par' dir='ltr' id='par_1_1' title="bbox 231 112 282 140">
     <span class='ocr_line' id='line_1_1' title="bbox 231 112 282 140; baseline 0.039 -2"><span class='ocrx_word' id='word_1_1' title='bbox 231 112 282 140; x_wconf 82' lang='grc'><strong>819</strong></span> 
     </span>
    </p>
   </div>
   <div class='ocr_carea' id='block_1_2' title="bbox 343 169 884 206">
    <p class='ocr_par' dir='ltr' id='par_1_2' title="bbox 343 169 884 206">
     <span class='ocr_line' id='line_1_2' title="bbox 343 169 884 206; baseline 0 -8"><span class='ocrx_word' id='word_1_2' title='bbox 343 169 376 198; x_wconf 81' lang='lat' dir='ltr'><strong>In</strong></span> <span class='ocrx_word' id='word_1_3' title='bbox 389 170 467 206; x_wconf 77' lang='lat' dir='ltr'><strong>ﬁnem</strong></span> <span class='ocrx_word' id='word_1_4' title='bbox 482 177 492 197; x_wconf 88' lang='lat'><strong>.&#39;</strong></span> <span class='ocrx_word' id='word_1_5' title='bbox 505 170 570 205; x_wconf 71' lang='lat' dir='ltr'><strong>ﬁliis</strong></span> <span class='ocrx_word' id='word_1_6' title='bbox 586 169 651 199; x_wconf 84' lang='lat' dir='ltr'><strong>Core</strong></span> <span class='ocrx_word' id='word_1_7' title='bbox 665 171 699 197; x_wconf 81' lang='lat' dir='ltr'><strong>ad</strong></span> <span class='ocrx_word' id='word_1_8' title='bbox 714 171 884 199; x_wconf 76' lang='lat' dir='ltr'><strong>intellectum.</strong></span> 
     </span>
    </p>
   </div>
   <div class='ocr_carea' id='block_1_3' title="bbox 494 217 726 245">
    <p class='ocr_par' dir='ltr' id='par_1_3' title="bbox 494 217 726 245">
     <span class='ocr_line' id='line_1_3' title="bbox 494 217 726 245; baseline 0 -1"><span class='ocrx_word' id='word_1_9' title='bbox 494 217 595 245; x_wconf 78' lang='lat' dir='ltr'><strong>PSAL.</strong></span> <span class='ocrx_word' id='word_1_10' title='bbox 615 217 726 244; x_wconf 74' lang='lat' dir='ltr'><strong>XLIII.</strong></span> 
     </span>
    </p>
   </div>
   <div class='ocr_carea' id='block_1_4' title="bbox 261 263 854 297">
    <p class='ocr_par' dir='ltr' id='par_1_4' title="bbox 261 263 854 297">
     <span class='ocr_line' id='line_1_4' title="bbox 261 263 854 297; baseline -0.002 -5"><span class='ocrx_word' id='word_1_11' title='bbox 261 265 287 292; x_wconf 89' lang='grc'><strong>1.</strong></span> <span class='ocrx_word' id='word_1_12' title='bbox 303 263 386 296; x_wconf 86' lang='lat' dir='ltr'><strong>Deus,</strong></span> <span class='ocrx_word' id='word_1_13' title='bbox 400 263 427 291; x_wconf 90' lang='lat' dir='ltr'><strong>in</strong></span> <span class='ocrx_word' id='word_1_14' title='bbox 440 264 552 292; x_wconf 84' lang='lat' dir='ltr'><strong>auribus</strong></span> <span class='ocrx_word' id='word_1_15' title='bbox 565 265 667 292; x_wconf 81' lang='lat' dir='ltr'><strong>nostris</strong></span> <span class='ocrx_word' id='word_1_16' title='bbox 680 264 835 292; x_wconf 77' lang='lat' dir='ltr'><strong>audivimus</strong></span> <span class='ocrx_word' id='word_1_17' title='bbox 844 285 854 297; x_wconf 58' lang='grc' dir='ltr'><strong><em>γ</em></strong></span> 
     </span>
    </p>
   </div>
   <div class='ocr_carea' id='block_1_5' title="bbox 259 310 831 339">
    <p class='ocr_par' dir='ltr' id='par_1_5' title="bbox 259 310 831 339">
     <span class='ocr_line' id='line_1_5' title="bbox 259 310 831 339; baseline 0 -1"><span class='ocrx_word' id='word_1_18' title='bbox 259 310 288 338; x_wconf 75' lang='lat'><strong>2.</strong></span> <span class='ocrx_word' id='word_1_19' title='bbox 306 310 400 338; x_wconf 79' lang='lat' dir='ltr'><strong>Patres</strong></span> <span class='ocrx_word' id='word_1_20' title='bbox 411 311 496 338; x_wconf 79' lang='lat' dir='ltr'><strong>nostri</strong></span> <span class='ocrx_word' id='word_1_21' title='bbox 508 311 737 339; x_wconf 83' lang='lat' dir='ltr'><strong>annuntiaverunt</strong></span> <span class='ocrx_word' id='word_1_22' title='bbox 753 311 831 338; x_wconf 84' lang='lat' dir='ltr'><strong>nobis</strong></span> 
     </span>
    </p>
   </div>
   <div class='ocr_carea' id='block_1_6' title="bbox 260 355 1007 391">
    <p class='ocr_par' dir='ltr' id='par_1_6' title="bbox 260 355 1007 391">
     <span class='ocr_line' id='line_1_6' title="bbox 260 355 1007 391; baseline 0 -9"><span class='ocrx_word' id='word_1_23' title='bbox 260 356 287 382; x_wconf 84' lang='lat'><strong>5.</strong></span> <span class='ocrx_word' id='word_1_24' title='bbox 305 355 397 390; x_wconf 88' lang='lat' dir='ltr'><strong>Opus,</strong></span> <span class='ocrx_word' id='word_1_25' title='bbox 423 356 496 390; x_wconf 92' lang='lat' dir='ltr'><strong>quod</strong></span> <span class='ocrx_word' id='word_1_26' title='bbox 516 361 644 391; x_wconf 90' lang='lat' dir='ltr'><strong>operatus</strong></span> <span class='ocrx_word' id='word_1_27' title='bbox 655 364 686 384; x_wconf 89' lang='lat' dir='ltr'><strong>es</strong></span> <span class='ocrx_word' id='word_1_28' title='bbox 697 357 723 384; x_wconf 94' lang='lat' dir='ltr'><strong>in</strong></span> <span class='ocrx_word' id='word_1_29' title='bbox 737 356 834 384; x_wconf 88' lang='lat' dir='ltr'><strong>diebus</strong></span> <span class='ocrx_word' id='word_1_30' title='bbox 853 363 947 384; x_wconf 91' lang='lat' dir='ltr'><strong>eorum</strong></span> <span class='ocrx_word' id='word_1_31' title='bbox 958 375 965 387; x_wconf 90' lang='lat'><strong><em>,</em></strong></span> <span class='ocrx_word' id='word_1_32' title='bbox 980 355 1007 382; x_wconf 93' lang='lat' dir='ltr'><strong>in</strong></span> 
     </span>
    </p>
   </div>
   <div class='ocr_carea' id='block_1_7' title="bbox 225 401 462 436">
    <p class='ocr_par' dir='ltr' id='par_1_7' title="bbox 225 401 462 436">
     <span class='ocr_line' id='line_1_7' title="bbox 225 401 462 436; baseline -0.004 -8"><span class='ocrx_word' id='word_1_33' title='bbox 225 401 322 428; x_wconf 87' lang='lat' dir='ltr'><strong>diebus</strong></span> <span class='ocrx_word' id='word_1_34' title='bbox 334 401 462 436; x_wconf 74' lang='lat' dir='ltr'><strong>antiquis.</strong></span> 
     </span>
    </p>
   </div>
   <div class='ocr_carea' id='block_1_8' title="bbox 261 445 1006 483">
    <p class='ocr_par' dir='ltr' id='par_1_8' title="bbox 261 445 1006 483">
     <span class='ocr_line' id='line_1_8' title="bbox 261 445 1006 483; baseline 0.003 -11"><span class='ocrx_word' id='word_1_35' title='bbox 261 446 286 473; x_wconf 80' lang='grc'><strong>4.</strong></span> <span class='ocrx_word' id='word_1_36' title='bbox 306 445 402 473; x_wconf 83' lang='lat' dir='ltr'><strong>Manus</strong></span> <span class='ocrx_word' id='word_1_37' title='bbox 419 449 465 473; x_wconf 89' lang='lat' dir='ltr'><strong>tua</strong></span> <span class='ocrx_word' id='word_1_38' title='bbox 478 450 573 482; x_wconf 91' lang='lat' dir='ltr'><strong>gentes</strong></span> <span class='ocrx_word' id='word_1_39' title='bbox 583 446 792 482; x_wconf 85' lang='lat' dir='ltr'><strong>disperdidit,et</strong></span> <span class='ocrx_word' id='word_1_40' title='bbox 803 447 930 483; x_wconf 79' lang='lat' dir='ltr'><strong>plantasti</strong></span> <span class='ocrx_word' id='word_1_41' title='bbox 940 454 1006 474; x_wconf 87' lang='lat' dir='ltr'><strong>eos:</strong></span> 
     </span>
    </p>
   </div>
   <div class='ocr_carea' id='block_1_9' title="bbox 260 533 830 570">
    <p class='ocr_par' dir='ltr' id='par_1_9' title="bbox 260 533 830 570">
     <span class='ocr_line' id='line_1_9' title="bbox 260 533 830 570; baseline 0.002 -8"><span class='ocrx_word' id='word_1_42' title='bbox 260 535 288 562; x_wconf 88' lang='lat'><strong>5.</strong></span> <span class='ocrx_word' id='word_1_43' title='bbox 303 533 432 562; x_wconf 73' lang='lat' dir='ltr'><strong>Afﬂix-isti</strong></span> <span class='ocrx_word' id='word_1_44' title='bbox 444 535 570 570; x_wconf 88' lang='lat' dir='ltr'><strong>populos,</strong></span> <span class='ocrx_word' id='word_1_45' title='bbox 586 539 613 562; x_wconf 91' lang='lat' dir='ltr'><strong>et</strong></span> <span class='ocrx_word' id='word_1_46' title='bbox 630 535 758 570; x_wconf 81' lang='lat' dir='ltr'><strong>expulisti</strong></span> <span class='ocrx_word' id='word_1_47' title='bbox 772 542 830 563; x_wconf 85' lang='lat' dir='ltr'><strong>eos.</strong></span> 
     </span>
    </p>
   </div>
   <div class='ocr_carea' id='block_1_10' title="bbox 261 580 1007 617">
    <p class='ocr_par' dir='ltr' id='par_1_10' title="bbox 261 580 1007 617">
     <span class='ocr_line' id='line_1_10' title="bbox 261 580 1007 617; baseline 0.001 -9"><span class='ocrx_word' id='word_1_48' title='bbox 261 581 288 608; x_wconf 84' lang='lat'><strong>6.</strong></span> <span class='ocrx_word' id='word_1_49' title='bbox 305 580 359 608; x_wconf 88' lang='lat' dir='ltr'><strong>Nec</strong></span> <span class='ocrx_word' id='word_1_50' title='bbox 376 582 448 609; x_wconf 90' lang='lat' dir='ltr'><strong>enim</strong></span> <span class='ocrx_word' id='word_1_51' title='bbox 464 582 489 609; x_wconf 95' lang='lat' dir='ltr'><strong>in</strong></span> <span class='ocrx_word' id='word_1_52' title='bbox 506 581 596 617; x_wconf 85' lang='lat' dir='ltr'><strong>gladio</strong></span> <span class='ocrx_word' id='word_1_53' title='bbox 616 590 667 609; x_wconf 88' lang='lat' dir='ltr'><strong>suo</strong></span> <span class='ocrx_word' id='word_1_54' title='bbox 686 583 868 617; x_wconf 86' lang='lat' dir='ltr'><strong>possederunt</strong></span> <span class='ocrx_word' id='word_1_55' title='bbox 883 586 981 610; x_wconf 88' lang='lat' dir='ltr'><strong>terram</strong></span> <span class='ocrx_word' id='word_1_56' title='bbox 1000 591 1007 610; x_wconf 85' lang='lat'><strong>:</strong></span> 
     </span>
    </p>
   </div>
   <div class='ocr_carea' id='block_1_11' title="bbox 261 625 882 655">
    <p class='ocr_par' dir='ltr' id='par_1_11' title="bbox 261 625 882 655">
     <span class='ocr_line' id='line_1_11' title="bbox 261 625 882 655; baseline 0.003 -3"><span class='ocrx_word' id='word_1_57' title='bbox 261 625 289 652; x_wconf 87' lang='lat'><strong>7.</strong></span> <span class='ocrx_word' id='word_1_58' title='bbox 307 625 338 653; x_wconf 86' lang='lat' dir='ltr'><strong>Et</strong></span> <span class='ocrx_word' id='word_1_59' title='bbox 349 626 490 654; x_wconf 87' lang='lat' dir='ltr'><strong>brachium</strong></span> <span class='ocrx_word' id='word_1_60' title='bbox 501 634 595 654; x_wconf 91' lang='lat' dir='ltr'><strong>eorum</strong></span> <span class='ocrx_word' id='word_1_61' title='bbox 613 635 667 654; x_wconf 89' lang='lat' dir='ltr'><strong>non</strong></span> <span class='ocrx_word' id='word_1_62' title='bbox 682 627 797 655; x_wconf 78' lang='lat' dir='ltr'><strong>salvavit</strong></span> <span class='ocrx_word' id='word_1_63' title='bbox 810 633 858 654; x_wconf 89' lang='lat' dir='ltr'><strong>eos</strong></span> <span class='ocrx_word' id='word_1_64' title='bbox 874 636 882 654; x_wconf 89' lang='lat'><strong>:</strong></span> 
     </span>
    </p>
   </div>
   <div class='ocr_carea' id='block_1_12' title="bbox 261 671 1012 712">
    <p class='ocr_par' dir='ltr' id='par_1_12' title="bbox 261 671 1012 712">
     <span class='ocr_line' id='line_1_12' title="bbox 261 671 1012 712; baseline 0 -14"><span class='ocrx_word' id='word_1_65' title='bbox 261 671 294 712; x_wconf 82' lang='lat'><strong>8._</strong></span> <span class='ocrx_word' id='word_1_66' title='bbox 306 671 359 699; x_wconf 87' lang='lat' dir='ltr'><strong>Sed</strong></span> <span class='ocrx_word' id='word_1_67' title='bbox 370 672 482 699; x_wconf 77' lang='lat' dir='ltr'><strong>dextera</strong></span> <span class='ocrx_word' id='word_1_68' title='bbox 493 676 539 699; x_wconf 90' lang='lat' dir='ltr'><strong>tua</strong></span> <span class='ocrx_word' id='word_1_69' title='bbox 554 677 581 700; x_wconf 91' lang='lat' dir='ltr'><strong>et</strong></span> <span class='ocrx_word' id='word_1_70' title='bbox 594 673 735 700; x_wconf 85' lang='lat' dir='ltr'><strong>brachium</strong></span> <span class='ocrx_word' id='word_1_71' title='bbox 759 677 834 701; x_wconf 87' lang='lat' dir='ltr'><strong>tuum</strong></span> <span class='ocrx_word' id='word_1_72' title='bbox 843 692 851 705; x_wconf 89' lang='lat'><strong><em>,</em></strong></span> <span class='ocrx_word' id='word_1_73' title='bbox 867 677 894 700; x_wconf 83' lang='lat' dir='ltr'><strong>et</strong></span> <span class='ocrx_word' id='word_1_74' title='bbox 911 672 1012 699; x_wconf 85' lang='lat' dir='ltr'><strong>illumi-</strong></span> 
     </span>
    </p>
   </div>
   <div class='ocr_carea' id='block_1_13' title="bbox 227 717 469 750">
    <p class='ocr_par' dir='ltr' id='par_1_13' title="bbox 227 717 469 750">
     <span class='ocr_line' id='line_1_13' title="bbox 227 717 469 750; baseline 0.008 -8"><span class='ocrx_word' id='word_1_75' title='bbox 227 717 301 743; x_wconf 85' lang='lat' dir='ltr'><strong>natio</strong></span> <span class='ocrx_word' id='word_1_76' title='bbox 314 717 405 744; x_wconf 85' lang='lat' dir='ltr'><strong>vultus</strong></span> <span class='ocrx_word' id='word_1_77' title='bbox 419 718 469 750; x_wconf 89' lang='lat' dir='ltr'><strong>tui,</strong></span> 
     </span>
    </p>
   </div>
   <div class='ocr_carea' id='block_1_14' title="bbox 262 761 746 798">
    <p class='ocr_par' dir='ltr' id='par_1_14' title="bbox 262 761 746 798">
     <span class='ocr_line' id='line_1_14' title="bbox 262 761 746 798; baseline 0.006 -10"><span class='ocrx_word' id='word_1_78' title='bbox 262 761 288 788; x_wconf 85' lang='lat'><strong>9.</strong></span> <span class='ocrx_word' id='word_1_79' title='bbox 301 762 437 795; x_wconf 83' lang='lat' dir='ltr'><strong>Quoniam</strong></span> <span class='ocrx_word' id='word_1_80' title='bbox 451 763 637 798; x_wconf 88' lang='lat' dir='ltr'><strong>complacuisti</strong></span> <span class='ocrx_word' id='word_1_81' title='bbox 655 763 681 790; x_wconf 93' lang='lat' dir='ltr'><strong>in</strong></span> <span class='ocrx_word' id='word_1_82' title='bbox 695 763 746 791; x_wconf 69' lang='lat' dir='ltr'><strong>eis.</strong></span> 
     </span>
    </p>
   </div>
   <div class='ocr_carea' id='block_1_15' title="bbox 264 806 856 842">
    <p class='ocr_par' dir='ltr' id='par_1_15' title="bbox 264 806 856 842">
     <span class='ocr_line' id='line_1_15' title="bbox 264 806 856 842; baseline 0.003 -9"><span class='ocrx_word' id='word_1_83' title='bbox 264 807 308 834; x_wconf 84' lang='grc'><strong>10.</strong></span> <span class='ocrx_word' id='word_1_84' title='bbox 325 806 365 834; x_wconf 82' lang='grc' dir='ltr'>Τυ</span> <span class='ocrx_word' id='word_1_85' title='bbox 378 814 408 834; x_wconf 87' lang='lat' dir='ltr'><strong>es</strong></span> <span class='ocrx_word' id='word_1_86' title='bbox 422 807 480 842; x_wconf 87' lang='lat' dir='ltr'><strong>ipse</strong></span> <span class='ocrx_word' id='word_1_87' title='bbox 493 815 539 835; x_wconf 78' lang='lat' dir='ltr'><strong>rex</strong></span> <span class='ocrx_word' id='word_1_88' title='bbox 556 815 634 835; x_wconf 85' lang='lat' dir='ltr'><strong>meus</strong></span> <span class='ocrx_word' id='word_1_89' title='bbox 646 812 673 835; x_wconf 85' lang='lat' dir='ltr'><strong>et</strong></span> <span class='ocrx_word' id='word_1_90' title='bbox 687 807 758 835; x_wconf 85' lang='lat' dir='ltr'><strong>Deus</strong></span> <span class='ocrx_word' id='word_1_91' title='bbox 769 815 856 842; x_wconf 80' lang='lat' dir='ltr'><strong>meus,</strong></span> 
     </span>
    </p>
   </div>
   <div class='ocr_carea' id='block_1_16' title="bbox 264 851 722 884">
    <p class='ocr_par' dir='ltr' id='par_1_16' title="bbox 264 851 722 884">
     <span class='ocr_line' id='line_1_16' title="bbox 264 851 722 884; baseline 0.004 -6"><span class='ocrx_word' id='word_1_92' title='bbox 264 851 307 878; x_wconf 85' lang='lat' dir='ltr'><strong>ll.</strong></span> <span class='ocrx_word' id='word_1_93' title='bbox 321 851 372 884; x_wconf 87' lang='lat' dir='ltr'><strong>Qui</strong></span> <span class='ocrx_word' id='word_1_94' title='bbox 385 852 499 879; x_wconf 85' lang='lat' dir='ltr'><strong>mandas</strong></span> <span class='ocrx_word' id='word_1_95' title='bbox 513 852 616 880; x_wconf 80' lang='lat' dir='ltr'><strong>salutes</strong></span> <span class='ocrx_word' id='word_1_96' title='bbox 627 851 722 880; x_wconf 68' lang='lat' dir='ltr'><strong>Iacob.</strong></span> 
     </span>
    </p>
   </div>
   <div class='ocr_carea' id='block_1_17' title="bbox 265 896 975 931">
    <p class='ocr_par' dir='ltr' id='par_1_17' title="bbox 265 896 975 931">
     <span class='ocr_line' id='line_1_17' title="bbox 265 896 975 931; baseline 0.003 -7"><span class='ocrx_word' id='word_1_97' title='bbox 265 897 309 924; x_wconf 72' lang='grc'><strong>12.</strong></span> <span class='ocrx_word' id='word_1_98' title='bbox 326 896 354 924; x_wconf 94' lang='lat' dir='ltr'><strong>In</strong></span> <span class='ocrx_word' id='word_1_99' title='bbox 367 902 392 924; x_wconf 84' lang='lat' dir='ltr'><strong>te</strong></span> <span class='ocrx_word' id='word_1_100' title='bbox 407 897 534 925; x_wconf 89' lang='lat' dir='ltr'><strong>inimicos</strong></span> <span class='ocrx_word' id='word_1_101' title='bbox 549 903 660 925; x_wconf 85' lang='lat' dir='ltr'><strong>nostros</strong></span> <span class='ocrx_word' id='word_1_102' title='bbox 671 898 867 930; x_wconf 82' lang='lat' dir='ltr'><strong>ventilabimus</strong></span> <span class='ocrx_word' id='word_1_103' title='bbox 878 906 975 931; x_wconf 88' lang='lat' dir='ltr'><strong>cornu,</strong></span> 
     </span>
    </p>
   </div>
   <div class='ocr_carea' id='block_1_18' title="bbox 263 937 1013 979">
    <p class='ocr_par' dir='ltr' id='par_1_18' title="bbox 263 937 1013 979">
     <span class='ocr_line' id='line_1_18' title="bbox 263 937 1013 979; baseline 0.003 -10"><span class='ocrx_word' id='word_1_104' title='bbox 263 943 307 969; x_wconf 79' lang='grc'><strong>15.</strong></span> <span class='ocrx_word' id='word_1_105' title='bbox 335 941 369 970; x_wconf 85' lang='lat' dir='ltr'><strong>Et</strong></span> <span class='ocrx_word' id='word_1_106' title='bbox 394 942 420 969; x_wconf 84' lang='lat' dir='ltr'><strong>in</strong></span> <span class='ocrx_word' id='word_1_107' title='bbox 436 937 553 970; x_wconf 75' lang='lat' dir='ltr'><strong>nomine</strong></span> <span class='ocrx_word' id='word_1_108' title='bbox 581 947 627 970; x_wconf 85' lang='lat' dir='ltr'><strong>tuo</strong></span> <span class='ocrx_word' id='word_1_109' title='bbox 652 951 813 978; x_wconf 86' lang='lat' dir='ltr'><strong>spernemus</strong></span> <span class='ocrx_word' id='word_1_110' title='bbox 842 944 1013 979; x_wconf 79' lang='lat' dir='ltr'><strong>insurgentes</strong></span> 
     </span>
    </p>
   </div>
   <div class='ocr_carea' id='block_1_19' title="bbox 228 989 319 1016">
    <p class='ocr_par' dir='ltr' id='par_1_19' title="bbox 228 989 319 1016">
     <span class='ocr_line' id='line_1_19' title="bbox 228 989 319 1016; baseline -0.011 0"><span class='ocrx_word' id='word_1_111' title='bbox 228 989 319 1016; x_wconf 88' lang='lat' dir='ltr'><strong>nobis.</strong></span> 
     </span>
    </p>
   </div>
   <div class='ocr_carea' id='block_1_20' title="bbox 263 1033 802 1070">
    <p class='ocr_par' dir='ltr' id='par_1_20' title="bbox 263 1033 802 1070">
     <span class='ocr_line' id='line_1_20' title="bbox 263 1033 802 1070; baseline 0.002 -9"><span class='ocrx_word' id='word_1_112' title='bbox 263 1033 307 1061; x_wconf 83' lang='grc'><strong>11.</strong></span> <span class='ocrx_word' id='word_1_113' title='bbox 320 1033 379 1061; x_wconf 86' lang='grc' dir='ltr'><strong>Νοη</strong></span> <span class='ocrx_word' id='word_1_114' title='bbox 391 1034 463 1062; x_wconf 87' lang='lat' dir='ltr'><strong>enim</strong></span> <span class='ocrx_word' id='word_1_115' title='bbox 478 1034 505 1062; x_wconf 93' lang='lat' dir='ltr'><strong>in</strong></span> <span class='ocrx_word' id='word_1_116' title='bbox 518 1042 582 1062; x_wconf 88' lang='lat' dir='ltr'><strong>arcu</strong></span> <span class='ocrx_word' id='word_1_117' title='bbox 596 1042 656 1062; x_wconf 89' lang='lat' dir='ltr'><strong>meo</strong></span> <span class='ocrx_word' id='word_1_118' title='bbox 671 1035 802 1070; x_wconf 86' lang='lat' dir='ltr'><strong>sperabo:</strong></span> 
     </span>
    </p>
   </div>
   <div class='ocr_carea' id='block_1_21' title="bbox 264 1078 836 1116">
    <p class='ocr_par' dir='ltr' id='par_1_21' title="bbox 264 1078 836 1116">
     <span class='ocr_line' id='line_1_21' title="bbox 264 1078 836 1116; baseline 0.005 -11"><span class='ocrx_word' id='word_1_119' title='bbox 264 1079 308 1106; x_wconf 78' lang='grc'><strong>15.</strong></span> <span class='ocrx_word' id='word_1_120' title='bbox 321 1078 354 1106; x_wconf 88' lang='grc' dir='ltr'>Ει</span> <span class='ocrx_word' id='word_1_121' title='bbox 369 1079 474 1116; x_wconf 76' lang='lat' dir='ltr'><strong>gladius</strong></span> <span class='ocrx_word' id='word_1_122' title='bbox 488 1087 566 1108; x_wconf 87' lang='lat' dir='ltr'><strong>meus</strong></span> <span class='ocrx_word' id='word_1_123' title='bbox 581 1087 635 1108; x_wconf 90' lang='lat' dir='ltr'><strong>non</strong></span> <span class='ocrx_word' id='word_1_124' title='bbox 652 1081 768 1108; x_wconf 85' lang='lat' dir='ltr'><strong>salvabit</strong></span> <span class='ocrx_word' id='word_1_125' title='bbox 783 1088 836 1108; x_wconf 77' lang='lat' dir='ltr'><strong>me.</strong></span> 
     </span>
    </p>
   </div>
   <div class='ocr_carea' id='block_1_22' title="bbox 650 112 1417 144">
    <p class='ocr_par' dir='ltr' id='par_1_22' title="bbox 650 112 1417 144">
     <span class='ocr_line' id='line_1_22' title="bbox 650 112 1417 144; baseline -0.003 -2"><span class='ocrx_word' id='word_1_126' title='bbox 650 114 678 142; x_wconf 90' lang='lat' dir='ltr'><strong>S.</strong></span> <span class='ocrx_word' id='word_1_127' title='bbox 700 114 885 143; x_wconf 73' lang='lat' dir='ltr'><strong>ATHANASII</strong></span> <span class='ocrx_word' id='word_1_128' title='bbox 903 115 977 143; x_wconf 79' lang='lat' dir='ltr'><strong>OPP.</strong></span> <span class='ocrx_word' id='word_1_129' title='bbox 998 114 1087 143; x_wconf 72' lang='lat' dir='ltr'><strong>PARS</strong></span> <span class='ocrx_word' id='word_1_130' title='bbox 1099 115 1144 144; x_wconf 84' lang='lat' dir='ltr'><strong>lli.</strong></span> <span class='ocrx_word' id='word_1_131' title='bbox 1158 129 1193 135; x_wconf 93' lang='lat'><strong>—</strong></span> <span class='ocrx_word' id='word_1_132' title='bbox 1211 112 1417 141; x_wconf 75' lang='lat' dir='ltr'><strong>EXEGETICA.</strong></span> 
     </span>
    </p>
   </div>
   <div class='ocr_carea' id='block_1_23' title="bbox 1790 111 1850 141">
    <p class='ocr_par' dir='ltr' id='par_1_23' title="bbox 1790 111 1850 141">
     <span class='ocr_line' id='line_1_23' title="bbox 1790 111 1850 141; baseline -0.033 0"><span class='ocrx_word' id='word_1_133' title='bbox 1790 111 1850 141; x_wconf 69' lang='grc' dir='ltr'>εει)</span> 
     </span>
    </p>
   </div>
   <div class='ocr_carea' id='block_1_24' title="bbox 1021 169 1844 204">
    <p class='ocr_par' dir='ltr' id='par_1_24' title="bbox 1021 169 1844 204">
     <span class='ocr_line' id='line_1_24' title="bbox 1021 169 1844 204; baseline 0.002 -7"><span class='ocrx_word' id='word_1_134' title='bbox 1021 173 1044 202; x_wconf 78' lang='grc' dir='ltr'><strong>Α</strong></span> <span class='ocrx_word' id='word_1_135' title='bbox 1059 171 1110 204; x_wconf 75' lang='grc' dir='ltr'><strong>Εἰς</strong></span> <span class='ocrx_word' id='word_1_136' title='bbox 1135 170 1170 197; x_wconf 83' lang='grc' dir='ltr'><strong>τὸ</strong></span> <span class='ocrx_word' id='word_1_137' title='bbox 1203 170 1305 203; x_wconf 78' lang='grc' dir='ltr'>τέλος,</span> <span class='ocrx_word' id='word_1_138' title='bbox 1333 169 1395 202; x_wconf 84' lang='grc' dir='ltr'>τοῖς</span> <span class='ocrx_word' id='word_1_139' title='bbox 1419 169 1494 202; x_wconf 76' lang='grc' dir='ltr'>υἱοῖς</span> <span class='ocrx_word' id='word_1_140' title='bbox 1529 169 1603 204; x_wconf 75' lang='grc' dir='ltr'>Κορὲ</span> <span class='ocrx_word' id='word_1_141' title='bbox 1635 170 1681 203; x_wconf 70' lang='grc' dir='ltr'>εις</span> <span class='ocrx_word' id='word_1_142' title='bbox 1704 170 1844 201; x_wconf 65' lang='grc' dir='ltr'>σύνεσιν.</span> 
     </span>
    </p>
   </div>
   <div class='ocr_carea' id='block_1_25' title="bbox 1367 216 1540 243">
    <p class='ocr_par' dir='ltr' id='par_1_25' title="bbox 1367 216 1540 243">
     <span class='ocr_line' id='line_1_25' title="bbox 1367 216 1540 243; baseline 0.006 -1"><span class='ocrx_word' id='word_1_143' title='bbox 1367 216 1449 243; x_wconf 82' lang='grc' dir='ltr'><strong>ΨΑΛ,</strong></span> <span class='ocrx_word' id='word_1_144' title='bbox 1468 216 1523 243; x_wconf 87' lang='grc' dir='ltr'><strong>ΜΓ</strong></span> <span class='ocrx_word' id='word_1_145' title='bbox 1534 234 1540 243; x_wconf 89' lang='grc'><strong>.</strong></span> 
     </span>
    </p>
   </div>
   <div class='ocr_carea' id='block_1_26' title="bbox 1093 260 1721 297">
    <p class='ocr_par' dir='ltr' id='par_1_26' title="bbox 1093 260 1721 297">
     <span class='ocr_line' id='line_1_26' title="bbox 1093 260 1721 297; baseline 0.002 -10"><span class='ocrx_word' id='word_1_146' title='bbox 1093 261 1119 288; x_wconf 95' lang='grc'><strong>1.</strong></span> <span class='ocrx_word' id='word_1_147' title='bbox 1144 261 1172 287; x_wconf 92' lang='lat'><strong>&#39;0</strong></span> <span class='ocrx_word' id='word_1_148' title='bbox 1186 260 1262 293; x_wconf 79' lang='grc' dir='ltr'>Θεδς,</span> <span class='ocrx_word' id='word_1_149' title='bbox 1280 260 1309 287; x_wconf 91' lang='grc' dir='ltr'><strong>ἐν</strong></span> <span class='ocrx_word' id='word_1_150' title='bbox 1320 261 1375 293; x_wconf 81' lang='grc' dir='ltr'>τοῖς</span> <span class='ocrx_word' id='word_1_151' title='bbox 1390 261 1455 287; x_wconf 78' lang='grc' dir='ltr'>ὠσὶν</span> <span class='ocrx_word' id='word_1_152' title='bbox 1468 261 1545 296; x_wconf 81' lang='grc' dir='ltr'>ἡμῶν</span> <span class='ocrx_word' id='word_1_153' title='bbox 1555 261 1721 297; x_wconf 76' lang='grc' dir='ltr'>ἠκούσαμεν,</span> 
     </span>
    </p>
   </div>
   <div class='ocr_carea' id='block_1_27' title="bbox 1095 306 1650 343">
    <p class='ocr_par' dir='ltr' id='par_1_27' title="bbox 1095 306 1650 343">
     <span class='ocr_line' id='line_1_27' title="bbox 1095 306 1650 343; baseline 0 -9"><span class='ocrx_word' id='word_1_154' title='bbox 1095 307 1121 334; x_wconf 75' lang='lat'><strong>2.</strong></span> <span class='ocrx_word' id='word_1_155' title='bbox 1137 307 1168 334; x_wconf 76' lang='grc' dir='ltr'><strong>Οἱ</strong></span> <span class='ocrx_word' id='word_1_156' title='bbox 1183 307 1299 342; x_wconf 77' lang='grc' dir='ltr'><strong>πατέρες</strong></span> <span class='ocrx_word' id='word_1_157' title='bbox 1313 306 1390 342; x_wconf 79' lang='grc' dir='ltr'>ἡμῶν</span> <span class='ocrx_word' id='word_1_158' title='bbox 1407 307 1570 342; x_wconf 78' lang='grc' dir='ltr'>ἀνήγγειλαν</span> <span class='ocrx_word' id='word_1_159' title='bbox 1585 307 1650 343; x_wconf 82' lang='grc' dir='ltr'>ἡμῖν</span> 
     </span>
    </p>
   </div>
   <div class='ocr_carea' id='block_1_28' title="bbox 1094 352 1847 389">
    <p class='ocr_par' dir='ltr' id='par_1_28' title="bbox 1094 352 1847 389">
     <span class='ocr_line' id='line_1_28' title="bbox 1094 352 1847 389; baseline 0.001 -9"><span class='ocrx_word' id='word_1_160' title='bbox 1094 354 1121 380; x_wconf 93' lang='lat'><strong>5.</strong></span> <span class='ocrx_word' id='word_1_161' title='bbox 1139 353 1250 389; x_wconf 80' lang='grc' dir='ltr'><strong>Ἔργον,</strong></span> <span class='ocrx_word' id='word_1_162' title='bbox 1263 352 1406 388; x_wconf 82' lang='grc' dir='ltr'>ὃείργάσω</span> <span class='ocrx_word' id='word_1_163' title='bbox 1421 353 1449 379; x_wconf 87' lang='grc' dir='ltr'><strong>ἐν</strong></span> <span class='ocrx_word' id='word_1_164' title='bbox 1471 354 1532 385; x_wconf 80' lang='grc' dir='ltr'>ταῖς</span> <span class='ocrx_word' id='word_1_165' title='bbox 1553 353 1670 389; x_wconf 78' lang='grc' dir='ltr'><strong>ἡμέραις</strong></span> <span class='ocrx_word' id='word_1_166' title='bbox 1688 354 1794 386; x_wconf 74' lang='grc' dir='ltr'>αὐτῶν.</span> <span class='ocrx_word' id='word_1_167' title='bbox 1817 355 1847 381; x_wconf 84' lang='grc' dir='ltr'><strong>ἐν</strong></span> 
     </span>
    </p>
   </div>
   <div class='ocr_carea' id='block_1_29' title="bbox 1061 398 1330 435">
    <p class='ocr_par' dir='ltr' id='par_1_29' title="bbox 1061 398 1330 435">
     <span class='ocr_line' id='line_1_29' title="bbox 1061 398 1330 435; baseline 0.004 -11"><span class='ocrx_word' id='word_1_168' title='bbox 1061 399 1178 435; x_wconf 76' lang='grc' dir='ltr'><strong>ἡμέραις</strong></span> <span class='ocrx_word' id='word_1_169' title='bbox 1193 398 1330 435; x_wconf 75' lang='grc' dir='ltr'><strong>ἀρχαίαις.</strong></span> 
     </span>
    </p>
   </div>
   <div class='ocr_carea' id='block_1_30' title="bbox 1096 444 1849 480">
    <p class='ocr_par' dir='ltr' id='par_1_30' title="bbox 1096 444 1849 480">
     <span class='ocr_line' id='line_1_30' title="bbox 1096 444 1849 480; baseline 0 -9"><span class='ocrx_word' id='word_1_170' title='bbox 1096 445 1122 471; x_wconf 79' lang='grc'><strong>4.</strong></span> <span class='ocrx_word' id='word_1_171' title='bbox 1138 446 1171 472; x_wconf 85' lang='lat' dir='ltr'><strong>&#39;H</strong></span> <span class='ocrx_word' id='word_1_172' title='bbox 1183 445 1243 480; x_wconf 86' lang='grc' dir='ltr'>χείρ</span> <span class='ocrx_word' id='word_1_173' title='bbox 1255 453 1302 472; x_wconf 87' lang='grc' dir='ltr'><strong>σου</strong></span> <span class='ocrx_word' id='word_1_174' title='bbox 1311 444 1375 480; x_wconf 75' lang='grc' dir='ltr'>ἔθνη</span> <span class='ocrx_word' id='word_1_175' title='bbox 1389 444 1580 480; x_wconf 78' lang='grc' dir='ltr'>ἐξωλόθρευσε,</span> <span class='ocrx_word' id='word_1_176' title='bbox 1589 444 1636 471; x_wconf 75' lang='grc' dir='ltr'>καὶ</span> <span class='ocrx_word' id='word_1_177' title='bbox 1645 444 1849 479; x_wconf 74' lang='grc' dir='ltr'>κατεφύτευσας</span> 
     </span>
    </p>
   </div>
   <div class='ocr_carea' id='block_1_31' title="bbox 1060 488 1168 521">
    <p class='ocr_par' dir='ltr' id='par_1_31' title="bbox 1060 488 1168 521">
     <span class='ocr_line' id='line_1_31' title="bbox 1060 488 1168 521; baseline -0.009 -5"><span class='ocrx_word' id='word_1_178' title='bbox 1060 488 1168 521; x_wconf 80' lang='grc' dir='ltr'>αὐτούς’</span> 
     </span>
    </p>
   </div>
   <div class='ocr_carea' id='block_1_32' title="bbox 1095 535 1723 569">
    <p class='ocr_par' dir='ltr' id='par_1_32' title="bbox 1095 535 1723 569">
     <span class='ocr_line' id='line_1_32' title="bbox 1095 535 1723 569; baseline 0.002 -7"><span class='ocrx_word' id='word_1_179' title='bbox 1095 535 1121 562; x_wconf 84' lang='grc'><strong>5.</strong></span> <span class='ocrx_word' id='word_1_180' title='bbox 1145 535 1304 567; x_wconf 83' lang='grc' dir='ltr'>Ἐκάκωσας</span> <span class='ocrx_word' id='word_1_181' title='bbox 1314 535 1404 567; x_wconf 82' lang='grc' dir='ltr'>λαοὺς,</span> <span class='ocrx_word' id='word_1_182' title='bbox 1421 536 1468 562; x_wconf 77' lang='grc' dir='ltr'>καὶ</span> <span class='ocrx_word' id='word_1_183' title='bbox 1478 535 1601 569; x_wconf 81' lang='grc' dir='ltr'>ἐξέϐαλες</span> <span class='ocrx_word' id='word_1_184' title='bbox 1615 536 1723 568; x_wconf 83' lang='grc' dir='ltr'>αὐτούς.</span> 
     </span>
    </p>
   </div>
   <div class='ocr_carea' id='block_1_33' title="bbox 1097 581 1850 618">
    <p class='ocr_par' dir='ltr' id='par_1_33' title="bbox 1097 581 1850 618">
     <span class='ocr_line' id='line_1_33' title="bbox 1097 581 1850 618; baseline 0.001 -10"><span class='ocrx_word' id='word_1_185' title='bbox 1097 581 1124 608; x_wconf 87' lang='lat'><strong>6.</strong></span> <span class='ocrx_word' id='word_1_186' title='bbox 1136 582 1173 608; x_wconf 80' lang='grc' dir='ltr'><strong>Οὐ</strong></span> <span class='ocrx_word' id='word_1_187' title='bbox 1181 581 1235 617; x_wconf 85' lang='grc' dir='ltr'>γὰρ</span> <span class='ocrx_word' id='word_1_188' title='bbox 1244 583 1272 608; x_wconf 84' lang='grc' dir='ltr'><strong>ἐν</strong></span> <span class='ocrx_word' id='word_1_189' title='bbox 1280 583 1312 617; x_wconf 80' lang='grc' dir='ltr'><strong>τῇ</strong></span> <span class='ocrx_word' id='word_1_190' title='bbox 1323 582 1443 617; x_wconf 76' lang='grc' dir='ltr'><strong>ῥομφαίᾳ</strong></span> <span class='ocrx_word' id='word_1_191' title='bbox 1455 582 1543 609; x_wconf 83' lang='grc' dir='ltr'>αὐτῶν</span> <span class='ocrx_word' id='word_1_192' title='bbox 1556 583 1777 618; x_wconf 82' lang='grc' dir='ltr'>ἐκληρονόμησαν</span> <span class='ocrx_word' id='word_1_193' title='bbox 1786 583 1850 618; x_wconf 60' lang='grc' dir='ltr'><strong>γῆν</strong></span> 
     </span>
    </p>
   </div>
   <div class='ocr_carea' id='block_1_34' title="bbox 1101 627 1768 663">
    <p class='ocr_par' dir='ltr' id='par_1_34' title="bbox 1101 627 1768 663">
     <span class='ocr_line' id='line_1_34' title="bbox 1101 627 1768 663; baseline 0.003 -10"><span class='ocrx_word' id='word_1_194' title='bbox 1101 627 1126 653; x_wconf 91' lang='grc'><strong>7.</strong></span> <span class='ocrx_word' id='word_1_195' title='bbox 1139 627 1193 654; x_wconf 70' lang='grc' dir='ltr'><strong>Καὶ</strong></span> <span class='ocrx_word' id='word_1_196' title='bbox 1207 627 1222 653; x_wconf 77' lang='grc' dir='ltr'><strong>ὁ</strong></span> <span class='ocrx_word' id='word_1_197' title='bbox 1236 628 1356 663; x_wconf 80' lang='grc' dir='ltr'><strong>βραχίων</strong></span> <span class='ocrx_word' id='word_1_198' title='bbox 1369 628 1457 655; x_wconf 82' lang='grc' dir='ltr'>αὐτῶν</span> <span class='ocrx_word' id='word_1_199' title='bbox 1473 629 1522 654; x_wconf 83' lang='grc' dir='ltr'>οὑκ</span> <span class='ocrx_word' id='word_1_200' title='bbox 1537 629 1636 655; x_wconf 74' lang='grc' dir='ltr'>ἔσωσεν</span> <span class='ocrx_word' id='word_1_201' title='bbox 1652 629 1751 660; x_wconf 83' lang='grc' dir='ltr'>αὐτούς</span> <span class='ocrx_word' id='word_1_202' title='bbox 1761 637 1768 644; x_wconf 94' lang='grc'><strong>·</strong></span> 
     </span>
    </p>
   </div>
   <div class='ocr_carea' id='block_1_35' title="bbox 1099 673 1856 710">
    <p class='ocr_par' dir='ltr' id='par_1_35' title="bbox 1099 673 1856 710">
     <span class='ocr_line' id='line_1_35' title="bbox 1099 673 1856 710; baseline 0.003 -11"><span class='ocrx_word' id='word_1_203' title='bbox 1099 673 1127 700; x_wconf 89' lang='grc'><strong>8.</strong></span> <span class='ocrx_word' id='word_1_204' title='bbox 1150 673 1220 699; x_wconf 84' lang='grc' dir='ltr'>Ἀλλ’</span> <span class='ocrx_word' id='word_1_205' title='bbox 1234 675 1250 709; x_wconf 85' lang='grc' dir='ltr'>ὴ</span> <span class='ocrx_word' id='word_1_206' title='bbox 1264 673 1340 707; x_wconf 81' lang='grc' dir='ltr'>δεξιά</span> <span class='ocrx_word' id='word_1_207' title='bbox 1353 682 1412 707; x_wconf 81' lang='grc' dir='ltr'>σου,</span> <span class='ocrx_word' id='word_1_208' title='bbox 1423 674 1470 700; x_wconf 77' lang='grc' dir='ltr'>καὶ</span> <span class='ocrx_word' id='word_1_209' title='bbox 1484 675 1498 700; x_wconf 81' lang='grc' dir='ltr'>ὁ</span> <span class='ocrx_word' id='word_1_210' title='bbox 1512 674 1630 710; x_wconf 81' lang='grc' dir='ltr'><strong>βραχίων</strong></span> <span class='ocrx_word' id='word_1_211' title='bbox 1645 683 1702 706; x_wconf 82' lang='grc' dir='ltr'>σου,</span> <span class='ocrx_word' id='word_1_212' title='bbox 1714 675 1762 701; x_wconf 73' lang='grc' dir='ltr'>καὶ</span> <span class='ocrx_word' id='word_1_213' title='bbox 1773 675 1788 702; x_wconf 82' lang='grc' dir='ltr'><strong>ὁ</strong></span> <span class='ocrx_word' id='word_1_214' title='bbox 1800 683 1856 709; x_wconf 84' lang='grc' dir='ltr'><strong>φω-</strong></span> 
     </span>
    </p>
   </div>
   <div class='ocr_carea' id='block_1_36' title="bbox 1062 717 1452 752">
    <p class='ocr_par' dir='ltr' id='par_1_36' title="bbox 1062 717 1452 752">
     <span class='ocr_line' id='line_1_36' title="bbox 1062 717 1452 752; baseline 0.003 -9"><span class='ocrx_word' id='word_1_215' title='bbox 1062 717 1159 752; x_wconf 77' lang='grc' dir='ltr'>τισμὸς</span> <span class='ocrx_word' id='word_1_216' title='bbox 1173 717 1219 744; x_wconf 86' lang='grc' dir='ltr'><strong>τοῦ</strong></span> <span class='ocrx_word' id='word_1_217' title='bbox 1235 718 1381 752; x_wconf 78' lang='grc' dir='ltr'><strong>προσώπου</strong></span> <span class='ocrx_word' id='word_1_218' title='bbox 1395 726 1452 750; x_wconf 86' lang='grc' dir='ltr'>σου,</span> 
     </span>
    </p>
   </div>
   <div class='ocr_carea' id='block_1_37' title="bbox 1099 763 1531 798">
    <p class='ocr_par' dir='ltr' id='par_1_37' title="bbox 1099 763 1531 798">
     <span class='ocr_line' id='line_1_37' title="bbox 1099 763 1531 798; baseline 0.002 -9"><span class='ocrx_word' id='word_1_219' title='bbox 1099 763 1125 790; x_wconf 90' lang='grc'><strong>9.</strong></span> <span class='ocrx_word' id='word_1_220' title='bbox 1145 763 1206 789; x_wconf 88' lang='grc' dir='ltr'><strong>Ὂτι</strong></span> <span class='ocrx_word' id='word_1_221' title='bbox 1219 763 1368 798; x_wconf 81' lang='grc' dir='ltr'>εὐδόκησας</span> <span class='ocrx_word' id='word_1_222' title='bbox 1387 765 1416 790; x_wconf 87' lang='grc' dir='ltr'><strong>ἐν</strong></span> <span class='ocrx_word' id='word_1_223' title='bbox 1430 764 1531 796; x_wconf 80' lang='grc' dir='ltr'>αὐτοῖς.</span> 
     </span>
    </p>
   </div>
   <div class='ocr_carea' id='block_1_38' title="bbox 1102 807 1818 846">
    <p class='ocr_par' dir='ltr' id='par_1_38' title="bbox 1102 807 1818 846">
     <span class='ocr_line' id='line_1_38' title="bbox 1102 807 1818 846; baseline 0.001 -11"><span class='ocrx_word' id='word_1_224' title='bbox 1102 809 1145 836; x_wconf 82' lang='grc'><strong>10.</strong></span> <span class='ocrx_word' id='word_1_225' title='bbox 1161 809 1197 835; x_wconf 86' lang='grc' dir='ltr'><strong>Σὺ</strong></span> <span class='ocrx_word' id='word_1_226' title='bbox 1215 807 1240 835; x_wconf 66' lang='grc' dir='ltr'>εἴ</span> <span class='ocrx_word' id='word_1_227' title='bbox 1254 809 1335 841; x_wconf 80' lang='grc' dir='ltr'>αὐτὸς</span> <span class='ocrx_word' id='word_1_228' title='bbox 1349 811 1364 836; x_wconf 83' lang='grc' dir='ltr'>ὁ</span> <span class='ocrx_word' id='word_1_229' title='bbox 1377 809 1503 844; x_wconf 73' lang='grc' dir='ltr'>βασιλεύς</span> <span class='ocrx_word' id='word_1_230' title='bbox 1517 819 1568 846; x_wconf 90' lang='grc' dir='ltr'><strong>μου</strong></span> <span class='ocrx_word' id='word_1_231' title='bbox 1580 809 1628 837; x_wconf 71' lang='grc' dir='ltr'>καὶ</span> <span class='ocrx_word' id='word_1_232' title='bbox 1641 810 1655 836; x_wconf 82' lang='grc' dir='ltr'><strong>ὁ</strong></span> <span class='ocrx_word' id='word_1_233' title='bbox 1667 810 1738 845; x_wconf 64' lang='grc' dir='ltr'>,Θεός</span> <span class='ocrx_word' id='word_1_234' title='bbox 1754 818 1818 844; x_wconf 86' lang='grc' dir='ltr'>μου,</span> 
     </span>
    </p>
   </div>
   <div class='ocr_carea' id='block_1_39' title="bbox 1025 852 1741 891">
    <p class='ocr_par' dir='ltr' id='par_1_39' title="bbox 1025 852 1741 891">
     <span class='ocr_line' id='line_1_39' title="bbox 1025 852 1741 891; baseline 0 -10"><span class='ocrx_word' id='word_1_235' title='bbox 1025 852 1048 881; x_wconf 85' lang='grc' dir='ltr'><strong><em>Β</em></strong></span> <span class='ocrx_word' id='word_1_236' title='bbox 1104 855 1147 882; x_wconf 93' lang='grc'><strong>11.</strong></span> <span class='ocrx_word' id='word_1_237' title='bbox 1167 855 1196 881; x_wconf 90' lang='grc' dir='ltr'><strong>Ὀ</strong></span> <span class='ocrx_word' id='word_1_238' title='bbox 1210 855 1398 890; x_wconf 74' lang='grc' dir='ltr'><strong>ἐντελλόμενος</strong></span> <span class='ocrx_word' id='word_1_239' title='bbox 1413 855 1463 887; x_wconf 83' lang='grc' dir='ltr'>τὰς</span> <span class='ocrx_word' id='word_1_240' title='bbox 1480 855 1615 891; x_wconf 83' lang='grc' dir='ltr'><strong>σωτηρίας</strong></span> <span class='ocrx_word' id='word_1_241' title='bbox 1634 855 1741 882; x_wconf 82' lang='grc' dir='ltr'>Ἰακώϐ.</span> 
     </span>
    </p>
   </div>
   <div class='ocr_carea' id='block_1_40' title="bbox 1101 900 1770 937">
    <p class='ocr_par' dir='ltr' id='par_1_40' title="bbox 1101 900 1770 937">
     <span class='ocr_line' id='line_1_40' title="bbox 1101 900 1770 937; baseline 0 -10"><span class='ocrx_word' id='word_1_242' title='bbox 1101 900 1145 927; x_wconf 68' lang='lat'><strong>12.</strong></span> <span class='ocrx_word' id='word_1_243' title='bbox 1167 900 1212 927; x_wconf 86' lang='grc' dir='ltr'><strong>Ἐν</strong></span> <span class='ocrx_word' id='word_1_244' title='bbox 1227 901 1268 927; x_wconf 71' lang='grc' dir='ltr'><strong>σοι</strong></span> <span class='ocrx_word' id='word_1_245' title='bbox 1281 901 1343 933; x_wconf 82' lang='grc' dir='ltr'>τοὺς</span> <span class='ocrx_word' id='word_1_246' title='bbox 1358 901 1472 937; x_wconf 74' lang='grc' dir='ltr'>ἐχθροὺς</span> <span class='ocrx_word' id='word_1_247' title='bbox 1486 902 1563 937; x_wconf 79' lang='grc' dir='ltr'>ἡμῶν</span> <span class='ocrx_word' id='word_1_248' title='bbox 1577 901 1770 936; x_wconf 77' lang='grc' dir='ltr'>κερατιοῦμεν,</span> 
     </span>
    </p>
   </div>
   <div class='ocr_carea' id='block_1_41' title="bbox 1103 946 1859 983">
    <p class='ocr_par' dir='ltr' id='par_1_41' title="bbox 1103 946 1859 983">
     <span class='ocr_line' id='line_1_41' title="bbox 1103 946 1859 983; baseline 0.003 -11"><span class='ocrx_word' id='word_1_249' title='bbox 1103 947 1145 973; x_wconf 72' lang='grc'><strong>15.</strong></span> <span class='ocrx_word' id='word_1_250' title='bbox 1165 946 1219 972; x_wconf 76' lang='grc' dir='ltr'>Καὶ</span> <span class='ocrx_word' id='word_1_251' title='bbox 1239 948 1269 973; x_wconf 85' lang='grc' dir='ltr'><strong>ἐν</strong></span> <span class='ocrx_word' id='word_1_252' title='bbox 1294 946 1333 982; x_wconf 85' lang='grc' dir='ltr'>τῷ</span> <span class='ocrx_word' id='word_1_253' title='bbox 1359 947 1470 983; x_wconf 84' lang='grc' dir='ltr'>ὀνόματί</span> <span class='ocrx_word' id='word_1_254' title='bbox 1488 956 1534 974; x_wconf 74' lang='grc' dir='ltr'><strong>σου</strong></span> <span class='ocrx_word' id='word_1_255' title='bbox 1557 946 1770 983; x_wconf 78' lang='grc' dir='ltr'>ὲξουδενώσομεν</span> <span class='ocrx_word' id='word_1_256' title='bbox 1790 947 1859 978; x_wconf 66' lang='grc' dir='ltr'>τοὺς</span> 
     </span>
    </p>
   </div>
   <div class='ocr_carea' id='block_1_42' title="bbox 1066 993 1387 1028">
    <p class='ocr_par' dir='ltr' id='par_1_42' title="bbox 1066 993 1387 1028">
     <span class='ocr_line' id='line_1_42' title="bbox 1066 993 1387 1028; baseline 0 -7"><span class='ocrx_word' id='word_1_257' title='bbox 1066 993 1298 1028; x_wconf 69' lang='grc' dir='ltr'><strong>ἐπανισταμένους</strong></span> <span class='ocrx_word' id='word_1_258' title='bbox 1313 994 1387 1028; x_wconf 82' lang='grc' dir='ltr'>ἡμῖν.</span> 
     </span>
    </p>
   </div>
   <div class='ocr_carea' id='block_1_43' title="bbox 1102 1038 1656 1074">
    <p class='ocr_par' dir='ltr' id='par_1_43' title="bbox 1102 1038 1656 1074">
     <span class='ocr_line' id='line_1_43' title="bbox 1102 1038 1656 1074; baseline 0 -10"><span class='ocrx_word' id='word_1_259' title='bbox 1102 1038 1146 1065; x_wconf 75' lang='grc'><strong>14.</strong></span> <span class='ocrx_word' id='word_1_260' title='bbox 1162 1039 1199 1064; x_wconf 82' lang='grc' dir='ltr'><strong>Οὐ</strong></span> <span class='ocrx_word' id='word_1_261' title='bbox 1214 1038 1268 1074; x_wconf 82' lang='grc' dir='ltr'><strong>γὰρ</strong></span> <span class='ocrx_word' id='word_1_262' title='bbox 1287 1038 1333 1065; x_wconf 78' lang='grc' dir='ltr'>ἐπὶ</span> <span class='ocrx_word' id='word_1_263' title='bbox 1347 1038 1387 1074; x_wconf 81' lang='grc' dir='ltr'><strong>τῷ</strong></span> <span class='ocrx_word' id='word_1_264' title='bbox 1400 1038 1470 1074; x_wconf 80' lang='grc' dir='ltr'><strong>τόξῳ</strong></span> <span class='ocrx_word' id='word_1_265' title='bbox 1485 1048 1534 1074; x_wconf 88' lang='grc' dir='ltr'><strong>μου</strong></span> <span class='ocrx_word' id='word_1_266' title='bbox 1555 1038 1639 1065; x_wconf 83' lang='grc' dir='ltr'>ἐλπιῶ</span> <span class='ocrx_word' id='word_1_267' title='bbox 1649 1046 1656 1054; x_wconf 80' lang='lat'>&#39;</span> 
     </span>
    </p>
   </div>
   <div class='ocr_carea' id='block_1_44' title="bbox 1099 1083 1658 1124">
    <p class='ocr_par' dir='ltr' id='par_1_44' title="bbox 1099 1083 1658 1124">
     <span class='ocr_line' id='line_1_44' title="bbox 1099 1083 1658 1124; baseline 0 -13"><span class='ocrx_word' id='word_1_268' title='bbox 1099 1084 1143 1111; x_wconf 75' lang='grc'><strong>15.</strong></span> <span class='ocrx_word' id='word_1_269' title='bbox 1159 1085 1244 1120; x_wconf 78' lang='grc' dir='ltr'><strong>Καὶή</strong></span> <span class='ocrx_word' id='word_1_270' title='bbox 1261 1084 1386 1121; x_wconf 78' lang='grc' dir='ltr'>ῥομφαία</span> <span class='ocrx_word' id='word_1_271' title='bbox 1404 1085 1498 1124; x_wconf 51' lang='grc' dir='ltr'>μου.οὒ</span> <span class='ocrx_word' id='word_1_272' title='bbox 1515 1083 1597 1111; x_wconf 84' lang='grc' dir='ltr'><strong>σώσει</strong></span> <span class='ocrx_word' id='word_1_273' title='bbox 1614 1092 1658 1119; x_wconf 86' lang='grc' dir='ltr'>με.</span> 
     </span>
    </p>
   </div>
   <div class='ocr_carea' id='block_1_45' title="bbox 786 1148 1294 1179">
    <p class='ocr_par' dir='ltr' id='par_1_45' title="bbox 786 1148 1294 1179">
     <span class='ocr_line' id='line_1_45' title="bbox 786 1148 1294 1179; baseline 0.006 -4"><span class='ocrx_word' id='word_1_274' title='bbox 786 1148 973 1177; x_wconf 72' lang='lat' dir='ltr'><strong>ATHANASII</strong></span> <span class='ocrx_word' id='word_1_275' title='bbox 991 1149 1294 1179; x_wconf 76' lang='lat' dir='ltr'><strong>INTERPRETATIO.</strong></span> 
     </span>
    </p>
   </div>
   <div class='ocr_carea' id='block_1_46' title="bbox 267 1194 1858 1242">
    <p class='ocr_par' dir='ltr' id='par_1_46' title="bbox 267 1194 1858 1242">
     <span class='ocr_line' id='line_1_46' title="bbox 267 1194 1858 1242; baseline -0.001 -10"><span class='ocrx_word' id='word_1_276' title='bbox 267 1204 303 1231; x_wconf 83' lang='grc' dir='ltr'><strong>Ἠ</strong></span> <span class='ocrx_word' id='word_1_277' title='bbox 317 1206 486 1241; x_wconf 77' lang='grc' dir='ltr'>προκειμένη</span> <span class='ocrx_word' id='word_1_278' title='bbox 508 1206 647 1241; x_wconf 75' lang='grc' dir='ltr'>ἐπιγραφὴ</span> <span class='ocrx_word' id='word_1_279' title='bbox 660 1206 780 1242; x_wconf 82' lang='grc' dir='ltr'>περιέχει</span> <span class='ocrx_word' id='word_1_280' title='bbox 791 1206 840 1242; x_wconf 89' lang='grc'><strong>(1)·</strong></span> <span class='ocrx_word' id='word_1_281' title='bbox 852 1207 904 1239; x_wconf 79' lang='grc' dir='ltr'><strong>Εις</strong></span> <span class='ocrx_word' id='word_1_282' title='bbox 918 1207 952 1233; x_wconf 85' lang='grc' dir='ltr'><strong>τὸ</strong></span> <span class='ocrx_word' id='word_1_283' title='bbox 968 1207 1066 1240; x_wconf 78' lang='grc' dir='ltr'>τέλος,</span> <span class='ocrx_word' id='word_1_284' title='bbox 1082 1207 1145 1239; x_wconf 85' lang='grc' dir='ltr'>τοῖς</span> <span class='ocrx_word' id='word_1_285' title='bbox 1158 1207 1236 1240; x_wconf 75' lang='grc' dir='ltr'>υἱοῖς</span> <span class='ocrx_word' id='word_1_286' title='bbox 1250 1206 1326 1241; x_wconf 82' lang='grc' dir='ltr'>Κορέ</span> <span class='ocrx_word' id='word_1_287' title='bbox 1337 1207 1381 1239; x_wconf 81' lang='grc' dir='ltr'><strong>είς</strong></span> <span class='ocrx_word' id='word_1_288' title='bbox 1395 1207 1524 1234; x_wconf 80' lang='grc' dir='ltr'>σύνεσιν</span> <span class='ocrx_word' id='word_1_289' title='bbox 1536 1205 1583 1241; x_wconf 84' lang='grc' dir='ltr'>(α)·</span> <span class='ocrx_word' id='word_1_290' title='bbox 1602 1205 1649 1232; x_wconf 72' lang='grc' dir='ltr'>καὶ</span> <span class='ocrx_word' id='word_1_291' title='bbox 1662 1194 1762 1241; x_wconf 76' lang='grc' dir='ltr'>ἑτέρως</span> <span class='ocrx_word' id='word_1_292' title='bbox 1773 1205 1806 1240; x_wconf 80' lang='grc' dir='ltr'><strong>δὴ</strong></span> <span class='ocrx_word' id='word_1_293' title='bbox 1819 1205 1858 1241; x_wconf 74' lang='grc' dir='ltr'><strong>(Ξ)</strong></span> 
     </span>
    </p>
   </div>
   <div class='ocr_carea' id='block_1_47' title="bbox 227 1251 1857 1288">
    <p class='ocr_par' dir='ltr' id='par_1_47' title="bbox 227 1251 1857 1288">
     <span class='ocr_line' id='line_1_47' title="bbox 227 1251 1857 1288; baseline 0 -10"><span class='ocrx_word' id='word_1_294' title='bbox 227 1251 279 1286; x_wconf 75' lang='grc' dir='ltr'><strong>τὴν</strong></span> <span class='ocrx_word' id='word_1_295' title='bbox 289 1251 374 1287; x_wconf 79' lang='grc' dir='ltr'>αὐτὴν</span> <span class='ocrx_word' id='word_1_296' title='bbox 396 1252 543 1288; x_wconf 78' lang='grc' dir='ltr'>ἑρμηνείαν</span> <span class='ocrx_word' id='word_1_297' title='bbox 556 1253 678 1288; x_wconf 70' lang='grc' dir='ltr'>εἴπομεν·</span> <span class='ocrx_word' id='word_1_298' title='bbox 691 1253 764 1287; x_wconf 83' lang='grc' dir='ltr'>λέγει</span> <span class='ocrx_word' id='word_1_299' title='bbox 775 1253 838 1288; x_wconf 84' lang='grc' dir='ltr'>γάρ·</span> <span class='ocrx_word' id='word_1_300' title='bbox 858 1254 910 1286; x_wconf 80' lang='grc' dir='ltr'><strong>Εὶς</strong></span> <span class='ocrx_word' id='word_1_301' title='bbox 924 1253 957 1280; x_wconf 81' lang='grc' dir='ltr'><strong>τὸ</strong></span> <span class='ocrx_word' id='word_1_302' title='bbox 972 1253 1071 1288; x_wconf 74' lang='grc' dir='ltr'>τέλος,</span> <span class='ocrx_word' id='word_1_303' title='bbox 1091 1254 1153 1287; x_wconf 82' lang='grc' dir='ltr'>τοῖς</span> <span class='ocrx_word' id='word_1_304' title='bbox 1165 1253 1243 1286; x_wconf 73' lang='grc' dir='ltr'>υἱοῖς</span> <span class='ocrx_word' id='word_1_305' title='bbox 1255 1253 1331 1288; x_wconf 79' lang='grc' dir='ltr'>Κορὲ</span> <span class='ocrx_word' id='word_1_306' title='bbox 1348 1255 1391 1286; x_wconf 77' lang='grc' dir='ltr'>εἰς</span> <span class='ocrx_word' id='word_1_307' title='bbox 1404 1254 1541 1280; x_wconf 79' lang='grc' dir='ltr'>σύνεσιν.</span> <span class='ocrx_word' id='word_1_308' title='bbox 1560 1253 1597 1279; x_wconf 81' lang='grc' dir='ltr'><strong>Τὸ</strong></span> <span class='ocrx_word' id='word_1_309' title='bbox 1625 1253 1654 1279; x_wconf 86' lang='grc' dir='ltr'>δὲ</span> <span class='ocrx_word' id='word_1_310' title='bbox 1677 1253 1750 1288; x_wconf 82' lang='grc' dir='ltr'>Κορέ</span> <span class='ocrx_word' id='word_1_311' title='bbox 1769 1253 1857 1287; x_wconf 82' lang='grc' dir='ltr'>ἑρμη-</span> 
     </span>
    </p>
   </div>
   <div class='ocr_carea' id='block_1_48' title="bbox 228 1297 1856 1337">
    <p class='ocr_par' dir='ltr' id='par_1_48' title="bbox 228 1297 1856 1337">
     <span class='ocr_line' id='line_1_48' title="bbox 228 1297 1856 1337; baseline 0 -11"><span class='ocrx_word' id='word_1_312' title='bbox 228 1298 336 1326; x_wconf 74' lang='grc' dir='ltr'>νεύεται</span> <span class='ocrx_word' id='word_1_313' title='bbox 354 1300 507 1334; x_wconf 63' lang='grc' dir='ltr'>φαλακρός</span> <span class='ocrx_word' id='word_1_314' title='bbox 519 1300 568 1335; x_wconf 90' lang='lat'><strong>(5).</strong></span> <span class='ocrx_word' id='word_1_315' title='bbox 583 1301 645 1332; x_wconf 80' lang='grc' dir='ltr'>Τοῖς</span> <span class='ocrx_word' id='word_1_316' title='bbox 667 1297 712 1326; x_wconf 79' lang='grc' dir='ltr'>οὖν</span> <span class='ocrx_word' id='word_1_317' title='bbox 727 1300 829 1336; x_wconf 77' lang='grc' dir='ltr'>γυμνὸν</span> <span class='ocrx_word' id='word_1_318' title='bbox 841 1300 932 1335; x_wconf 82' lang='grc' dir='ltr'>ἔχουσι</span> <span class='ocrx_word' id='word_1_319' title='bbox 944 1300 974 1327; x_wconf 82' lang='grc' dir='ltr'><strong>τὸ</strong></span> <span class='ocrx_word' id='word_1_320' title='bbox 987 1301 1149 1337; x_wconf 73' lang='grc' dir='ltr'>ἡγεμονικὸν</span> <span class='ocrx_word' id='word_1_321' title='bbox 1164 1302 1214 1337; x_wconf 76' lang='grc' dir='ltr'><strong>τῆς</strong></span> <span class='ocrx_word' id='word_1_322' title='bbox 1240 1300 1353 1336; x_wconf 82' lang='grc' dir='ltr'>καρδίας</span> <span class='ocrx_word' id='word_1_323' title='bbox 1369 1300 1424 1328; x_wconf 66' lang='grc' dir='ltr'><strong>ἀπὸ</strong></span> <span class='ocrx_word' id='word_1_324' title='bbox 1447 1300 1534 1336; x_wconf 73' lang='grc' dir='ltr'>ἔργων</span> <span class='ocrx_word' id='word_1_325' title='bbox 1551 1299 1601 1334; x_wconf 61' lang='grc'><strong>(4),</strong></span> <span class='ocrx_word' id='word_1_326' title='bbox 1617 1299 1663 1325; x_wconf 74' lang='grc' dir='ltr'>ἐπὶ</span> <span class='ocrx_word' id='word_1_327' title='bbox 1683 1298 1753 1325; x_wconf 76' lang='grc' dir='ltr'>τέλει</span> <span class='ocrx_word' id='word_1_328' title='bbox 1772 1299 1801 1325; x_wconf 77' lang='grc' dir='ltr'><strong>δὲ</strong></span> <span class='ocrx_word' id='word_1_329' title='bbox 1814 1300 1856 1331; x_wconf 83' lang='grc' dir='ltr'><strong>είς</strong></span> 
     </span>
    </p>
   </div>
   <div class='ocr_carea' id='block_1_49' title="bbox 231 1342 869 1382">
    <p class='ocr_par' dir='ltr' id='par_1_49' title="bbox 231 1342 869 1382">
     <span class='ocr_line' id='line_1_49' title="bbox 231 1342 869 1382; baseline 0.006 -12"><span class='ocrx_word' id='word_1_330' title='bbox 231 1343 339 1371; x_wconf 78' lang='grc' dir='ltr'>σύνεσιν</span> <span class='ocrx_word' id='word_1_331' title='bbox 353 1345 508 1381; x_wconf 75' lang='grc' dir='ltr'>ἐρχομένων</span> <span class='ocrx_word' id='word_1_332' title='bbox 522 1347 536 1373; x_wconf 88' lang='grc' dir='ltr'>ὁ</span> <span class='ocrx_word' id='word_1_333' title='bbox 546 1345 652 1382; x_wconf 78' lang='grc' dir='ltr'>ψαλμὺς</span> <span class='ocrx_word' id='word_1_334' title='bbox 661 1342 739 1377; x_wconf 74' lang='grc' dir='ltr'>οὗτος</span> <span class='ocrx_word' id='word_1_335' title='bbox 752 1346 869 1381; x_wconf 75' lang='grc' dir='ltr'>εἴρηται.</span> 
     </span>
    </p>
   </div>
   <div class='ocr_carea' id='block_1_50' title="bbox 264 1398 1859 1437">
    <p class='ocr_par' dir='ltr' id='par_1_50' title="bbox 264 1398 1859 1437">
     <span class='ocr_line' id='line_1_50' title="bbox 264 1398 1859 1437; baseline 0.001 -10"><span class='ocrx_word' id='word_1_336' title='bbox 264 1398 373 1427; x_wconf 75' lang='lat' dir='ltr'><strong>Titulus</strong></span> <span class='ocrx_word' id='word_1_337' title='bbox 388 1400 537 1437; x_wconf 87' lang='lat' dir='ltr'><strong>inscriptus</strong></span> <span class='ocrx_word' id='word_1_338' title='bbox 551 1403 671 1429; x_wconf 76' lang='lat' dir='ltr'><strong>continet</strong></span> <span class='ocrx_word' id='word_1_339' title='bbox 685 1412 692 1429; x_wconf 74' lang='grc' dir='ltr'><em>τ</em></span> <span class='ocrx_word' id='word_1_340' title='bbox 706 1401 740 1429; x_wconf 86' lang='lat' dir='ltr'><strong>In</strong></span> <span class='ocrx_word' id='word_1_341' title='bbox 752 1403 841 1437; x_wconf 80' lang='lat' dir='ltr'><strong>ﬁnem,</strong></span> <span class='ocrx_word' id='word_1_342' title='bbox 849 1402 914 1437; x_wconf 68' lang='lat' dir='ltr'><strong>ﬁliis</strong></span> <span class='ocrx_word' id='word_1_343' title='bbox 922 1401 988 1430; x_wconf 83' lang='lat' dir='ltr'><strong>Core</strong></span> <span class='ocrx_word' id='word_1_344' title='bbox 1001 1403 1036 1429; x_wconf 88' lang='lat' dir='ltr'><strong>ad</strong></span> <span class='ocrx_word' id='word_1_345' title='bbox 1045 1402 1265 1435; x_wconf 75' lang='lat' dir='ltr'><strong>intellectum....;</strong></span> <span class='ocrx_word' id='word_1_346' title='bbox 1285 1406 1312 1429; x_wconf 88' lang='lat' dir='ltr'><strong>et</strong></span> <span class='ocrx_word' id='word_1_347' title='bbox 1322 1402 1374 1429; x_wconf 91' lang='lat' dir='ltr'><strong>alia</strong></span> <span class='ocrx_word' id='word_1_348' title='bbox 1387 1401 1610 1436; x_wconf 81' lang='lat' dir='ltr'><strong>interpretatione</strong></span> <span class='ocrx_word' id='word_1_349' title='bbox 1621 1401 1657 1428; x_wconf 90' lang='lat' dir='ltr'><strong>ita</strong></span> <span class='ocrx_word' id='word_1_350' title='bbox 1672 1401 1729 1428; x_wconf 66' lang='lat' dir='ltr'><strong>haec</strong></span> <span class='ocrx_word' id='word_1_351' title='bbox 1737 1400 1859 1435; x_wconf 75' lang='lat' dir='ltr'><strong>explica—</strong></span> 
     </span>
    </p>
   </div>
   <div class='ocr_carea' id='block_1_51' title="bbox 230 1446 1860 1485">
    <p class='ocr_par' dir='ltr' id='par_1_51' title="bbox 230 1446 1860 1485">
     <span class='ocr_line' id='line_1_51' title="bbox 230 1446 1860 1485; baseline 0.001 -12"><span class='ocrx_word' id='word_1_352' title='bbox 230 1454 293 1474; x_wconf 87' lang='lat' dir='ltr'><strong>mus</strong></span> <span class='ocrx_word' id='word_1_353' title='bbox 305 1456 312 1474; x_wconf 85' lang='lat'><strong>:</strong></span> <span class='ocrx_word' id='word_1_354' title='bbox 323 1446 388 1474; x_wconf 87' lang='lat' dir='ltr'><strong>dicit</strong></span> <span class='ocrx_word' id='word_1_355' title='bbox 403 1447 475 1475; x_wconf 93' lang='lat' dir='ltr'><strong>enim</strong></span> <span class='ocrx_word' id='word_1_356' title='bbox 491 1458 498 1476; x_wconf 91' lang='lat'>:</span> <span class='ocrx_word' id='word_1_357' title='bbox 514 1448 548 1475; x_wconf 86' lang='lat' dir='ltr'><strong>In</strong></span> <span class='ocrx_word' id='word_1_358' title='bbox 561 1449 651 1484; x_wconf 81' lang='lat' dir='ltr'><strong>ﬁnem,</strong></span> <span class='ocrx_word' id='word_1_359' title='bbox 667 1450 731 1485; x_wconf 74' lang='lat' dir='ltr'><strong>ﬁliis</strong></span> <span class='ocrx_word' id='word_1_360' title='bbox 742 1450 808 1478; x_wconf 79' lang='lat' dir='ltr'><strong>Core</strong></span> <span class='ocrx_word' id='word_1_361' title='bbox 824 1451 858 1477; x_wconf 80' lang='lat' dir='ltr'><strong>ad</strong></span> <span class='ocrx_word' id='word_1_362' title='bbox 871 1450 1045 1478; x_wconf 73' lang='lat' dir='ltr'><strong>intellectum.</strong></span> <span class='ocrx_word' id='word_1_363' title='bbox 1059 1450 1130 1478; x_wconf 82' lang='lat' dir='ltr'><strong>Core</strong></span> <span class='ocrx_word' id='word_1_364' title='bbox 1147 1455 1238 1478; x_wconf 86' lang='lat' dir='ltr'><strong>autem</strong></span> <span class='ocrx_word' id='word_1_365' title='bbox 1252 1450 1463 1485; x_wconf 85' lang='lat' dir='ltr'><strong>interpretatur:</strong></span> <span class='ocrx_word' id='word_1_366' title='bbox 1476 1448 1582 1476; x_wconf 78' lang='lat' dir='ltr'><strong>Calvus.</strong></span> <span class='ocrx_word' id='word_1_367' title='bbox 1602 1448 1694 1483; x_wconf 73' lang='lat' dir='ltr'><strong>Itaque</strong></span> <span class='ocrx_word' id='word_1_368' title='bbox 1708 1449 1742 1476; x_wconf 87' lang='lat' dir='ltr'><strong>ah</strong></span> <span class='ocrx_word' id='word_1_369' title='bbox 1755 1449 1860 1476; x_wconf 87' lang='lat' dir='ltr'><strong>haben-</strong></span> 
     </span>
    </p>
   </div>
   <div class='ocr_carea' id='block_1_52' title="bbox 231 1494 1860 1534">
    <p class='ocr_par' dir='ltr' id='par_1_52' title="bbox 231 1494 1860 1534">
     <span class='ocr_line' id='line_1_52' title="bbox 231 1494 1860 1534; baseline 0.001 -13"><span class='ocrx_word' id='word_1_370' title='bbox 231 1494 304 1522; x_wconf 84' lang='lat' dir='ltr'><strong>tibus</strong></span> <span class='ocrx_word' id='word_1_371' title='bbox 317 1499 435 1523; x_wconf 89' lang='lat' dir='ltr'><strong>mentem</strong></span> <span class='ocrx_word' id='word_1_372' title='bbox 450 1497 540 1525; x_wconf 86' lang='lat' dir='ltr'><strong>cordis</strong></span> <span class='ocrx_word' id='word_1_373' title='bbox 549 1497 676 1526; x_wconf 86' lang='lat' dir='ltr'><strong>nudatam</strong></span> <span class='ocrx_word' id='word_1_374' title='bbox 692 1498 726 1526; x_wconf 89' lang='lat' dir='ltr'><strong>ab</strong></span> <span class='ocrx_word' id='word_1_375' title='bbox 736 1499 875 1534; x_wconf 87' lang='lat' dir='ltr'><strong>operibus,</strong></span> <span class='ocrx_word' id='word_1_376' title='bbox 887 1499 915 1526; x_wconf 89' lang='lat' dir='ltr'><strong>in</strong></span> <span class='ocrx_word' id='word_1_377' title='bbox 933 1499 986 1527; x_wconf 81' lang='lat' dir='ltr'><strong>line</strong></span> <span class='ocrx_word' id='word_1_378' title='bbox 997 1503 1086 1526; x_wconf 85' lang='lat' dir='ltr'><strong>autem</strong></span> <span class='ocrx_word' id='word_1_379' title='bbox 1103 1499 1130 1526; x_wconf 94' lang='lat' dir='ltr'><strong>in</strong></span> <span class='ocrx_word' id='word_1_380' title='bbox 1151 1499 1319 1526; x_wconf 86' lang='lat' dir='ltr'><strong>intellectum</strong></span> <span class='ocrx_word' id='word_1_381' title='bbox 1334 1497 1505 1525; x_wconf 86' lang='lat' dir='ltr'><strong>venientibus</strong></span> <span class='ocrx_word' id='word_1_382' title='bbox 1513 1496 1694 1531; x_wconf 87' lang='lat' dir='ltr'><strong>psalmusisle</strong></span> <span class='ocrx_word' id='word_1_383' title='bbox 1702 1495 1790 1522; x_wconf 89' lang='lat' dir='ltr'><strong>dictus</strong></span> <span class='ocrx_word' id='word_1_384' title='bbox 1805 1503 1860 1525; x_wconf 88' lang='lat' dir='ltr'><strong>est.</strong></span> 
     </span>
    </p>
   </div>
   <div class='ocr_carea' id='block_1_53' title="bbox 265 1550 1047 1592">
    <p class='ocr_par' dir='ltr' id='par_1_53' title="bbox 265 1550 1047 1592">
     <span class='ocr_line' id='line_1_53' title="bbox 265 1550 1047 1592; baseline 0.006 -15"><span class='ocrx_word' id='word_1_385' title='bbox 265 1550 292 1578; x_wconf 88' lang='grc'><strong>1.</strong></span> <span class='ocrx_word' id='word_1_386' title='bbox 307 1551 329 1577; x_wconf 79' lang='grc' dir='ltr'><strong>Α</strong></span> <span class='ocrx_word' id='word_1_387' title='bbox 352 1551 478 1581; x_wconf 81' lang='lat' dir='ltr'><strong>ﬁdelibus</strong></span> <span class='ocrx_word' id='word_1_388' title='bbox 511 1554 578 1582; x_wconf 87' lang='lat' dir='ltr'><strong>viris</strong></span> <span class='ocrx_word' id='word_1_389' title='bbox 608 1555 773 1591; x_wconf 88' lang='lat' dir='ltr'><strong>accepimus,</strong></span> <span class='ocrx_word' id='word_1_390' title='bbox 799 1564 860 1592; x_wconf 64' lang='lat' dir='ltr'><strong>qua:</strong></span> <span class='ocrx_word' id='word_1_391' title='bbox 879 1556 1015 1584; x_wconf 84' lang='lat' dir='ltr'><strong>narraturi</strong></span> <span class='ocrx_word' id='word_1_392' title='bbox 1030 1557 1047 1587; x_wconf 86' lang='lat' dir='ltr'><strong>C</strong></span> 
     </span>
    </p>
   </div>
   <div class='ocr_carea' id='block_1_54' title="bbox 1102 1550 1863 1592">
    <p class='ocr_par' dir='ltr' id='par_1_54' title="bbox 1102 1550 1863 1590">
     <span class='ocr_line' id='line_1_54' title="bbox 1102 1550 1863 1590; baseline -0.005 -9"><span class='ocrx_word' id='word_1_393' title='bbox 1102 1555 1127 1581; x_wconf 92' lang='grc'><strong>1.</strong></span> <span class='ocrx_word' id='word_1_394' title='bbox 1138 1554 1217 1590; x_wconf 80' lang='grc' dir='ltr'>Παρὰ</span> <span class='ocrx_word' id='word_1_395' title='bbox 1231 1554 1334 1581; x_wconf 85' lang='grc' dir='ltr'>πιστῶν</span> <span class='ocrx_word' id='word_1_396' title='bbox 1350 1553 1454 1588; x_wconf 81' lang='grc' dir='ltr'>ἀνδρῶν</span> <span class='ocrx_word' id='word_1_397' title='bbox 1468 1552 1687 1587; x_wconf 80' lang='grc' dir='ltr'>παρειλήφαμεν,</span> <span class='ocrx_word' id='word_1_398' title='bbox 1698 1550 1715 1577; x_wconf 72' lang='grc' dir='ltr'>ἃ</span> <span class='ocrx_word' id='word_1_399' title='bbox 1727 1550 1863 1586; x_wconf 78' lang='grc' dir='ltr'>μέλλομεν</span> 
     </span>
    </p>
   </div>
   <div class='ocr_carea' id='block_1_55' title="bbox 229 1601 335 1624">
    <p class='ocr_par' dir='ltr' id='par_1_55' title="bbox 229 1601 335 1624">
     <span class='ocr_line' id='line_1_55' title="bbox 229 1601 335 1624; baseline 0 0"><span class='ocrx_word' id='word_1_400' title='bbox 229 1601 335 1624; x_wconf 66' lang='grc' dir='ltr'>κατουδ-</span> 
     </span>
    </p>
   </div>
   <div class='ocr_carea' id='block_1_56' title="bbox 267 1641 1018 1681">
    <p class='ocr_par' dir='ltr' id='par_1_56' title="bbox 267 1641 1018 1681">
     <span class='ocr_line' id='line_1_56' title="bbox 267 1641 1018 1681; baseline 0.008 -12"><span class='ocrx_word' id='word_1_401' title='bbox 267 1642 295 1669; x_wconf 74' lang='lat'><strong>2.</strong></span> <span class='ocrx_word' id='word_1_402' title='bbox 311 1641 418 1678; x_wconf 75' lang='lat' dir='ltr'><strong>Moyses</strong></span> <span class='ocrx_word' id='word_1_403' title='bbox 428 1645 456 1670; x_wconf 78' lang='lat' dir='ltr'><strong>et</strong></span> <span class='ocrx_word' id='word_1_404' title='bbox 471 1642 610 1677; x_wconf 66' lang='lat' dir='ltr'><strong>prophetat</strong></span> <span class='ocrx_word' id='word_1_405' title='bbox 629 1643 657 1671; x_wconf 94' lang='lat' dir='ltr'><strong>in</strong></span> <span class='ocrx_word' id='word_1_406' title='bbox 671 1644 821 1681; x_wconf 87' lang='lat' dir='ltr'><strong>Scripturis</strong></span> <span class='ocrx_word' id='word_1_407' title='bbox 837 1653 1018 1676; x_wconf 85' lang='lat' dir='ltr'><strong>narraverunt</strong></span> 
     </span>
    </p>
   </div>
   <div class='ocr_carea' id='block_1_57' title="bbox 232 1689 685 1724">
    <p class='ocr_par' dir='ltr' id='par_1_57' title="bbox 232 1689 685 1724">
     <span class='ocr_line' id='line_1_57' title="bbox 232 1689 685 1724; baseline 0.002 -8"><span class='ocrx_word' id='word_1_408' title='bbox 232 1689 265 1716; x_wconf 89' lang='lat' dir='ltr'><strong>de</strong></span> <span class='ocrx_word' id='word_1_409' title='bbox 276 1689 415 1723; x_wconf 80' lang='lat' dir='ltr'><strong>gentibus,</strong></span> <span class='ocrx_word' id='word_1_410' title='bbox 429 1696 498 1724; x_wconf 88' lang='lat' dir='ltr'><strong>quas</strong></span> <span class='ocrx_word' id='word_1_411' title='bbox 509 1689 589 1724; x_wconf 74' lang='lat' dir='ltr'><strong>eiecit</strong></span> <span class='ocrx_word' id='word_1_412' title='bbox 603 1689 685 1718; x_wconf 85' lang='lat' dir='ltr'><strong>Deus.</strong></span> 
     </span>
    </p>
   </div>
   <div class='ocr_carea' id='block_1_58' title="bbox 266 1734 1017 1768">
    <p class='ocr_par' dir='ltr' id='par_1_58' title="bbox 266 1734 1017 1768">
     <span class='ocr_line' id='line_1_58' title="bbox 266 1734 1017 1768; baseline 0.007 -6"><span class='ocrx_word' id='word_1_413' title='bbox 266 1736 293 1763; x_wconf 92' lang='lat'><strong>5.</strong></span> <span class='ocrx_word' id='word_1_414' title='bbox 310 1734 453 1768; x_wconf 85' lang='lat' dir='ltr'><strong>Quomodo</strong></span> <span class='ocrx_word' id='word_1_415' title='bbox 474 1735 501 1762; x_wconf 91' lang='lat' dir='ltr'><strong>in</strong></span> <span class='ocrx_word' id='word_1_416' title='bbox 524 1736 650 1764; x_wconf 91' lang='lat' dir='ltr'><strong>omnibus</strong></span> <span class='ocrx_word' id='word_1_417' title='bbox 671 1737 750 1766; x_wconf 86' lang='lat' dir='ltr'><strong>bellis</strong></span> <span class='ocrx_word' id='word_1_418' title='bbox 771 1738 911 1767; x_wconf 85' lang='lat' dir='ltr'><strong>debellasti</strong></span> <span class='ocrx_word' id='word_1_419' title='bbox 935 1739 1017 1766; x_wconf 85' lang='lat' dir='ltr'><strong>variis</strong></span> 
     </span>
    </p>
   </div>
   <div class='ocr_carea' id='block_1_59' title="bbox 232 1781 585 1809">
    <p class='ocr_par' dir='ltr' id='par_1_59' title="bbox 232 1781 585 1809">
     <span class='ocr_line' id='line_1_59' title="bbox 232 1781 585 1809; baseline 0 -1"><span class='ocrx_word' id='word_1_420' title='bbox 232 1781 322 1809; x_wconf 88' lang='lat' dir='ltr'><strong>modis</strong></span> <span class='ocrx_word' id='word_1_421' title='bbox 339 1781 468 1809; x_wconf 87' lang='lat' dir='ltr'><strong>inimicos</strong></span> <span class='ocrx_word' id='word_1_422' title='bbox 479 1788 585 1809; x_wconf 84' lang='lat' dir='ltr'><strong>eorum.</strong></span> 
     </span>
    </p>
   </div>
   <div class='ocr_carea' id='block_1_60' title="bbox 268 1826 1016 1862">
    <p class='ocr_par' dir='ltr' id='par_1_60' title="bbox 268 1826 1016 1862">
     <span class='ocr_line' id='line_1_60' title="bbox 268 1826 1016 1862; baseline 0.005 -8"><span class='ocrx_word' id='word_1_423' title='bbox 268 1827 295 1854; x_wconf 76' lang='grc'><strong>4.</strong></span> <span class='ocrx_word' id='word_1_424' title='bbox 312 1826 399 1855; x_wconf 86' lang='lat' dir='ltr'><strong>Filius</strong></span> <span class='ocrx_word' id='word_1_425' title='bbox 417 1831 482 1854; x_wconf 84' lang='lat' dir='ltr'><strong>tuus</strong></span> <span class='ocrx_word' id='word_1_426' title='bbox 499 1827 663 1862; x_wconf 83' lang='lat' dir='ltr'><strong>disperdidit</strong></span> <span class='ocrx_word' id='word_1_427' title='bbox 674 1837 722 1858; x_wconf 90' lang='lat' dir='ltr'><strong>eos</strong></span> <span class='ocrx_word' id='word_1_428' title='bbox 733 1850 740 1862; x_wconf 90' lang='lat'>,</span> <span class='ocrx_word' id='word_1_429' title='bbox 753 1834 780 1857; x_wconf 91' lang='lat' dir='ltr'><strong>et</strong></span> <span class='ocrx_word' id='word_1_430' title='bbox 792 1831 819 1858; x_wconf 91' lang='lat' dir='ltr'><strong>in</strong></span> <span class='ocrx_word' id='word_1_431' title='bbox 833 1831 1016 1858; x_wconf 61' lang='lat' dir='ltr'><strong>hereditatem</strong></span> 
     </span>
    </p>
   </div>
   <div class='ocr_carea' id='block_1_61' title="bbox 233 1871 488 1900">
    <p class='ocr_par' dir='ltr' id='par_1_61' title="bbox 233 1871 488 1900">
     <span class='ocr_line' id='line_1_61' title="bbox 233 1871 488 1900; baseline -0.008 0"><span class='ocrx_word' id='word_1_432' title='bbox 233 1872 306 1900; x_wconf 81' lang='lat' dir='ltr'><strong>dedit</strong></span> <span class='ocrx_word' id='word_1_433' title='bbox 319 1872 381 1899; x_wconf 80' lang='lat' dir='ltr'><strong>ﬁliis</strong></span> <span class='ocrx_word' id='word_1_434' title='bbox 395 1871 488 1900; x_wconf 84' lang='lat' dir='ltr'><strong>Israel.</strong></span> 
     </span>
    </p>
   </div>
   <div class='ocr_carea' id='block_1_62' title="bbox 270 1915 860 1950">
    <p class='ocr_par' dir='ltr' id='par_1_62' title="bbox 270 1915 860 1950">
     <span class='ocr_line' id='line_1_62' title="bbox 270 1915 860 1950; baseline -0.002 -7"><span class='ocrx_word' id='word_1_435' title='bbox 270 1916 297 1944; x_wconf 82' lang='lat'><strong>5.</strong></span> <span class='ocrx_word' id='word_1_436' title='bbox 318 1915 482 1944; x_wconf 82' lang='lat' dir='ltr'><strong>Vulneratos</strong></span> <span class='ocrx_word' id='word_1_437' title='bbox 497 1923 546 1943; x_wconf 88' lang='lat' dir='ltr'><strong>eos</strong></span> <span class='ocrx_word' id='word_1_438' title='bbox 557 1915 585 1943; x_wconf 91' lang='lat' dir='ltr'><strong>in</strong></span> <span class='ocrx_word' id='word_1_439' title='bbox 602 1915 692 1950; x_wconf 81' lang='lat' dir='ltr'><strong>fugam</strong></span> <span class='ocrx_word' id='word_1_440' title='bbox 708 1915 860 1950; x_wconf 86' lang='lat' dir='ltr'><strong>conjecisti.</strong></span> 
     </span>
    </p>
   </div>
   <div class='ocr_carea' id='block_1_63' title="bbox 269 1963 1018 1997">
    <p class='ocr_par' dir='ltr' id='par_1_63' title="bbox 269 1963 1018 1997">
     <span class='ocr_line' id='line_1_63' title="bbox 269 1963 1018 1997; baseline -0.001 -6"><span class='ocrx_word' id='word_1_441' title='bbox 269 1963 371 1991; x_wconf 85' lang='grc' dir='ltr'><strong>6.-Νοη</strong></span> <span class='ocrx_word' id='word_1_442' title='bbox 395 1964 469 1991; x_wconf 86' lang='lat' dir='ltr'><strong>enim</strong></span> <span class='ocrx_word' id='word_1_443' title='bbox 491 1970 586 1991; x_wconf 84' lang='lat' dir='ltr'><strong>eorum</strong></span> <span class='ocrx_word' id='word_1_444' title='bbox 610 1963 694 1990; x_wconf 90' lang='lat' dir='ltr'><strong>armis</strong></span> <span class='ocrx_word' id='word_1_445' title='bbox 718 1963 899 1997; x_wconf 80' lang='lat' dir='ltr'><strong>possederunt</strong></span> <span class='ocrx_word' id='word_1_446' title='bbox 917 1967 1018 1991; x_wconf 86' lang='lat' dir='ltr'><strong>terram</strong></span> 
     </span>
    </p>
   </div>
   <div class='ocr_carea' id='block_1_64' title="bbox 233 2009 434 2046">
    <p class='ocr_par' dir='ltr' id='par_1_64' title="bbox 233 2009 434 2046">
     <span class='ocr_line' id='line_1_64' title="bbox 233 2009 434 2046; baseline 0.005 -10"><span class='ocrx_word' id='word_1_447' title='bbox 233 2009 434 2046; x_wconf 78' lang='lat' dir='ltr'><strong>promissionis,</strong></span> 
     </span>
    </p>
   </div>
   <div class='ocr_carea' id='block_1_65' title="bbox 271 2055 860 2091">
    <p class='ocr_par' dir='ltr' id='par_1_65' title="bbox 271 2055 860 2091">
     <span class='ocr_line' id='line_1_65' title="bbox 271 2055 860 2091; baseline -0.002 -8"><span class='ocrx_word' id='word_1_448' title='bbox 271 2057 298 2084; x_wconf 84' lang='lat'><strong>7.</strong></span> <span class='ocrx_word' id='word_1_449' title='bbox 313 2055 346 2083; x_wconf 88' lang='lat' dir='ltr'><strong>Et</strong></span> <span class='ocrx_word' id='word_1_450' title='bbox 359 2055 584 2091; x_wconf 78' lang='lat' dir='ltr'><strong>potentiaeorum</strong></span> <span class='ocrx_word' id='word_1_451' title='bbox 599 2063 654 2082; x_wconf 90' lang='lat' dir='ltr'><strong>non</strong></span> <span class='ocrx_word' id='word_1_452' title='bbox 666 2055 782 2083; x_wconf 82' lang='lat' dir='ltr'><strong>salvavit</strong></span> <span class='ocrx_word' id='word_1_453' title='bbox 798 2063 860 2089; x_wconf 87' lang='lat' dir='ltr'><strong>eos;</strong></span> 
     </span>
    </p>
   </div>
   <div class='ocr_carea' id='block_1_66' title="bbox 270 2100 1020 2136">
    <p class='ocr_par' dir='ltr' id='par_1_66' title="bbox 270 2100 1020 2136">
     <span class='ocr_line' id='line_1_66' title="bbox 270 2100 1020 2136; baseline 0.001 -8"><span class='ocrx_word' id='word_1_454' title='bbox 270 2101 297 2129; x_wconf 90' lang='lat'><strong>8.</strong></span> <span class='ocrx_word' id='word_1_455' title='bbox 312 2100 366 2128; x_wconf 86' lang='lat' dir='ltr'><strong>Sed</strong></span> <span class='ocrx_word' id='word_1_456' title='bbox 392 2101 552 2136; x_wconf 82' lang='lat' dir='ltr'><strong>unigenitus</strong></span> <span class='ocrx_word' id='word_1_457' title='bbox 571 2100 656 2128; x_wconf 83' lang='lat' dir='ltr'><strong>Filius</strong></span> <span class='ocrx_word' id='word_1_458' title='bbox 671 2105 752 2135; x_wconf 87' lang='lat' dir='ltr'><strong>tuus,</strong></span> <span class='ocrx_word' id='word_1_459' title='bbox 768 2100 816 2135; x_wconf 91' lang='lat' dir='ltr'><strong>qui</strong></span> <span class='ocrx_word' id='word_1_460' title='bbox 835 2104 877 2128; x_wconf 87' lang='lat' dir='ltr'><strong>est</strong></span> <span class='ocrx_word' id='word_1_461' title='bbox 894 2101 1020 2136; x_wconf 89' lang='lat' dir='ltr'><strong>splendor</strong></span> 
     </span>
    </p>
   </div>
   <div class='ocr_carea' id='block_1_67' title="bbox 236 2148 402 2183">
    <p class='ocr_par' dir='ltr' id='par_1_67' title="bbox 236 2148 402 2183">
     <span class='ocr_line' id='line_1_67' title="bbox 236 2148 402 2183; baseline 0 -9"><span class='ocrx_word' id='word_1_462' title='bbox 236 2148 328 2183; x_wconf 62' lang='lat' dir='ltr'><strong>gloria;</strong></span> <span class='ocrx_word' id='word_1_463' title='bbox 339 2152 402 2174; x_wconf 70' lang='lat' dir='ltr'><strong>tute.</strong></span> 
     </span>
    </p>
   </div>
   <div class='ocr_carea' id='block_1_68' title="bbox 270 2191 1020 2226">
    <p class='ocr_par' dir='ltr' id='par_1_68' title="bbox 270 2191 1020 2226">
     <span class='ocr_line' id='line_1_68' title="bbox 270 2191 1020 2226; baseline -0.001 -6"><span class='ocrx_word' id='word_1_464' title='bbox 270 2193 298 2226; x_wconf 83' lang='lat'><strong>9,</strong></span> <span class='ocrx_word' id='word_1_465' title='bbox 315 2192 358 2219; x_wconf 90' lang='grc'><strong>10.</strong></span> <span class='ocrx_word' id='word_1_466' title='bbox 375 2191 415 2220; x_wconf 86' lang='lat' dir='ltr'><strong>Tu</strong></span> <span class='ocrx_word' id='word_1_467' title='bbox 432 2200 459 2220; x_wconf 78' lang='lat' dir='ltr'><strong>es</strong></span> <span class='ocrx_word' id='word_1_468' title='bbox 480 2192 545 2226; x_wconf 80' lang='lat' dir='ltr'><strong>ipse,</strong></span> <span class='ocrx_word' id='word_1_469' title='bbox 560 2191 607 2226; x_wconf 84' lang='lat' dir='ltr'><strong>qui</strong></span> <span class='ocrx_word' id='word_1_470' title='bbox 623 2195 650 2219; x_wconf 89' lang='lat' dir='ltr'><strong>et</strong></span> <span class='ocrx_word' id='word_1_471' title='bbox 663 2196 739 2226; x_wconf 85' lang='lat' dir='ltr'><strong>tunc,</strong></span> <span class='ocrx_word' id='word_1_472' title='bbox 762 2195 790 2220; x_wconf 90' lang='lat' dir='ltr'><strong>et</strong></span> <span class='ocrx_word' id='word_1_473' title='bbox 813 2191 841 2219; x_wconf 88' lang='lat' dir='ltr'><strong>in</strong></span> <span class='ocrx_word' id='word_1_474' title='bbox 864 2191 1020 2220; x_wconf 83' lang='lat' dir='ltr'><strong>novissimis</strong></span> 
     </span>
    </p>
   </div>
   <div class='ocr_carea' id='block_1_69' title="bbox 236 2238 417 2274">
    <p class='ocr_par' dir='ltr' id='par_1_69' title="bbox 236 2238 417 2274">
     <span class='ocr_line' id='line_1_69' title="bbox 236 2238 417 2274; baseline 0.006 -9"><span class='ocrx_word' id='word_1_475' title='bbox 236 2242 290 2266; x_wconf 91' lang='lat' dir='ltr'><strong>tem</strong></span> <span class='ocrx_word' id='word_1_476' title='bbox 294 2238 417 2274; x_wconf 86' lang='lat' dir='ltr'><strong>poribus.</strong></span> 
     </span>
    </p>
   </div>
   <div class='ocr_carea' id='block_1_70' title="bbox 273 2284 932 2319">
    <p class='ocr_par' dir='ltr' id='par_1_70' title="bbox 273 2284 932 2319">
     <span class='ocr_line' id='line_1_70' title="bbox 273 2284 932 2319; baseline -0.002 -7"><span class='ocrx_word' id='word_1_477' title='bbox 273 2285 316 2312; x_wconf 81' lang='grc'><strong>11.</strong></span> <span class='ocrx_word' id='word_1_478' title='bbox 329 2284 380 2317; x_wconf 86' lang='lat' dir='ltr'><strong>Qui</strong></span> <span class='ocrx_word' id='word_1_479' title='bbox 395 2292 444 2319; x_wconf 88' lang='lat' dir='ltr'><strong>per</strong></span> <span class='ocrx_word' id='word_1_480' title='bbox 459 2288 486 2311; x_wconf 85' lang='lat' dir='ltr'><strong>te</strong></span> <span class='ocrx_word' id='word_1_481' title='bbox 498 2284 587 2319; x_wconf 89' lang='lat' dir='ltr'><strong>ipsum</strong></span> <span class='ocrx_word' id='word_1_482' title='bbox 603 2291 717 2311; x_wconf 84' lang='lat' dir='ltr'><strong>enarras</strong></span> <span class='ocrx_word' id='word_1_483' title='bbox 731 2284 860 2311; x_wconf 80' lang='lat' dir='ltr'><strong>mandata</strong></span> <span class='ocrx_word' id='word_1_484' title='bbox 876 2289 932 2311; x_wconf 91' lang='lat' dir='ltr'><strong>tua.</strong></span> 
     </span>
    </p>
   </div>
   <div class='ocr_carea' id='block_1_71' title="bbox 1071 1601 1280 1636">
    <p class='ocr_par' dir='ltr' id='par_1_71' title="bbox 1071 1601 1280 1636">
     <span class='ocr_line' id='line_1_71' title="bbox 1071 1601 1280 1636; baseline 0.005 -9"><span class='ocrx_word' id='word_1_485' title='bbox 1071 1601 1221 1636; x_wconf 83' lang='grc' dir='ltr'>διηγεῖσθαι</span> <span class='ocrx_word' id='word_1_486' title='bbox 1232 1601 1280 1636; x_wconf 78' lang='lat'><strong>(5).</strong></span> 
     </span>
    </p>
   </div>
   <div class='ocr_carea' id='block_1_72' title="bbox 1106 1643 1864 1680">
    <p class='ocr_par' dir='ltr' id='par_1_72' title="bbox 1106 1643 1864 1680">
     <span class='ocr_line' id='line_1_72' title="bbox 1106 1643 1864 1680; baseline -0.004 -8"><span class='ocrx_word' id='word_1_487' title='bbox 1106 1646 1134 1672; x_wconf 77' lang='grc'><strong>2.</strong></span> <span class='ocrx_word' id='word_1_488' title='bbox 1152 1646 1255 1680; x_wconf 86' lang='grc' dir='ltr'>Μωσῆς</span> <span class='ocrx_word' id='word_1_489' title='bbox 1272 1646 1318 1672; x_wconf 79' lang='grc' dir='ltr'>καὶ</span> <span class='ocrx_word' id='word_1_490' title='bbox 1340 1645 1364 1671; x_wconf 84' lang='grc' dir='ltr'>οι</span> <span class='ocrx_word' id='word_1_491' title='bbox 1383 1644 1519 1680; x_wconf 79' lang='grc' dir='ltr'>προφῆται</span> <span class='ocrx_word' id='word_1_492' title='bbox 1539 1644 1583 1671; x_wconf 83' lang='grc' dir='ltr'>διὰ</span> <span class='ocrx_word' id='word_1_493' title='bbox 1608 1644 1662 1670; x_wconf 85' lang='grc' dir='ltr'>τῶν</span> <span class='ocrx_word' id='word_1_494' title='bbox 1683 1643 1799 1679; x_wconf 77' lang='grc' dir='ltr'>Γραφῶν</span> <span class='ocrx_word' id='word_1_495' title='bbox 1823 1644 1864 1670; x_wconf 76' lang='grc' dir='ltr'>δι-</span> 
     </span>
    </p>
   </div>
   <div class='ocr_carea' id='block_1_73' title="bbox 1067 1687 1751 1727">
    <p class='ocr_par' dir='ltr' id='par_1_73' title="bbox 1067 1687 1751 1727">
     <span class='ocr_line' id='line_1_73' title="bbox 1067 1687 1751 1727; baseline -0.001 -10"><span class='ocrx_word' id='word_1_496' title='bbox 1067 1691 1204 1727; x_wconf 80' lang='grc' dir='ltr'>ηγήσαντο</span> <span class='ocrx_word' id='word_1_497' title='bbox 1219 1691 1347 1726; x_wconf 75' lang='grc' dir='ltr'>περὶτῶν</span> <span class='ocrx_word' id='word_1_498' title='bbox 1358 1690 1452 1723; x_wconf 83' lang='grc' dir='ltr'>ἐθνῶν,</span> <span class='ocrx_word' id='word_1_499' title='bbox 1465 1687 1503 1717; x_wconf 85' lang='grc' dir='ltr'>ὦν</span> <span class='ocrx_word' id='word_1_500' title='bbox 1516 1689 1642 1722; x_wconf 77' lang='grc' dir='ltr'>ἐξέϐαλεν</span> <span class='ocrx_word' id='word_1_501' title='bbox 1651 1691 1664 1716; x_wconf 85' lang='grc' dir='ltr'>ὁ</span> <span class='ocrx_word' id='word_1_502' title='bbox 1677 1689 1751 1720; x_wconf 80' lang='grc' dir='ltr'>Θεός.</span> 
     </span>
    </p>
   </div>
   <div class='ocr_carea' id='block_1_74' title="bbox 1102 1735 1863 1772">
    <p class='ocr_par' dir='ltr' id='par_1_74' title="bbox 1102 1735 1863 1772">
     <span class='ocr_line' id='line_1_74' title="bbox 1102 1735 1863 1772; baseline -0.005 -8"><span class='ocrx_word' id='word_1_503' title='bbox 1102 1738 1129 1764; x_wconf 89' lang='lat'><strong>5.</strong></span> <span class='ocrx_word' id='word_1_504' title='bbox 1147 1737 1184 1763; x_wconf 84' lang='grc' dir='ltr'>Τὸ</span> <span class='ocrx_word' id='word_1_505' title='bbox 1195 1737 1252 1769; x_wconf 88' lang='grc' dir='ltr'><strong>πῶς</strong></span> <span class='ocrx_word' id='word_1_506' title='bbox 1267 1738 1296 1763; x_wconf 90' lang='grc' dir='ltr'><strong>ἐν</strong></span> <span class='ocrx_word' id='word_1_507' title='bbox 1310 1737 1417 1772; x_wconf 78' lang='grc' dir='ltr'>ἑκάστῳ</span> <span class='ocrx_word' id='word_1_508' title='bbox 1430 1737 1540 1772; x_wconf 82' lang='grc' dir='ltr'>πολέμῳ</span> <span class='ocrx_word' id='word_1_509' title='bbox 1556 1735 1635 1767; x_wconf 76' lang='grc' dir='ltr'>αὐτὸς</span> <span class='ocrx_word' id='word_1_510' title='bbox 1648 1735 1782 1771; x_wconf 72' lang='grc' dir='ltr'>διαφόροις</span> <span class='ocrx_word' id='word_1_511' title='bbox 1797 1736 1863 1761; x_wconf 78' lang='grc' dir='ltr'>ἐπο-</span> 
     </span>
    </p>
   </div>
   <div class='ocr_carea' id='block_1_75' title="bbox 1067 1782 1510 1819">
    <p class='ocr_par' dir='ltr' id='par_1_75' title="bbox 1067 1782 1510 1819">
     <span class='ocr_line' id='line_1_75' title="bbox 1067 1782 1510 1819; baseline -0.005 -9"><span class='ocrx_word' id='word_1_512' title='bbox 1067 1783 1188 1819; x_wconf 85' lang='grc' dir='ltr'>λέμησας</span> <span class='ocrx_word' id='word_1_513' title='bbox 1201 1784 1264 1815; x_wconf 83' lang='grc' dir='ltr'>τοὺς</span> <span class='ocrx_word' id='word_1_514' title='bbox 1278 1783 1391 1818; x_wconf 77' lang='grc' dir='ltr'>ἐχθροὺς</span> <span class='ocrx_word' id='word_1_515' title='bbox 1410 1782 1510 1809; x_wconf 79' lang='grc' dir='ltr'>αὐτῶν.</span> 
     </span>
    </p>
   </div>
   <div class='ocr_carea' id='block_1_76' title="bbox 1103 1828 1864 1863">
    <p class='ocr_par' dir='ltr' id='par_1_76' title="bbox 1103 1828 1864 1863">
     <span class='ocr_line' id='line_1_76' title="bbox 1103 1828 1864 1863; baseline -0.005 -7"><span class='ocrx_word' id='word_1_516' title='bbox 1103 1829 1129 1856; x_wconf 71' lang='grc'><strong>4.</strong></span> <span class='ocrx_word' id='word_1_517' title='bbox 1148 1829 1176 1856; x_wconf 91' lang='grc' dir='ltr'><strong>Ὀ</strong></span> <span class='ocrx_word' id='word_1_518' title='bbox 1192 1829 1255 1861; x_wconf 81' lang='grc' dir='ltr'>Υἱός</span> <span class='ocrx_word' id='word_1_519' title='bbox 1281 1837 1328 1855; x_wconf 89' lang='grc' dir='ltr'><strong>σου</strong></span> <span class='ocrx_word' id='word_1_520' title='bbox 1356 1829 1552 1863; x_wconf 80' lang='grc' dir='ltr'>ἐξωλόθρευσεν</span> <span class='ocrx_word' id='word_1_521' title='bbox 1581 1828 1696 1860; x_wconf 72' lang='grc' dir='ltr'>αὐτοὺς,</span> <span class='ocrx_word' id='word_1_522' title='bbox 1726 1828 1775 1853; x_wconf 71' lang='grc' dir='ltr'><strong>καὶ</strong></span> <span class='ocrx_word' id='word_1_523' title='bbox 1794 1835 1864 1853; x_wconf 84' lang='grc' dir='ltr'>κατ-</span> 
     </span>
    </p>
   </div>
   <div class='ocr_carea' id='block_1_77' title="bbox 1068 1874 1640 1911">
    <p class='ocr_par' dir='ltr' id='par_1_77' title="bbox 1068 1874 1640 1911">
     <span class='ocr_line' id='line_1_77' title="bbox 1068 1874 1640 1911; baseline -0.002 -10"><span class='ocrx_word' id='word_1_524' title='bbox 1068 1875 1262 1911; x_wconf 81' lang='grc' dir='ltr'>εκληροδότησε</span> <span class='ocrx_word' id='word_1_525' title='bbox 1285 1874 1322 1910; x_wconf 83' lang='grc'><strong>(6)</strong></span> <span class='ocrx_word' id='word_1_526' title='bbox 1341 1874 1404 1906; x_wconf 82' lang='grc' dir='ltr'>τοὺς</span> <span class='ocrx_word' id='word_1_527' title='bbox 1426 1875 1500 1906; x_wconf 79' lang='grc' dir='ltr'>υἱοὺς</span> <span class='ocrx_word' id='word_1_528' title='bbox 1523 1874 1640 1909; x_wconf 76' lang='grc' dir='ltr'>Ἰσραήλ.</span> 
     </span>
    </p>
   </div>
   <div class='ocr_carea' id='block_1_78' title="bbox 1103 1917 1788 1955">
    <p class='ocr_par' dir='ltr' id='par_1_78' title="bbox 1103 1917 1788 1955">
     <span class='ocr_line' id='line_1_78' title="bbox 1103 1917 1788 1955; baseline -0.004 -9"><span class='ocrx_word' id='word_1_529' title='bbox 1103 1920 1129 1946; x_wconf 85' lang='grc'><strong>5.</strong></span> <span class='ocrx_word' id='word_1_530' title='bbox 1143 1919 1383 1955; x_wconf 83' lang='grc' dir='ltr'>Τιτρωσκομένους</span> <span class='ocrx_word' id='word_1_531' title='bbox 1397 1919 1496 1951; x_wconf 81' lang='grc' dir='ltr'>αὐτοὺς</span> <span class='ocrx_word' id='word_1_532' title='bbox 1511 1918 1630 1954; x_wconf 74' lang='grc' dir='ltr'>φυγάδας</span> <span class='ocrx_word' id='word_1_533' title='bbox 1647 1917 1788 1952; x_wconf 85' lang='grc' dir='ltr'>ἐποίησας.</span> 
     </span>
    </p>
   </div>
   <div class='ocr_carea' id='block_1_79' title="bbox 1104 1962 1864 2001">
    <p class='ocr_par' dir='ltr' id='par_1_79' title="bbox 1104 1962 1864 2001">
     <span class='ocr_line' id='line_1_79' title="bbox 1104 1962 1864 2001; baseline -0.005 -9"><span class='ocrx_word' id='word_1_534' title='bbox 1104 1967 1130 1992; x_wconf 85' lang='lat'><strong>6.</strong></span> <span class='ocrx_word' id='word_1_535' title='bbox 1143 1966 1180 1992; x_wconf 78' lang='grc' dir='ltr'><strong>Οὐ</strong></span> <span class='ocrx_word' id='word_1_536' title='bbox 1201 1966 1254 2001; x_wconf 83' lang='grc' dir='ltr'><strong>γὰρ</strong></span> <span class='ocrx_word' id='word_1_537' title='bbox 1280 1966 1310 1992; x_wconf 86' lang='grc' dir='ltr'><strong>ἐν</strong></span> <span class='ocrx_word' id='word_1_538' title='bbox 1329 1966 1385 1997; x_wconf 79' lang='grc' dir='ltr'>τοῖς</span> <span class='ocrx_word' id='word_1_539' title='bbox 1413 1965 1504 1997; x_wconf 84' lang='grc' dir='ltr'>ὅπλοις</span> <span class='ocrx_word' id='word_1_540' title='bbox 1523 1964 1611 1991; x_wconf 77' lang='grc' dir='ltr'>αὐτῶν</span> <span class='ocrx_word' id='word_1_541' title='bbox 1636 1962 1864 1999; x_wconf 69' lang='grc' dir='ltr'>ἐκληρονόμησαν</span> 
     </span>
    </p>
   </div>
   <div class='ocr_carea' id='block_1_80' title="bbox 1069 2011 1427 2047">
    <p class='ocr_par' dir='ltr' id='par_1_80' title="bbox 1069 2011 1427 2047">
     <span class='ocr_line' id='line_1_80' title="bbox 1069 2011 1427 2047; baseline -0.006 -8"><span class='ocrx_word' id='word_1_542' title='bbox 1069 2012 1117 2047; x_wconf 84' lang='grc' dir='ltr'><strong>τὴν</strong></span> <span class='ocrx_word' id='word_1_543' title='bbox 1128 2012 1178 2047; x_wconf 81' lang='grc' dir='ltr'>γῆν</span> <span class='ocrx_word' id='word_1_544' title='bbox 1187 2012 1238 2046; x_wconf 82' lang='grc' dir='ltr'><strong>τῆς</strong></span> <span class='ocrx_word' id='word_1_545' title='bbox 1251 2011 1427 2046; x_wconf 80' lang='grc' dir='ltr'>ἐπαγγελίας,</span> 
     </span>
    </p>
   </div>
   <div class='ocr_carea' id='block_1_81' title="bbox 1107 2051 1806 2091">
    <p class='ocr_par' dir='ltr' id='par_1_81' title="bbox 1107 2051 1806 2091">
     <span class='ocr_line' id='line_1_81' title="bbox 1107 2051 1806 2091; baseline -0.006 -10"><span class='ocrx_word' id='word_1_546' title='bbox 1107 2056 1133 2082; x_wconf 93' lang='grc'><strong>7.</strong></span> <span class='ocrx_word' id='word_1_547' title='bbox 1149 2056 1205 2083; x_wconf 82' lang='grc' dir='ltr'><strong>Καὶ</strong></span> <span class='ocrx_word' id='word_1_548' title='bbox 1221 2056 1237 2091; x_wconf 86' lang='grc' dir='ltr'>ἡ</span> <span class='ocrx_word' id='word_1_549' title='bbox 1254 2055 1398 2082; x_wconf 84' lang='grc' dir='ltr'>δυναστεία</span> <span class='ocrx_word' id='word_1_550' title='bbox 1411 2055 1501 2082; x_wconf 76' lang='grc' dir='ltr'>αὐτῶν</span> <span class='ocrx_word' id='word_1_551' title='bbox 1510 2053 1559 2080; x_wconf 82' lang='grc' dir='ltr'>οὐκ</span> <span class='ocrx_word' id='word_1_552' title='bbox 1577 2052 1678 2079; x_wconf 74' lang='grc' dir='ltr'>ἔσωσεν</span> <span class='ocrx_word' id='word_1_553' title='bbox 1696 2051 1806 2083; x_wconf 81' lang='grc' dir='ltr'>αὐτούς·</span> 
     </span>
    </p>
   </div>
   <div class='ocr_carea' id='block_1_82' title="bbox 1106 2097 1862 2137">
    <p class='ocr_par' dir='ltr' id='par_1_82' title="bbox 1106 2097 1862 2137">
     <span class='ocr_line' id='line_1_82' title="bbox 1106 2097 1862 2137; baseline -0.005 -10"><span class='ocrx_word' id='word_1_554' title='bbox 1106 2101 1132 2128; x_wconf 90' lang='grc'><strong>8.</strong></span> <span class='ocrx_word' id='word_1_555' title='bbox 1151 2100 1221 2127; x_wconf 80' lang='grc' dir='ltr'>Ἀλλ’</span> <span class='ocrx_word' id='word_1_556' title='bbox 1235 2102 1249 2127; x_wconf 86' lang='grc' dir='ltr'><em>ὁ</em></span> <span class='ocrx_word' id='word_1_557' title='bbox 1263 2101 1410 2137; x_wconf 85' lang='grc' dir='ltr'>μονογενής</span> <span class='ocrx_word' id='word_1_558' title='bbox 1428 2109 1474 2127; x_wconf 83' lang='grc' dir='ltr'><strong>σου</strong></span> <span class='ocrx_word' id='word_1_559' title='bbox 1493 2099 1574 2131; x_wconf 81' lang='grc' dir='ltr'>Υίὺς,</span> <span class='ocrx_word' id='word_1_560' title='bbox 1599 2099 1614 2125; x_wconf 84' lang='grc' dir='ltr'><strong>ό</strong></span> <span class='ocrx_word' id='word_1_561' title='bbox 1628 2098 1665 2124; x_wconf 86' lang='grc' dir='ltr'>ὢν</span> <span class='ocrx_word' id='word_1_562' title='bbox 1686 2097 1862 2133; x_wconf 81' lang='grc' dir='ltr'>ἀπαύγασμα</span> 
     </span>
    </p>
   </div>
   <div class='ocr_carea' id='block_1_83' title="bbox 1070 2146 1286 2182">
    <p class='ocr_par' dir='ltr' id='par_1_83' title="bbox 1070 2146 1286 2182">
     <span class='ocr_line' id='line_1_83' title="bbox 1070 2146 1286 2182; baseline 0 -10"><span class='ocrx_word' id='word_1_563' title='bbox 1070 2147 1120 2182; x_wconf 83' lang='grc' dir='ltr'><strong>τῆς</strong></span> <span class='ocrx_word' id='word_1_564' title='bbox 1137 2146 1217 2182; x_wconf 85' lang='grc' dir='ltr'><strong>δόξης</strong></span> <span class='ocrx_word' id='word_1_565' title='bbox 1228 2155 1286 2173; x_wconf 92' lang='grc' dir='ltr'>σου.</span> 
     </span>
    </p>
   </div>
   <div class='ocr_carea' id='block_1_84' title="bbox 1106 2188 1865 2227">
    <p class='ocr_par' dir='ltr' id='par_1_84' title="bbox 1106 2188 1865 2227">
     <span class='ocr_line' id='line_1_84' title="bbox 1106 2188 1865 2227; baseline -0.003 -9"><span class='ocrx_word' id='word_1_566' title='bbox 1106 2191 1133 2224; x_wconf 88' lang='grc'><strong>9,</strong></span> <span class='ocrx_word' id='word_1_567' title='bbox 1147 2191 1190 2218; x_wconf 87' lang='grc'><strong>10.</strong></span> <span class='ocrx_word' id='word_1_568' title='bbox 1200 2191 1238 2227; x_wconf 86' lang='lat'><strong>(7)</strong></span> <span class='ocrx_word' id='word_1_569' title='bbox 1246 2191 1288 2218; x_wconf 81' lang='grc' dir='ltr'><strong>Σὺ</strong></span> <span class='ocrx_word' id='word_1_570' title='bbox 1305 2190 1334 2217; x_wconf 82' lang='grc' dir='ltr'><strong>εἷ</strong></span> <span class='ocrx_word' id='word_1_571' title='bbox 1349 2192 1366 2218; x_wconf 81' lang='grc' dir='ltr'><em>ὁ</em></span> <span class='ocrx_word' id='word_1_572' title='bbox 1375 2191 1466 2224; x_wconf 85' lang='grc' dir='ltr'>αὐτὸς</span> <span class='ocrx_word' id='word_1_573' title='bbox 1477 2191 1492 2217; x_wconf 85' lang='grc' dir='ltr'><strong>ὁ</strong></span> <span class='ocrx_word' id='word_1_574' title='bbox 1501 2189 1678 2221; x_wconf 74' lang='grc' dir='ltr'>τότε,καὶέπ’</span> <span class='ocrx_word' id='word_1_575' title='bbox 1689 2188 1812 2224; x_wconf 77' lang='grc' dir='ltr'>ἐσχάτων</span> <span class='ocrx_word' id='word_1_576' title='bbox 1824 2189 1865 2225; x_wconf 82' lang='lat'><strong>(8)</strong></span> 
     </span>
    </p>
   </div>
   <div class='ocr_carea' id='block_1_85' title="bbox 1073 2238 1250 2274">
    <p class='ocr_par' dir='ltr' id='par_1_85' title="bbox 1073 2238 1250 2274">
     <span class='ocr_line' id='line_1_85' title="bbox 1073 2238 1250 2274; baseline 0 -10"><span class='ocrx_word' id='word_1_577' title='bbox 1073 2238 1124 2265; x_wconf 75' lang='grc' dir='ltr'>τῶν</span> <span class='ocrx_word' id='word_1_578' title='bbox 1137 2238 1250 2274; x_wconf 86' lang='grc' dir='ltr'>χρόνων,</span> 
     </span>
    </p>
   </div>
   <div class='ocr_carea' id='block_1_86' title="bbox 1108 2279 1863 2317">
    <p class='ocr_par' dir='ltr' id='par_1_86' title="bbox 1108 2279 1863 2317">
     <span class='ocr_line' id='line_1_86' title="bbox 1108 2279 1863 2317; baseline -0.004 -8"><span class='ocrx_word' id='word_1_579' title='bbox 1108 2283 1152 2309; x_wconf 90' lang='grc'><strong>11.</strong></span> <span class='ocrx_word' id='word_1_580' title='bbox 1177 2283 1205 2309; x_wconf 93' lang='lat'>&#39;0</span> <span class='ocrx_word' id='word_1_581' title='bbox 1215 2282 1247 2309; x_wconf 80' lang='grc' dir='ltr'>δι’</span> <span class='ocrx_word' id='word_1_582' title='bbox 1257 2282 1353 2309; x_wconf 76' lang='grc' dir='ltr'>ἑαυτοῦ</span> <span class='ocrx_word' id='word_1_583' title='bbox 1364 2281 1540 2317; x_wconf 83' lang='grc' dir='ltr'>διηγούμενος</span> <span class='ocrx_word' id='word_1_584' title='bbox 1547 2279 1582 2307; x_wconf 85' lang='grc' dir='ltr'><strong>τὰ</strong></span> <span class='ocrx_word' id='word_1_585' title='bbox 1593 2279 1793 2315; x_wconf 82' lang='grc' dir='ltr'>προστάγματά</span> <span class='ocrx_word' id='word_1_586' title='bbox 1804 2287 1863 2306; x_wconf 86' lang='grc' dir='ltr'>σου.</span> 
     </span>
    </p>
   </div>
   <div class='ocr_carea' id='block_1_87' title="bbox 274 2319 1047 2364">
    <p class='ocr_par' dir='ltr' id='par_1_87' title="bbox 274 2319 1047 2364">
     <span class='ocr_line' id='line_1_87' title="bbox 274 2319 1047 2364; baseline 0 -7"><span class='ocrx_word' id='word_1_587' title='bbox 274 2330 318 2357; x_wconf 69' lang='grc'><strong>19..</strong></span> <span class='ocrx_word' id='word_1_588' title='bbox 329 2329 359 2357; x_wconf 88' lang='lat' dir='ltr'><strong>In</strong></span> <span class='ocrx_word' id='word_1_589' title='bbox 371 2334 407 2361; x_wconf 84' lang='lat' dir='ltr'><strong>te,</strong></span> <span class='ocrx_word' id='word_1_590' title='bbox 418 2330 516 2362; x_wconf 85' lang='lat' dir='ltr'><strong>dicit,e</strong></span> <span class='ocrx_word' id='word_1_591' title='bbox 527 2329 617 2356; x_wconf 89' lang='lat' dir='ltr'><strong>medio</strong></span> <span class='ocrx_word' id='word_1_592' title='bbox 627 2329 752 2356; x_wconf 87' lang='lat' dir='ltr'><strong>tollemus</strong></span> <span class='ocrx_word' id='word_1_593' title='bbox 763 2329 889 2356; x_wconf 85' lang='lat' dir='ltr'><strong>inimicos</strong></span> <span class='ocrx_word' id='word_1_594' title='bbox 900 2333 1020 2364; x_wconf 86' lang='lat' dir='ltr'><strong>nostros,</strong></span> <span class='ocrx_word' id='word_1_595' title='bbox 1036 2319 1047 2347; x_wconf 81' lang='grc' dir='ltr'>Ῑ</span> 
     </span>
    </p>
   </div>
   <div class='ocr_carea' id='block_1_88' title="bbox 1102 2319 1863 2364">
    <p class='ocr_par' dir='ltr' id='par_1_88' title="bbox 1107 2325 1863 2362">
     <span class='ocr_line' id='line_1_88' title="bbox 1107 2325 1863 2362; baseline -0.004 -8"><span class='ocrx_word' id='word_1_596' title='bbox 1107 2328 1151 2355; x_wconf 74' lang='grc'><strong>12.</strong></span> <span class='ocrx_word' id='word_1_597' title='bbox 1168 2328 1213 2354; x_wconf 86' lang='grc' dir='ltr'>Ἑν</span> <span class='ocrx_word' id='word_1_598' title='bbox 1228 2328 1281 2361; x_wconf 76' lang='grc' dir='ltr'>σοὶ,</span> <span class='ocrx_word' id='word_1_599' title='bbox 1295 2327 1383 2362; x_wconf 80' lang='grc' dir='ltr'>λέγει,</span> <span class='ocrx_word' id='word_1_600' title='bbox 1395 2327 1559 2362; x_wconf 82' lang='grc' dir='ltr'>ἀναιροῡμεν</span> <span class='ocrx_word' id='word_1_601' title='bbox 1571 2327 1635 2357; x_wconf 83' lang='grc' dir='ltr'>τοὺς</span> <span class='ocrx_word' id='word_1_602' title='bbox 1645 2325 1760 2361; x_wconf 82' lang='grc' dir='ltr'>ἐχθροὺς</span> <span class='ocrx_word' id='word_1_603' title='bbox 1771 2325 1863 2361; x_wconf 75' lang='grc' dir='ltr'>ἡμῶν,</span> 
     </span>
    </p>
   </div>
   <div class='ocr_carea' id='block_1_89' title="bbox 238 2372 759 2409">
    <p class='ocr_par' dir='ltr' id='par_1_89' title="bbox 238 2372 759 2409">
     <span class='ocr_line' id='line_1_89' title="bbox 238 2372 759 2409; baseline -0.004 -8"><span class='ocrx_word' id='word_1_604' title='bbox 238 2374 291 2402; x_wconf 88' lang='lat' dir='ltr'><strong>hoc</strong></span> <span class='ocrx_word' id='word_1_605' title='bbox 307 2380 349 2403; x_wconf 87' lang='lat' dir='ltr'><strong>est</strong></span> <span class='ocrx_word' id='word_1_606' title='bbox 364 2374 543 2409; x_wconf 84' lang='lat' dir='ltr'><strong>cogitationes</strong></span> <span class='ocrx_word' id='word_1_607' title='bbox 557 2373 649 2400; x_wconf 86' lang='lat' dir='ltr'><strong>cordis</strong></span> <span class='ocrx_word' id='word_1_608' title='bbox 661 2372 759 2400; x_wconf 81' lang='lat' dir='ltr'><strong>nostri.</strong></span> 
     </span>
    </p>
   </div>
   <div class='ocr_carea' id='block_1_90' title="bbox 274 2419 636 2455">
    <p class='ocr_par' dir='ltr' id='par_1_90' title="bbox 274 2419 636 2455">
     <span class='ocr_line' id='line_1_90' title="bbox 274 2419 636 2455; baseline -0.003 -8"><span class='ocrx_word' id='word_1_609' title='bbox 274 2421 318 2448; x_wconf 78' lang='grc'><strong>15.</strong></span> <span class='ocrx_word' id='word_1_610' title='bbox 333 2420 460 2455; x_wconf 79' lang='lat' dir='ltr'><strong>Diabolos</strong></span> <span class='ocrx_word' id='word_1_611' title='bbox 473 2419 619 2455; x_wconf 82' lang='lat' dir='ltr'><strong>signiﬁcat.</strong></span> <span class='ocrx_word' id='word_1_612' title='bbox 634 2439 636 2442; x_wconf 86' lang='lat'><strong>.</strong></span> 
     </span>
    </p>
   </div>
   <div class='ocr_carea' id='block_1_91' title="bbox 274 2464 867 2501">
    <p class='ocr_par' dir='ltr' id='par_1_91' title="bbox 274 2464 867 2501">
     <span class='ocr_line' id='line_1_91' title="bbox 274 2464 867 2501; baseline 0 -8"><span class='ocrx_word' id='word_1_613' title='bbox 274 2466 321 2493; x_wconf 75' lang='grc'><strong>14,</strong></span> <span class='ocrx_word' id='word_1_614' title='bbox 331 2466 390 2493; x_wconf 78' lang='lat' dir='ltr'><strong>Non</strong></span> <span class='ocrx_word' id='word_1_615' title='bbox 404 2466 477 2493; x_wconf 88' lang='lat' dir='ltr'><strong>enim</strong></span> <span class='ocrx_word' id='word_1_616' title='bbox 494 2466 521 2493; x_wconf 90' lang='lat' dir='ltr'><strong>in</strong></span> <span class='ocrx_word' id='word_1_617' title='bbox 535 2466 656 2501; x_wconf 86' lang='lat' dir='ltr'><strong>potentia</strong></span> <span class='ocrx_word' id='word_1_618' title='bbox 668 2472 727 2492; x_wconf 91' lang='lat' dir='ltr'><strong>mea</strong></span> <span class='ocrx_word' id='word_1_619' title='bbox 741 2464 867 2500; x_wconf 85' lang='lat' dir='ltr'><strong>sperabo.</strong></span> 
     </span>
    </p>
   </div>
   <div class='ocr_carea' id='block_1_92' title="bbox 274 2513 818 2542">
    <p class='ocr_par' dir='ltr' id='par_1_92' title="bbox 274 2513 818 2542">
     <span class='ocr_line' id='line_1_92' title="bbox 274 2513 818 2542; baseline -0.002 0"><span class='ocrx_word' id='word_1_620' title='bbox 274 2515 318 2542; x_wconf 76' lang='grc'><strong>15.</strong></span> <span class='ocrx_word' id='word_1_621' title='bbox 334 2514 367 2542; x_wconf 81' lang='lat' dir='ltr'><strong>Et</strong></span> <span class='ocrx_word' id='word_1_622' title='bbox 379 2522 456 2542; x_wconf 84' lang='lat' dir='ltr'><strong>arma</strong></span> <span class='ocrx_word' id='word_1_623' title='bbox 473 2521 534 2542; x_wconf 87' lang='lat' dir='ltr'><strong>mea</strong></span> <span class='ocrx_word' id='word_1_624' title='bbox 545 2521 601 2541; x_wconf 89' lang='lat' dir='ltr'><strong>non</strong></span> <span class='ocrx_word' id='word_1_625' title='bbox 617 2513 763 2542; x_wconf 85' lang='lat' dir='ltr'><strong>salvabunt</strong></span> <span class='ocrx_word' id='word_1_626' title='bbox 774 2521 818 2541; x_wconf 88' lang='lat' dir='ltr'><strong>me</strong></span> 
     </span>
    </p>
   </div>
   <div class='ocr_carea' id='block_1_93' title="bbox 1073 2371 1727 2411">
    <p class='ocr_par' dir='ltr' id='par_1_93' title="bbox 1073 2371 1727 2411">
     <span class='ocr_line' id='line_1_93' title="bbox 1073 2371 1727 2411; baseline -0.003 -9"><span class='ocrx_word' id='word_1_627' title='bbox 1073 2375 1145 2410; x_wconf 88' lang='grc' dir='ltr'>λέγω</span> <span class='ocrx_word' id='word_1_628' title='bbox 1157 2375 1189 2411; x_wconf 84' lang='grc' dir='ltr'><strong>δὴ</strong></span> <span class='ocrx_word' id='word_1_629' title='bbox 1201 2376 1264 2407; x_wconf 86' lang='grc' dir='ltr'>τοὺς</span> <span class='ocrx_word' id='word_1_630' title='bbox 1275 2376 1304 2401; x_wconf 82' lang='grc' dir='ltr'><strong>ἐν</strong></span> <span class='ocrx_word' id='word_1_631' title='bbox 1320 2375 1353 2410; x_wconf 81' lang='grc' dir='ltr'><strong>τῇ</strong></span> <span class='ocrx_word' id='word_1_632' title='bbox 1371 2374 1470 2410; x_wconf 76' lang='grc' dir='ltr'>καρδίᾳ</span> <span class='ocrx_word' id='word_1_633' title='bbox 1481 2375 1497 2409; x_wconf 86' lang='grc' dir='ltr'>ὴ</span> <span class='ocrx_word' id='word_1_634' title='bbox 1502 2373 1560 2409; x_wconf 88' lang='grc' dir='ltr'><strong>μῶν</strong></span> <span class='ocrx_word' id='word_1_635' title='bbox 1573 2371 1727 2408; x_wconf 84' lang='grc' dir='ltr'>λογισμούς.</span> 
     </span>
    </p>
   </div>
   <div class='ocr_carea' id='block_1_94' title="bbox 1109 2419 1540 2456">
    <p class='ocr_par' dir='ltr' id='par_1_94' title="bbox 1109 2419 1540 2456">
     <span class='ocr_line' id='line_1_94' title="bbox 1109 2419 1540 2456; baseline -0.007 -8"><span class='ocrx_word' id='word_1_636' title='bbox 1109 2422 1152 2449; x_wconf 73' lang='grc'><strong>15.</strong></span> <span class='ocrx_word' id='word_1_637' title='bbox 1169 2422 1238 2454; x_wconf 84' lang='grc' dir='ltr'>Τοὺς</span> <span class='ocrx_word' id='word_1_638' title='bbox 1251 2420 1388 2452; x_wconf 86' lang='grc' dir='ltr'>διαϐόλους</span> <span class='ocrx_word' id='word_1_639' title='bbox 1404 2420 1441 2456; x_wconf 88' lang='grc'>(9)</span> <span class='ocrx_word' id='word_1_640' title='bbox 1458 2419 1540 2454; x_wconf 81' lang='grc' dir='ltr'>λέγει·</span> 
     </span>
    </p>
   </div>
   <div class='ocr_carea' id='block_1_95' title="bbox 1109 2463 1698 2502">
    <p class='ocr_par' dir='ltr' id='par_1_95' title="bbox 1109 2463 1698 2502">
     <span class='ocr_line' id='line_1_95' title="bbox 1109 2463 1698 2502; baseline -0.007 -8"><span class='ocrx_word' id='word_1_641' title='bbox 1109 2467 1154 2495; x_wconf 74' lang='grc' dir='ltr'><strong>Η.</strong></span> <span class='ocrx_word' id='word_1_642' title='bbox 1168 2467 1204 2493; x_wconf 86' lang='grc' dir='ltr'><strong>Οὐ</strong></span> <span class='ocrx_word' id='word_1_643' title='bbox 1221 2466 1275 2502; x_wconf 85' lang='grc' dir='ltr'><strong>γὰρ</strong></span> <span class='ocrx_word' id='word_1_644' title='bbox 1289 2466 1318 2493; x_wconf 88' lang='grc' dir='ltr'><strong>ἐν</strong></span> <span class='ocrx_word' id='word_1_645' title='bbox 1333 2467 1366 2502; x_wconf 80' lang='grc' dir='ltr'><strong>τῇ</strong></span> <span class='ocrx_word' id='word_1_646' title='bbox 1381 2464 1522 2500; x_wconf 79' lang='grc' dir='ltr'>δυναστείᾳ</span> <span class='ocrx_word' id='word_1_647' title='bbox 1537 2472 1587 2499; x_wconf 86' lang='grc' dir='ltr'><strong>μου</strong></span> <span class='ocrx_word' id='word_1_648' title='bbox 1604 2463 1698 2491; x_wconf 87' lang='grc' dir='ltr'>ἐλπιῶ.</span> 
     </span>
    </p>
   </div>
   <div class='ocr_carea' id='block_1_96' title="bbox 1110 2509 1688 2548">
    <p class='ocr_par' dir='ltr' id='par_1_96' title="bbox 1110 2509 1688 2548">
     <span class='ocr_line' id='line_1_96' title="bbox 1110 2509 1688 2548; baseline -0.007 -8"><span class='ocrx_word' id='word_1_649' title='bbox 1110 2512 1155 2540; x_wconf 82' lang='grc'><strong>15.</strong></span> <span class='ocrx_word' id='word_1_650' title='bbox 1168 2512 1225 2548; x_wconf 85' lang='grc'><strong>(10)</strong></span> <span class='ocrx_word' id='word_1_651' title='bbox 1238 2512 1293 2539; x_wconf 78' lang='grc' dir='ltr'><strong>Καὶ</strong></span> <span class='ocrx_word' id='word_1_652' title='bbox 1309 2512 1344 2539; x_wconf 78' lang='grc' dir='ltr'><strong>τὰ</strong></span> <span class='ocrx_word' id='word_1_653' title='bbox 1355 2511 1424 2538; x_wconf 80' lang='grc' dir='ltr'>ὅπλα</span> <span class='ocrx_word' id='word_1_654' title='bbox 1438 2519 1489 2547; x_wconf 87' lang='grc' dir='ltr'><strong>μου</strong></span> <span class='ocrx_word' id='word_1_655' title='bbox 1509 2511 1540 2537; x_wconf 84' lang='grc' dir='ltr'>οὺ</span> <span class='ocrx_word' id='word_1_656' title='bbox 1554 2509 1637 2537; x_wconf 82' lang='grc' dir='ltr'>σώσει</span> <span class='ocrx_word' id='word_1_657' title='bbox 1655 2518 1688 2545; x_wconf 87' lang='grc' dir='ltr'><strong>με</strong></span> 
     </span>
    </p>
   </div>
   <div class='ocr_carea' id='block_1_97' title="bbox 714 2579 1385 2621">
    <p class='ocr_par' dir='ltr' id='par_1_97' title="bbox 714 2579 1385 2621">
     <span class='ocr_line' id='line_1_97' title="bbox 714 2579 1385 2621; baseline -0.004 -9"><span class='ocrx_word' id='word_1_658' title='bbox 714 2581 868 2613; x_wconf 80' lang='lat' dir='ltr'><strong>Addenda</strong></span> <span class='ocrx_word' id='word_1_659' title='bbox 881 2583 912 2613; x_wconf 85' lang='lat' dir='ltr'><strong>et</strong></span> <span class='ocrx_word' id='word_1_660' title='bbox 931 2580 1119 2621; x_wconf 81' lang='lat' dir='ltr'><strong>corrigenda</strong></span> <span class='ocrx_word' id='word_1_661' title='bbox 1134 2589 1174 2611; x_wconf 82' lang='lat' dir='ltr'><strong>ex</strong></span> <span class='ocrx_word' id='word_1_662' title='bbox 1189 2579 1261 2611; x_wconf 89' lang='lat' dir='ltr'><strong>cod.</strong></span> <span class='ocrx_word' id='word_1_663' title='bbox 1284 2579 1385 2610; x_wconf 81' lang='lat' dir='ltr'><strong>Vatic.</strong></span> 
     </span>
    </p>
   </div>
   <div class='ocr_carea' id='block_1_98' title="bbox 290 2643 754 2680">
    <p class='ocr_par' dir='ltr' id='par_1_98' title="bbox 290 2643 754 2680">
     <span class='ocr_line' id='line_1_98' title="bbox 290 2643 754 2680; baseline -0.002 -9"><span class='ocrx_word' id='word_1_664' title='bbox 290 2645 316 2680; x_wconf 79' lang='lat' dir='ltr'><strong>l)</strong></span> <span class='ocrx_word' id='word_1_665' title='bbox 331 2645 362 2670; x_wconf 89' lang='grc' dir='ltr'>Ἦ</span> <span class='ocrx_word' id='word_1_666' title='bbox 374 2644 418 2671; x_wconf 81' lang='grc' dir='ltr'>διὰ</span> <span class='ocrx_word' id='word_1_667' title='bbox 431 2644 480 2679; x_wconf 80' lang='grc' dir='ltr'><strong>τῆς</strong></span> <span class='ocrx_word' id='word_1_668' title='bbox 493 2643 677 2679; x_wconf 78' lang='grc' dir='ltr'>κινναϐάρεως</span> <span class='ocrx_word' id='word_1_669' title='bbox 692 2652 754 2680; x_wconf 84' lang='grc' dir='ltr'>περ.</span> 
     </span>
    </p>
   </div>
   <div class='ocr_carea' id='block_1_99' title="bbox 285 2679 547 2759">
    <p class='ocr_par' dir='ltr' id='par_1_99' title="bbox 285 2679 547 2759">
     <span class='ocr_line' id='line_1_99' title="bbox 285 2679 378 2713; baseline 0.011 -7"><span class='ocrx_word' id='word_1_670' title='bbox 285 2681 312 2713; x_wconf 73' lang='lat'><strong>2)</strong></span> <span class='ocrx_word' id='word_1_671' title='bbox 336 2679 378 2707; x_wconf 86' lang='grc' dir='ltr'><strong>Δέ.</strong></span> 
     </span>
     <span class='ocr_line' id='line_1_100' title="bbox 285 2714 547 2759; baseline -0.011 0"><span class='ocrx_word' id='word_1_672' title='bbox 285 2716 312 2759; x_wconf 67' lang='lat'><strong>3!?</strong></span> <span class='ocrx_word' id='word_1_673' title='bbox 329 2714 547 2759; x_wconf 52' lang='lat' dir='ltr'><strong>‘I’E‘dWW-M</strong></span> 
     </span>
    </p>
   </div>
   <div class='ocr_carea' id='block_1_100' title="bbox 277 2749 578 2821">
    <p class='ocr_par' dir='ltr' id='par_1_100' title="bbox 277 2749 578 2821">
     <span class='ocr_line' id='line_1_101' title="bbox 277 2749 578 2787; baseline -0.003 -10"><span class='ocrx_word' id='word_1_674' title='bbox 277 2749 313 2783; x_wconf 64' lang='grc' dir='ltr'><strong>(ὦ)</strong></span> <span class='ocrx_word' id='word_1_675' title='bbox 334 2749 441 2787; x_wconf 77' lang='grc' dir='ltr'>Ἔργων</span> <span class='ocrx_word' id='word_1_676' title='bbox 458 2749 578 2784; x_wconf 84' lang='grc' dir='ltr'>ἀγαθῶν.</span> 
     </span>
     <span class='ocr_line' id='line_1_102' title="bbox 277 2785 526 2821; baseline -0.008 -8"><span class='ocrx_word' id='word_1_677' title='bbox 277 2786 315 2820; x_wconf 73' lang='grc' dir='ltr'><strong>(ὅ)</strong></span> <span class='ocrx_word' id='word_1_678' title='bbox 331 2785 526 2821; x_wconf 85' lang='grc' dir='ltr'>Διηγήσασθαι.</span> 
     </span>
    </p>
   </div>
   <div class='ocr_carea' id='block_1_101' title="bbox 278 2839 680 2874">
    <p class='ocr_par' dir='ltr' id='par_1_101' title="bbox 278 2839 680 2874">
     <span class='ocr_line' id='line_1_103' title="bbox 278 2839 680 2874; baseline 0 -7"><span class='ocrx_word' id='word_1_679' title='bbox 278 2841 317 2874; x_wconf 78' lang='grc' dir='ltr'>(ιι)</span> <span class='ocrx_word' id='word_1_680' title='bbox 331 2840 439 2874; x_wconf 79' lang='lat' dir='ltr'><strong>Aliquid</strong></span> <span class='ocrx_word' id='word_1_681' title='bbox 458 2839 554 2869; x_wconf 85' lang='lat' dir='ltr'><strong>deesse</strong></span> <span class='ocrx_word' id='word_1_682' title='bbox 567 2839 680 2868; x_wconf 85' lang='lat' dir='ltr'><strong>videtur.</strong></span> 
     </span>
    </p>
   </div>
   <div class='ocr_carea' id='block_1_102' title="bbox 1116 2640 1438 2676">
    <p class='ocr_par' dir='ltr' id='par_1_102' title="bbox 1116 2640 1438 2676">
     <span class='ocr_line' id='line_1_104' title="bbox 1116 2640 1438 2676; baseline -0.012 -7"><span class='ocrx_word' id='word_1_683' title='bbox 1116 2641 1151 2676; x_wconf 67' lang='grc'><strong>(6)</strong></span> <span class='ocrx_word' id='word_1_684' title='bbox 1167 2640 1438 2676; x_wconf 81' lang='grc' dir='ltr'>Κατεκληρονόμησε.</span> 
     </span>
    </p>
   </div>
   <div class='ocr_carea' id='block_1_103' title="bbox 1113 2648 1858 2711">
    <p class='ocr_par' dir='ltr' id='par_1_103' title="bbox 1113 2648 1858 2711">
     <span class='ocr_line' id='line_1_105' title="bbox 1116 2648 1785 2702; baseline -0.007 -33"><span class='ocrx_word' id='word_1_685' title='bbox 1116 2648 1151 2676; x_wconf 65' lang='grc' dir='ltr'><strong>ξθ)</strong></span> <span class='ocrx_word' id='word_1_686' title='bbox 1168 2648 1438 2702; x_wconf 60' lang='grc' dir='ltr'>λατεκΛηρονοὲιησε.</span> <span class='ocrx_word' id='word_1_687' title='bbox 1771 2669 1785 2680; x_wconf 48' lang='grc' dir='ltr'><strong><em>ν</em></strong></span> 
     </span>
     <span class='ocr_line' id='line_1_106' title="bbox 1113 2671 1858 2711; baseline -0.007 -8"><span class='ocrx_word' id='word_1_688' title='bbox 1113 2677 1152 2711; x_wconf 85' lang='lat'><strong>(7)</strong></span> <span class='ocrx_word' id='word_1_689' title='bbox 1167 2675 1200 2702; x_wconf 84' lang='lat' dir='ltr'><strong>N.</strong></span> <span class='ocrx_word' id='word_1_690' title='bbox 1217 2677 1244 2708; x_wconf 88' lang='lat'><strong>9,</strong></span> <span class='ocrx_word' id='word_1_691' title='bbox 1261 2676 1322 2702; x_wconf 82' lang='grc' dir='ltr'>’Ότι</span> <span class='ocrx_word' id='word_1_692' title='bbox 1335 2676 1353 2710; x_wconf 81' lang='grc' dir='ltr'>ἠ</span> <span class='ocrx_word' id='word_1_693' title='bbox 1370 2675 1468 2710; x_wconf 88' lang='grc' dir='ltr'>έλησας</span> <span class='ocrx_word' id='word_1_694' title='bbox 1479 2673 1584 2706; x_wconf 77' lang='grc' dir='ltr'>αὐτούς.</span> <span class='ocrx_word' id='word_1_695' title='bbox 1596 2673 1628 2701; x_wconf 85' lang='grc' dir='ltr'><strong>Ν.</strong></span> <span class='ocrx_word' id='word_1_696' title='bbox 1646 2673 1688 2705; x_wconf 85' lang='grc'><strong>10,</strong></span> <span class='ocrx_word' id='word_1_697' title='bbox 1707 2671 1744 2698; x_wconf 81' lang='grc' dir='ltr'><strong>Σὺ</strong></span> <span class='ocrx_word' id='word_1_698' title='bbox 1758 2679 1794 2704; x_wconf 88' lang='grc' dir='ltr'>ει,</span> <span class='ocrx_word' id='word_1_699' title='bbox 1808 2677 1858 2700; x_wconf 73' lang='lat' dir='ltr'><strong>etc.</strong></span> 
     </span>
    </p>
   </div>
   <div class='ocr_carea' id='block_1_104' title="bbox 1124 2710 1316 2748">
    <p class='ocr_par' dir='ltr' id='par_1_104' title="bbox 1124 2710 1316 2748">
     <span class='ocr_line' id='line_1_107' title="bbox 1124 2710 1316 2748; baseline 0 -10"><span class='ocrx_word' id='word_1_700' title='bbox 1124 2713 1151 2748; x_wconf 91' lang='grc'><strong>8)</strong></span> <span class='ocrx_word' id='word_1_701' title='bbox 1176 2710 1316 2748; x_wconf 80' lang='grc' dir='ltr'><strong>Ἐσχάτου.</strong></span> 
     </span>
    </p>
   </div>
   <div class='ocr_carea' id='block_1_105' title="bbox 1126 2746 1316 2781">
    <p class='ocr_par' dir='ltr' id='par_1_105' title="bbox 1126 2746 1316 2781">
     <span class='ocr_line' id='line_1_108' title="bbox 1126 2746 1316 2781; baseline -0.021 -6"><span class='ocrx_word' id='word_1_702' title='bbox 1126 2749 1153 2781; x_wconf 84' lang='grc'><strong>9)</strong></span> <span class='ocrx_word' id='word_1_703' title='bbox 1170 2746 1316 2781; x_wconf 79' lang='grc' dir='ltr'>Δαίμονας.</span> 
     </span>
    </p>
   </div>
   <div class='ocr_carea' id='block_1_106' title="bbox 1128 2780 1366 2818">
    <p class='ocr_par' dir='ltr' id='par_1_106' title="bbox 1128 2780 1366 2818">
     <span class='ocr_line' id='line_1_109' title="bbox 1128 2780 1366 2818; baseline -0.008 -8"><span class='ocrx_word' id='word_1_704' title='bbox 1128 2780 1169 2818; x_wconf 76' lang='lat'><strong>10)</strong></span> <span class='ocrx_word' id='word_1_705' title='bbox 1185 2781 1217 2808; x_wconf 86' lang='lat' dir='ltr'><strong>N.</strong></span> <span class='ocrx_word' id='word_1_706' title='bbox 1233 2780 1267 2808; x_wconf 85' lang='grc'><strong>15</strong></span> <span class='ocrx_word' id='word_1_707' title='bbox 1281 2781 1366 2809; x_wconf 76' lang='lat' dir='ltr'><strong>deest.</strong></span> 
     </span>
    </p>
   </div>
  </div>
