1916 3052
72 120 129 150 8'1!

539 123 582 152 DE
601 123 738 152 TITULIS
759 123 983 152 PSALMORUM.
1003 140 1038 145 --
1053 123 1149 152 PSAL.
1170 124 1259 152 XLIII.

1648 121 1705 165 323

109 184 155 212 16.
182 184 309 217 Ἔσωσας
333 184 387 220 γὰρ
403 185 476 220 ἡμᾶς
493 185 525 212 ὲκ
540 186 594 212 τῶν
611 185 754 213 θλιϐόντων
775 187 866 222 ἡμᾶς·

956 186 998 213 16.
1014 185 1131 213 Salvasti
1145 185 1216 212 cnim
1230 192 1280 212 nos
1296 182 1522 221 dammam:
1535 191 1604 212 nos:

110 231 158 258 I7.
171 231 226 258 Kal
242 231 307 263 τοὺς
322 231 468 267 μισοῦντας
482 233 556 268 ἡμᾶς
570 233 749 269 κατῄσχυνας.

112 278 157 306 18.
175 278 220 305 Ἐν
233 277 273 313 τῷ
285 277 345 313 Θεῷ
356 279 592 314 ἔπαινεθησόμεθα
605 280 669 315 ὅλην
683 280 733 315 τὴν
744 280 865 316 ἡμέραν·

112 324 157 351 19.
176 325 230 350 Kal
246 325 275 351 ὲν
293 324 333 360 τῷ
359 324 470 360 ὀνόματί
489 333 535 352 σου
553 325 805 362 ὲξομολογησόμεθα
826 327 867 359 είς

73 369 122 396 τὸν
137 369 235 396 αῗῶνα.

111 415 158 442 20.
178 415 246 442 Νυνὶ
262 415 291 442 δὲ
305 415 408 442 ἀπώσω
424 416 472 443 xal
487 415 659 452 κατῄσχυνας
672 417 760 452 ἡμᾶς·

111 459 144 485 21
151 479 158 484 .
166 458 220 484 Καὶ
225 457 418 494 οὺκὲξελεύσῃ.
424 457 518 490 όΘεὸς,
527 459 620 491 ὲνταίς
625 459 865 495 δυνάμσινὴμῶν.

112 503 160 530 22.
180 503 367 539 Ἀπέιπρεψας
389 504 463 539 ἡμᾶς
487 505 527 536 είς
547 504 582 531 τὰ
598 505 685 532 ὀπίσω
710 505 785 542 παρὰ
804 506 867 537 τοὺς

76 549 194 585 ἐχθροὺς
207 549 298 585 ἡμῶν.

112 595 160 622 25.
178 595 232 621 Kal
245 595 270 621 οἱ
284 594 426 630 μισοῦντες
439 596 512 631 ἡμᾶς
525 595 674 631 διήρπαζον
687 596 802 628 ἑαυτοῖς.

109 641 158 668 24.
179 641 301 673 Ἐδωκας
313 642 386 677 ἡμᾶς
399 642 436 673 ὼς
450 642 574 676 πρόϐατα
590 641 716 678 βρώσεως
727 651 733 658 ·

109 687 157 714 25.
174 687 229 714 Kal
241 687 271 714 ὲν
284 689 340 720 τοῖς
352 687 440 714 ἔθνεσι
454 687 612 723 διέσπειρας
624 688 698 723 ἡμᾶς

111 732 159 760 26.
171 733 286 759 Ἀπέδου
297 733 343 759 τὸν
361 732 426 759 λαόν
442 741 489 759 σου
504 732 568 759 ἄνευ
582 732 665 767 τιμῆς
674 740 682 749 ο

111 777 157 804 27.
171 777 226 804 Kal
239 778 289 804 οὑκ
304 775 338 813 ἦν
352 777 453 813 πλῆθος
463 779 492 805 ὲν
507 779 564 809 τοῖς
574 777 763 813 ἀλαλάγμασιν
777 777 864 813 ἡμῶν.

110 867 157 894 28.
178 867 259 894 Ἔθου
279 868 353 902 ἡμᾶς
367 867 468 899 ὄνειδος
480 868 537 899 τοῖς
552 867 670 901 γείτοσιν
684 867 700 902 ὴ
705 866 762 902 μῶν
772 875 778 882 ·

106 913 152 940 29.
167 913 364 949 Μυκτηρισμδν
377 913 424 940 καὶ
434 912 586 948 χλευασμὸν
604 913 659 944 τοῖς
674 911 766 947 κύκλῳ
776 911 864 946 ἡμῶν,

111 1001 156 1030 30.
176 1002 257 1028 Ἐθου
272 1002 346 1038 ἡμᾶς
360 1003 400 1034 είς
417 1001 574 1038 παραϐολὴν
593 1002 622 1028 ὲν
636 1003 692 1034 τοῖς
709 1001 814 1033 ἔθνεσι,

109 1049 154 1076 3L
177 1049 291 1083 Κίνησιν
308 1049 428 1085 κεφαλῆς
440 1050 469 1076 ὲν
481 1051 537 1081 τοῖς
548 1049 633 1081 λαοτς.

113 1093 156 1121 52.
176 1094 258 1130 Ὅλην
270 1094 320 1130 τὴν
333 1094 468 1130 ήμέρανὴ
491 1095 607 1130 ἐντροπὴ
626 1102 677 1130 μου
693 1095 866 1122 κατεναντίον

79 1139 130 1175 τιού
146 1140 215 1172 ἐστι,

111 1185 155 1212 55.
173 1185 227 1215 Kal
245 1185 262 1220 ἡ
278 1185 393 1221 αἰσχύνη
409 1186 455 1213 τοῦ
469 1185 614 1221 προσώπου
625 1195 674 1222 μου
685 1186 803 1221 ὲκάλυψέ
820 1195 863 1222 με.

110 1230 155 1257 54.
170 1230 236 1257 Ἀπὸ
245 1231 336 1266 φωνῆς
344 1231 526 1264 ὀνειδίζοντος,
538 1232 584 1258 καὶ
595 1231 807 1263 καταλαλοῦντος
815 1231 863 1267 (a)-

111 1276 151 1312 (a)
164 1276 400 1312 Παρακαλοῦντος,
420 1278 448 1304 ἱη
465 1277 587 1313 margine
605 1278 665 1306 cod.
683 1283 713 1305 ut
728 1278 755 1305 in
771 1282 856 1305 textu.

957 233 1000 260 I7.
1016 232 1049 261 Et
1062 233 1184 261 odientes
1195 240 1246 261 nos
1259 231 1418 260 confudisti.

954 279 998 307 I8.
1013 278 1041 306 In
1059 279 1114 307 Deo
1126 279 1297 307 laudabimur
1311 283 1365 306 tota
1379 279 1442 306 die:

954 326 997 354 I9.
1013 325 1046 354 Et
1063 326 1090 353 in
1106 325 1217 354 nomine
1233 329 1280 353 tuo
1293 325 1483 353 conﬁtebimur
1498 324 1525 352 in
1541 324 1682 352 smculu'm.

955 412 1001 440 20.
1013 412 1091 440 Nunc
1105 417 1196 441 autem
1211 413 1336 449 repulisti
1345 417 1372 440 et
1382 412 1528 440 confudisti
1543 420 1593 440 nos
1605 422 1611 440 :

952 459 998 486 2I.
1024 459 1117 487 Etnon
1128 460 1286 496 egredieris,
1298 460 1380 493 Deus,
1389 460 1416 488 in
1424 459 1570 487 virtutibus
1585 459 1697 488 nostris.

952 506 998 535 22.
1012 503 1210 535 Avertisti'nos
1234 511 1384 534 retrorsum
1411 511 1473 542 post
1496 506 1621 534 inimicos
1649 513 1700 534 no-

917 556 998 580 stros.

949 596 994 623 23.
1010 596 1042 624 Et
1053 597 1101 632 qui
1113 596 1229 625 oderunt
1243 604 1294 625 nos
1307 596 1470 631 diripiebant
1483 596 1545 624 sibi.

951 642 996 669 24.
1010 641 1112 670 Dedisti
1123 650 1173 670 nos
1187 647 1316 677 tanquam
1327 649 1391 669 oves
1401 649 1540 674 escarum;

951 687 996 714 25.
1014 687 1047 715 Et
1059 688 1084 714 in
1101 687 1225 722 gentibus
1240 687 1391 722 dispersisti
1403 694 1463 714 nos.

951 733 996 760 26.
1014 732 1161 761 Vendidisti
1175 733 1303 768 populum
1316 738 1391 760 tuum
1404 732 1464 760 sine
1478 731 1582 766 pretio:

952 779 996 806 27.
1013 778 1046 806 Et
1061 786 1114 806 non
1143 779 1195 806 fuit
1218 779 1366 807 multitudo
1394 779 1420 806 in
1440 777 1700 806 commutationibus

918 825 1028 852 nostris.

882 882 904 910 Β
952 871 999 899 28.
1014 871 1133 899 Posuisti
1147 879 1198 899 nos
1211 878 1388 906 oppronnum
1402 871 1501 900 vicinis
1517 872 1617 900 nostris
1630 881 1637 899 :

952 917 997 944 29.
1014 917 1260 945 Subs‘annationem
1284 923 1311 945 et
1331 918 1451 946 derisum
1475 918 1517 946 bis
1537 919 1584 953 qui
1600 919 1627 946 in
1645 919 1700 946 cir-

918 962 991 990 cuitu
1009 968 1112 990 nostro.

953 1007 998 1034 '50.
1013 1006 1131 1035 Posuisti
1147 1015 1198 1035 nos
1212 1007 1238 1034 in
1254 1007 1460 1036 similitudinem
1475 1009 1502 1036 in
1517 1010 1654 1045 gentibus,

955 1053 1000 1080 51.
1015 1053 1231 1081 Commotionem
1248 1054 1344 1089 capitis
1355 1055 1382 1082 in
1398 1055 1515 1090 populis.

953 1099 998 1126 52.
1016 1098 1084 1126 Tota
1097 1099 1142 1126 die
1155 1100 1317 1127 verecundia
1332 1108 1391 1128 mea
1408 1104 1502 1128 contra
1519 1109 1563 1129 me
1576 1105 1630 1135 est,

952 1187 996 1215 55.
1014 1186 1046 1215 Et
1061 1187 1187 1216 confusio
1202 1188 1279 1217 faciei
1293 1189 1345 1217 mei
1357 1189 1498 1224 cooperuit
1514 1197 1567 1216 me.

953 1233 998 1261 54.
1015 1235 1037 1260 Δ
1051 1242 1117 1262 voce
1129 1235 1319 1270 exprobrantis
1332 1240 1359 1263 et
1369 1235 1560 1270 obloquentis:

639 1335 826 1364 ATHANASII
847 1333 1139 1364 INTERPRETATIO.

111 1382 158 1410 I6.
180 1382 227 1409 Ἐκ
238 1382 293 1409 τῶν
307 1383 434 1410 ἐναντίων
447 1383 596 1418 δυνάμεων.

117 1429 159 1456 I7.
181 1423 236 1460 Τὰς
247 1429 333 1460 αὑτὰς
344 1429 382 1465 (I)
397 1429 535 1463 δυνάμεις.

116 1476 160 1502 I8.
173 1475 218 1501 Ἐν
228 1474 266 1510 τῷ
277 1474 336 1510 Θεῷ
353 1475 546 1510 καυχησόμεθα
556 1475 598 1502 ἀεὶ
607 1475 682 1508 ὄντες
695 1476 724 1503 ἐν
734 1475 773 1511 τῷ
786 1475 864 1510 φωτί.

115 1521 160 1548 I9.
171 1521 226 1547 Kal
239 1520 268 1546 ὲν
278 1520 317 1556 τῷ
332 1520 443 1556 ὀνόματι
456 1529 502 1548 σου
513 1520 548 1547 τὰ
560 1520 663 1557 ἀρεστὰ
683 1520 799 1548 ἐνώπιόν
820 1529 866 1548 σου

80 1566 241 1601 ποιήσομεν.

113 1611 159 1639 20.
173 1611 225 1638 Τὺν
235 1611 300 1638 λαὸν
311 1611 386 1645 λέγει
403 1610 456 1638 τῶν
472 1611 619 1639 Ἰουδαίων.

114 1658 159 1685 21.
168 1657 223 1684 Kal
235 1657 263 1684 ἐν
271 1658 327 1689 τοῖς
334 1657 447 1694 ἄρχουσι
457 1657 511 1684 τῶν
520 1657 651 1684 Ἰουδαίων
660 1657 710 1685 οὐκ
717 1657 865 1694 εὐδοκήσει.

114 1703 160 1729 22.
182 1702 356 1737 Παρέδωκας,
370 1693 457 1738 λέγει,
474 1703 687 1736 τοὺςΊουδαίους
699 1704 760 1736 ταῖς
774 1703 866 1730 ὲπιθυε

83 1748 156 1783 μίαις
171 1747 226 1773 τῶν
242 1746 362 1782 καρδιῶν
376 1747 476 1775 αὐτῶν.

116 1794 159 1821 25.
175 1793 230 1825 Τὰς
246 1792 335 1829 ψυχὰς
351 1793 428 1829 ἡμῶν
443 1795 467 1821 οἱ
482 1794 608 1830 δαίμονες
621 1794 781 1830 διήρπαζον.

116 1839 162 1866 2L
177 1838 233 1866 Kal
250 1839 324 1874 ἡμᾶς
345 1839 382 1875 (2)
394 1839 446 1866 ὑπὸ
457 1839 511 1867 τῶν
520 1840 661 1876 ἁμαρτιῶν
673 1840 710 1873 ὡς
722 1841 773 1868 ὑπὸ
781 1840 869 1868 λύκων

83 1884 266 1920 ἁρπάζεσθαι.

117 1929 164 1957 25.
181 1929 234 1956 Kal
248 1929 286 1960 ὡς
298 1929 326 1955 ὲν
340 1929 511 1966 αἰχμαλωσίᾳ
527 1930 697 1966 πεπραμένοι
712 1930 794 1965 ἐσμὲν
811 1931 870 1962 ταῖς

83 1975 233 2011 ἁμαρτίαις
250 1975 339 2011 ἡμῶν.

118 2021 162 2048 26.
180 2021 295 2053 Δούλους
307 2021 401 2053 εἴασας
421 2023 496 2057 ἡμᾶς
513 2020 582 2049 εἶναι
598 2022 646 2057 τῆς
661 2022 797 2058 ἁμαρτίας
818 2022 867 2058 (3).

118 2067 162 2094 27.
179 2067 233 2093 Kal
246 2067 297 2094 οὐκ
313 2066 385 2094 ἐστιν
400 2068 414 2093 ὁ
521 2067 590 2103 πρὸς
610 2053 642 2095 σέ
657 2053 726 2103 μὲτᾶ
747 2053 869 2104 κραυγῆς
884 2053 908 2081 D

85 2113 200 2148 ἰσχυρᾶς
212 2113 260 2139 καὶ
271 2112 407 2148 δακρύων.

117 2159 163 2187 28.
179 2159 312 2194 Αἰσχύνην
324 2158 467 2191 κατέλιπες
481 2159 554 2195 ἡμᾶς
569 2161 624 2191 τοῖς
640 2161 669 2186 ὲν
681 2160 720 2196 τῷ
733 2160 838 2188 κόσιιω.

119 2249 165 2276 29.
180 2247 375 2283 Καταγέλωτα,
390 2248 474 2283 λέγει,
486 2249 540 2281 τοῖς
553 2248 686 2284 δαίμοσιν.

118 2292 261 2320 50.Λα>άῖ›ν
266 2292 320 2328 γὰρ
327 2293 356 2320 ἐν
361 2293 536 2328 Εὐαγγελίοις
542 2295 570 2320 ὲν
577 2295 633 2325 τοῖς
639 2293 802 2326 ἕθνεσι,τοὺς
810 2294 871 2321 Ἰου-

83 2338 174 2370 δαίους
183 2338 220 2373 (ι)
228 2337 384 2374 παραϐολὴν
392 2338 495 2374 ἢγαγεν
501 2339 549 2374 οὐχ
558 2338 640 2372 ἅπαξ,
651 2339 718 2366 ἀλλὰ
731 2339 868 2371 πολλάκις.

119 2383 164 2411 3i.
181 2383 236 2410 Kal
249 2383 298 2418 τὴν
308 2383 393 2420 ἀρχὴν
409 2384 458 2419 τῆς
471 2384 594 2417 ἐξουσίας
606 2404 613 2416 ,
630 2385 663 2420 ἢν
679 2383 750 2420 εἶχον
766 2386 790 2412 οἱ
803 2386 870 2413 Ἰου-

84 2430 164 2462 δαῖοι,
178 2431 333 2465 μετήγαγεν
343 2431 382 2462 είς
394 2430 428 2457 τὰ
445 2430 518 2467 ἔθνη.

88 2497 102 2503 ν
121 2475 164 2502 52.
185 2475 344 2507 ’Δπαύστως
361 2477 379 2511 ἡ
395 2477 518 2512 ἁμαρτία
534 2485 584 2512 μου
599 2479 657 2512 μετ’
670 2478 735 2513 ἐμοῦ
751 2479 834 2506 ἐστιν.

121 2520 164 2547 33.
176 2520 231 2546 Kal
239 2521 256 2556 ὴ
264 2520 333 2556 αὑτὴ
342 2521 464 2556 ἁμαρτία
473 2522 522 2557 τῆς
534 2521 622 2558 ψυχῆς
631 2531 682 2558 μου
697 2524 813 2556 σκοτίζει
825 2533 869 2560 με.

123 2566 165 2594 51.
184 2567 252 2593 Ἀπὸ
266 2566 316 2601 τῆς
331 2567 504 2601 διδασκαλίας
519 2569 565 2595 τοῦ
580 2568 713 2597 διαϐόλου.

123 2615 144 2630 ⁸⁸
157 2613 241 2642 Hebr.
258 2622 286 2648 v,
300 2614 328 2641 7.

882 1385 903 1413 c
955 1381 997 1408 I6.
1015 1381 1037 1407 Α
1050 1379 1196 1408 contrariis
1211 1380 1401 1415 potestatibus.

953 1427 997 1455 I7.
1012 1426 1126 1454 Easdem
1141 1430 1299 1461 potestates.

952 1473 996 1500 I8.
1011 1473 1040 1500 In
1049 1472 1104 1501 Deo
1114 1473 1290 1509 gloriabimur
1301 1480 1408 1509 semper
1418 1474 1580 1503 exsisteutes
1592 1474 1619 1502 in
1631 1475 1700 1503 luce.

953 1519 997 1547 I9.
1011 1518 1043 1545 Et
1056 1519 1082 1546 in
1096 1519 1207 1546 nomine
1220 1523 1267 1546 tuo
1279 1527 1339 1554 quae
1353 1519 1450 1554 placita
1467 1519 1515 1547 tibi
1534 1525 1598 1548 sunt
1610 1528 1702 1549 coram

917 1570 944 1594 te
958 1565 1104 1594 faciemus.

952 1611 998 1638 20.
1016 1610 1149 1646 Populum
1165 1611 1340 1639 Hebrmorum
1355 1612 1500 1648 significat.

953 1657 998 1684 2I.
1015 1657 1048 1684 Et
1059 1657 1086 1684 in
1100 1657 1268 1693 principibus
1277 1657 1432 1685 Iudaeorum
1443 1666 1499 1686 non
1512 1659 1702 1694 complacebit.

952 1701 998 1730 22.
1012 1701 1169 1736 Tradidisti,
1180 1702 1278 1738 inquit,
1286 1701 1393 1730 Iudaeos
1404 1702 1630 1738 concupiscentiis
1641 1710 1703 1731 cor-

919 1747 993 1775 dium
1008 1754 1114 1774 eorum.

953 1793 999 1820 23.
1012 1793 1126 1821 Animas
1140 1796 1248 1820 nostras
1261 1793 1398 1821 daemones
1409 1793 1591 1828 diripuerunt.

953 1839 998 1867 24.
1018 1839 1051 1867 Ει.
1064 1847 1115 1868 nos
1130 1847 1146 1867 a
1161 1840 1278 1875 peccatis
1292 1839 1375 1868 veluti
1387 1847 1402 1867 a
1415 1840 1486 1875 lupis
1500 1840 1568 1875 rapi.

955 1929 1000 1956 25.
1016 1929 1050 1956 Et
1063 1929 1146 1957 veluti
1165 1930 1194 1957 in
1219 1930 1401 1966 captivitatem
1417 1931 1518 1958 venditi
1534 1938 1629 1959 sumus
1642 1938 1703 1966 pec-

920 1977 989 2004 catis
1001 1977 1113 2005 nostris.

955 2022 1002 2049 26.
1016 2021 1116 2050 Servos
1130 2022 1218 2050 sivisti
1233 2029 1283 2050 nos
1297 2029 1357 2050 csse
1370 2023 1484 2057 peccati.

955 2067 999 2095 27.
1019 2067 1053 2095 Et
1066 2076 1120 2096 non
1132 2073 1174 2096 est
1184 2069 1304 2097 clamans
1320 2069 1353 2096 ad
1372 2073 1397 2096 te
1408 2077 1469 2096 cum
1483 2069 1602 2097 clamore
1616 2068 1705 2096 valido

919 2117 946 2140 ct
960 2113 1088 2148 lacrymis
1106 2114 1138 2142 ⁸⁸.
1640 2112 1645 2117 ”

954 2158 999 2186 28.
1011 2159 1050 2186 Ad
1060 2159 1237 2195 ignominiam
1253 2160 1387 2196 reliquisti
1399 2168 1449 2188 nos
1463 2160 1497 2188 iis
1506 2160 1553 2195 qui
1565 2168 1592 2187 In
1604 2160 1708 2188 mundo

919 2209 992 2232 sunt.

956 2250 1000 2279 29.
1016 2250 1187 2285 Ludibrium,
1203 2251 1301 2287 inquit,
1317 2251 1496 2280 daemonibus.

957 2297 1002 2325 30.
1018 2298 1146 2334 Loquens
1167 2299 1240 2326 enim
1259 2298 1285 2325 in
1303 2297 1456 2334 Evangeliis
1471 2299 1498 2326 in
1524 2298 1664 2334 gentibus,
1680 2298 1706 2325 in

922 2345 1079 2380 parabolam
1091 2344 1201 2374 Iudaeos
1219 2345 1331 2373 adduxit
1352 2353 1406 2372 non
1421 2344 1516 2377 semel.
1531 2344 1578 2373 sed
1595 2344 1706 2379 saepius.

958 2391 1002 2418 5|.
1017 2391 1050 2418 Et
1072 2391 1254 2426 principatum
1279 2391 1438 2426 potestatis,
1461 2398 1543 2426 quam
1569 2390 1705 2418 habebant

923 2436 1018 2471 Judaei,
1036 2438 1173 2466 transtulit
1190 2438 1217 2465 in
1229 2442 1331 2473 gentes.

959 2483 1005 2510 52.
1023 2483 1213 2511 lndesinenter'
1223 2488 1363 2518 peccatum
1378 2491 1468 2511 meum
1484 2490 1590 2511 mecum
1602 2487 1653 2510 est.

959 2529 1002 2557 53.
1014 2529 1047 2557 Et
1059 2530 1147 2564 ipsum
1158 2534 1299 2564 peccatum
1310 2529 1406 2557 animat
1415 2536 1481 2557 mea:
1489 2528 1645 2557 obtenebrat
1653 2533 1705 2555 me.

959 2576 1004 2604 54.
1018 2575 1041 2602 Α
1054 2576 1178 2604 doctrina
1192 2576 1302 2605 diaboli.

562 2675 716 2708 Addenda
736 2680 766 2708 et
782 2677 971 2719 corrigenda
987 2685 1029 2708 ex
1048 2677 1118 2708 cod.
1135 2677 1236 2708 Vatic.

119 2746 156 2780 (I)
172 2745 264 2777 Αὐτὰς
276 2746 410 2778 ἐναντίας,
425 2749 477 2774 etc.

120 2746 141 2780 (I
172 2746 264 2777 Αὐτὰς
276 2746 399 2777 ἐναντίας

120 2746 157 2818 (ιῖ
177 2782 302 2813 Ἐδωκας
319 2782 401 2816 ἡμᾶς-

963 2747 1001 2782 (5)
1020 2747 1116 2778 Ἐόισας
1134 2766 1141 2773 .
1156 2766 1162 2772 .
1181 2766 1189 2774 .
1205 2765 1213 2773 .
1229 2746 1277 2781 τῆς
1297 2744 1418 2780 ἀνομίας.

962 2781 1000 2817 (ι.)
1016 2782 1078 2814 Τοῖς
1101 2781 1248 2814 Ἰουδαίοις.
