1916 3052
251 113 308 142 825

281 172 324 200 δεῖ.
342 172 364 200 Α
380 173 448 202 facie
465 175 567 204 inimici
581 181 607 204 et
621 182 816 214 persequentis.

282 217 326 245 56.
343 218 405 247 Haec
428 223 519 249 omnia
535 228 666 251 venerunt
688 232 770 261 super
794 235 844 255 nos
856 249 863 260 ,
876 235 928 256 nee
952 230 1028 257 obliti

247 269 341 290 snuius
356 268 381 291 te
395 274 401 292 :

280 304 324 330 57.
341 303 375 332 Et
388 305 480 341 inique
493 315 548 335 non
558 309 663 343 egimus
679 311 706 338 in
723 316 885 342 testamento
902 319 967 343 tuo:

280 347 324 374 38.
342 349 376 376 Et
386 358 440 378 non
453 354 563 381 recessit
577 359 649 383 retro
662 363 709 384 cor
719 364 852 387 nostrum.

280 393 325 422 59.
340 394 374 422 Ει
386 396 528 426 declinasti
539 400 651 429 semitas
664 407 772 431 nostras
790 412 804 432 a
818 406 859 432 via
871 410 916 434 tua
930 417 936 434 :

280 440 323 466 40.
333 440 466 473 Quoniam
476 444 622 474 humiliasti
631 455 680 477 nos
700 451 728 476 ln
743 450 800 478 loca
817 451 969 482 alﬁictionis
982 464 989 481 :

278 485 323 512 41.
337 486 370 514 Et
384 491 524 524 cooperuit
539 499 587 520 nos
600 494 702 522 umbra
714 497 820 524 mortis.

279 531 324 557 42.
341 531 369 559 Si
384 533 460 561 obliti
478 543 573 565 sumus
588 546 685 566 nomen
701 540 747 568 Dei
763 542 865 575 nostri;

280 574 324 602 43.
340 575 373 603 Et
393 578 417 605 si
441 581 620 614 expandimus
640 591 736 613 manus
763 574 870 615 nostras
890 588 923 615 ad
943 589 1023 616 deum

245 618 361 647 alienum
380 631 386 648 :

278 664 324 692 44.
339 664 434 695 Nonne
449 668 520 698 Deus
533 673 653 707 requiret
667 675 739 703 ista?

277 710 320 737 45.
336 711 394 745 Ipse
405 714 476 742 enim
489 718 563 745 novit
575 719 734 749 abscondita
746 722 846 751 cordis.

277 756 321 784 66.
335 757 469 791 Quoniam
487 768 597 798 propter
616 771 641 794 te
664 769 861 798 mortiﬁcamur
881 775 935 799 tota
956 772 1019 800 die:

277 802 322 830 47.
338 804 477 835 Estimati
492 815 586 838 sumus
599 812 670 840 sicut
681 821 745 842 oves
756 816 910 845 occisionis.

335 849 466 888 Exsurge,
482 862 567 889 quare
577 858 725 894 obdormis,
739 861 853 891 Domine
863 863 876 889 ?

274 893 319 920 49.
336 893 468 932 Exsurge,
483 905 511 927 et
525 909 559 929 ne
571 903 684 937 repellas
701 906 727 933 in
742 906 832 934 linem.

275 938 320 966 50.
337 939 426 973 Quare
440 942 536 972 faciem
554 951 628 975 tuam
641 951 759 978 avertis?

277 983 322 1011 5i.
336 985 510 1019 Oblivisceris
541 993 640 1029 inopia:
664 1001 763 1025 nostra:
785 1004 812 1027 et
836 1001 1018 1031 tribulationis

241 1032 340 1057 nostra:
350 1031 362 1057 ?

327 1076 458 1123 Quoniam
466 1081 606 1112 humiliata
613 1091 654 1114 est
662 1087 688 1115 in
695 1089 804 1123 pulvere
812 1092 901 1120 anima
908 1099 1000 1123 nostra
1011 1104 1018 1123 :

275 1118 320 1147 53.
333 1121 538 1158 Conglutinatus
553 1134 596 1157 est
613 1130 640 1158 in
656 1118 726 1161 terra
736 1140 830 1163 venter
844 1141 947 1166 noster.

273 1164 318 1192 54.
335 1165 471 1205 Exsurge,
484 1171 609 1208 Domine,
621 1176 719 1212 adjuva
735 1187 806 1208 nos:

677 122 706 149 ὃ.
728 122 914 152 ATHANASH
934 124 1007 153 OPP.
1030 125 1119 155 PARS
1137 126 1180 154 111.
1200 142 1235 147 --
1253 127 1457 159 EXEGETICA.

1814 133 1867 160 82'!

1039 188 1062 216 Α
1114 185 1158 212 55.
1176 185 1244 212 Ἀπὸ
1260 185 1406 221 προσώπου
1422 185 1518 222 ἐχθροῦ
1530 186 1577 213 καὶ
1592 187 1778 220 ὲκδιῶκοντες.

1114 230 1158 257 56.
1176 230 1268 258 Ταῦτα
1286 231 1373 258 πάντα
1389 230 1469 267 ἦλθεν
1483 233 1524 266 ἐφ’
1535 233 1625 268 ηήμᾶς,
1640 234 1686 260 καὶ
1702 234 1752 260 οὐκ
1767 235 1862 262 ἐπελαρ

1080 275 1182 311 θόμεθά
1198 284 1244 302 σου
1253 285 1262 294 ε

1113 322 1158 348 57.
1173 322 1228 348 Καὶ
1242 322 1291 349 οὐκ
1306 323 1472 359 ἠδικήσαμεν
1486 325 1515 351 ὲν
1529 326 1562 361 τῇ
1575 325 1688 361 διαθήκῃ
1709 335 1755 352 σου
1769 335 1776 342 ·

1112 367 1156 396 58.
1173 368 1227 394 Καὶ
1237 368 1288 395 οὐκ
1298 369 1402 405 ἀπέστη
1417 371 1458 401 εὶς
1473 370 1508 396 τὰ
1528 371 1615 397 ὀπίσω
1632 373 1647 407 ὴ
1664 371 1860 407 καρδίαὴμῶνι

1112 413 1156 442 59.
1165 414 1219 440 Καὶ
1225 414 1362 447 ὲξέκλινας
1369 415 1417 447 τὰς
1424 415 1533 451 τρίϐους
1540 417 1796 453 ήμῶνάπὸτῆςόδοῦ
1804 426 1858 444 σοιν

1113 457 1157 484 40.
1172 458 1232 485 ὀτι
1242 459 1426 492 ὲταπείνωσας
1437 461 1510 496 ἡμᾶς
1522 462 1550 488 ἐν
1562 461 1636 497 τόπῳ
1645 462 1808 494 κακώσεως·

1112 505 1156 531 41.
1172 506 1226 532 Καὶ
1240 506 1410 542 ἐπεκάλυψεν
1421 508 1494 542 ἡμᾶς
1508 508 1571 535 σκιὰ
1585 508 1710 536 θανάτου.

1111 549 1156 576 42.
1174 551 1205 577 Εἰ
1217 551 1405 586 ἐπελαϐόμεθα
1418 552 1464 584 τοῦ
1481 553 1610 588 ὀνόματος
1623 553 1670 579 τοῦ
1682 553 1750 580 Θεοῦ
1765 553 1858 588 ἡμῶν

1109 595 1155 622 45.
1173 595 1228 621 Καὶ
1252 597 1277 622 εἰ
1298 596 1496 632 διεπετάσαμεν
1509 599 1602 633 χεῖρας
1616 597 1694 633 ἡμῶν
1714 597 1785 633 πρὸς
1801 598 1856 624 θεὸν

1072 640 1209 675 ἀλλότριον
1221 649 1229 656 ·

1112 686 1156 713 44.
1172 687 1238 722 Οὐχὶ
1254 689 1268 714 ὁ
1282 687 1347 720 Θεὸς
1362 688 1509 725 ἐκζητήσει-
1525 689 1627 722 ταῦτα;

1106 733 1151 760 45.
1177 733 1264 766 Αὐτὸς
1287 735 1340 770 γὰρ
1357 735 1485 769 γινώσκει
1499 736 1533 762 τὰ
1549 736 1651 771 κρύφια
1669 736 1719 770 τῆς
1735 735 1853 770 καρδίας.

1105 778 1150 805 46.
1169 779 1228 806 ’Ότι
1239 779 1320 807 ἕνεκα
1336 781 1382 807 σοῦ
1400 781 1586 817 θανατούμεθα
1602 781 1664 816 ὅλην
1678 782 1728 817 τὴν
1742 782 1853 817 ἡμέραν,

1103 823 1148 852 47.
1167 825 1360 862 Ἐλογίσθημεν
1373 827 1410 859 ὠς
1425 828 1549 863 πρόϐατα
1565 828 1683 864 σφαγῆς.

1038 863 1059 890 Β
1108 869 1152 897 48.
1177 871 1364 908 Ἐξεγέρθητι,
1376 874 1420 900 ἵνα
1435 874 1462 900 τι
1474 874 1577 907 ὑπνοῖς,
1590 874 1694 910 Κύριε;

1108 915 1151 942 49.
1169 916 1322 953 Ἀνάστηθι,
1341 920 1387 946 καὶ
1402 919 1438 955 μὴ
1449 919 1545 956 ἀπώσῃ
1559 921 1599 952 εἰς
1610 920 1696 952 τέλος.

1108 959 1151 988 50.
1166 961 1224 988 Ἵνα
1236 962 1262 988 τί
1274 963 1304 989 τὸ
1318 964 1462 998 πρόσωπόν
1479 974 1525 991 σου
1539 966 1738 1000 ἀποστρέφειςς

1108 1007 1152 1034 51.
1168 1008 1349 1047 Ἔπιλανθάνῃ
1362 1011 1410 1046 τῆς
1429 1012 1565 1047 πτωχείας
1579 1011 1658 1048 ἡμῶν
1674 1011 1721 1038 καὶ
1735 1011 1786 1047 τῆς
1800 1011 1853 1038 θλί-

1028 1059 1045 1077 ο
1070 1051 1144 1086 ψεως
1157 1054 1172 1088 ἡ
1177 1053 1234 1088 μῶν
1243 1063 1251 1088 ;

1107 1098 1152 1125 52.
1175 1099 1235 1126 Ὅτι
1254 1100 1423 1136 ἐταπεινώθη
1435 1102 1475 1133 εις
1487 1101 1551 1137 χοῦν
1565 1103 1581 1137 ἡ
1597 1102 1669 1137 ψυχὴ
1688 1101 1768 1137 ἡμῶν
1779 1109 1785 1115 ·

1104 1144 1147 1171 55.
1163 1145 1309 1182 Ἑκολλήθη
1326 1147 1365 1178 εἰς
1380 1147 1431 1182 γῆν
1447 1148 1462 1183 ἡ
1478 1147 1584 1183 γαστὴρ
1599 1147 1686 1183 ἡμῶν.

1103 1189 1147 1217 54.
1166 1191 1292 1225 Ἀνάστα,
1307 1192 1403 1228 Κύριε,
1419 1193 1550 1229 βοήθησον
1566 1195 1649 1229 ἡμῖν·

817 1236 1005 1268 ΑΤΗΑΝΑειι
1022 1242 1311 1276 INTERPRETATIO.

371 1287 491 1316 peccato,
508 1287 579 1320 quod
591 1288 626 1316 ab
636 1289 747 1319 inimico
757 1297 799 1321 est
810 1293 837 1322 in
853 1302 938 1329 me,et
945 1299 1017 1333 quod

239 1330 293 1350 non
306 1325 371 1354 sinit
383 1335 427 1355 me
440 1334 512 1358 stare
522 1333 549 1359 in
564 1337 704 1370 pmceptis
717 1339 781 1366 tuis.

273 1369 317 1398 56.
331 1370 433 1400 Horum
456 1378 578 1405 omnium
601 1381 639 1408 rei
662 1381 726 1410 facti
750 1387 883 1415 recordati
912 1397 1017 1425 sumus,

239 1419 311 1452 quod
325 1421 480 1452 misericors
496 1433 534 1454 es.

272 1464 316 1492 57.
331 1467 364 1493 Et
376 1475 430 1496 non
447 1470 579 1501 increduli
593 1475 696 1505 fuimus
711 1482 873 1509 testamento
889 1486 945 1511 tuo.

272 1510 317 1537 58.
332 1511 367 1539 Et
381 1521 435 1542 non
451 1516 478 1543 in
491 1518 569 1546 tinem
585 1524 747 1552 recessimus
761 1533 776 1552 a
791 1531 826 1554 te.

272 1554 364 1602 39.111:
386 1564 496 1595 propter
514 1570 623 1598 peccata
645 1573 737 1596 nostra
758 1570 893 1600 abstulisti
906 1581 921 1601 ο
939 1574 1018 1602 nobis

235 1599 444 1635 justificationes
457 1612 528 1638 tuas.

267 1646 313 1674 4ο.
327 1647 360 1676 Et
374 1652 528 1687 corripuisti
543 1663 593 1684 nos
607 1656 634 1685 in
649 1660 751 1688 mundo
765 1668 918 1696 peccantes.

272 1693 317 1720 44.
334 1693 368 1722 Et
387 1699 475 1727 omnis
504 1701 641 1731 tribulatio
662 1712 695 1733 ac
713 1693 790 1734 dolor
815 1708 1018 1738 circuminsidet

235 1746 333 1767 anima:
350 1747 459 1771 nostra.

270 1784 316 1812 42.
331 1785 389 1814 Non
405 1789 482 1816 obliti
493 1799 588 1820 sumus
601 1795 719 1823 nominis
731 1797 781 1828 tui,
801 1797 921 1827 Domine.

270 1829 314 1857 43.
331 1830 364 1859 Et
386 1834 419 1861 ad
441 1837 576 1865 neminem
600 1839 683 1867 alium
711 1841 875 1871 intendimus
896 1847 943 1871 cbr
967 1837 1016 1873 no-

235 1880 333 1903 strum.

269 1919 313 1947 44.
339 1921 433 1951 Nonne
458 1925 528 1954 Deus
550 1934 705 1957 sanctorum
728 1938 841 1960 suorum
868 1933 1013 1962 vindictam

234 1964 333 1994 faciet?

268 2011 313 2040 45.
328 2012 462 2042 Gemitum
478 2022 612 2046 nostrum.

267 2058 313 2085 46.
327 2058 420 2088 Sancti
433 2063 579 2098 prophetas.

267 2105 312 2132 47.
326 2107 458 2142 Apostoli,
467 2115 493 2138 et
502 2117 642 2148 martyres,
654 2118 680 2141 et
689 2115 881 2146 mortilicantes
895 2119 1014 2147 membra

233 2158 284 2178 sua
295 2159 414 2187 peccato.

268 2199 313 2227 48.
327 2199 433 2229 Excitet
448 2206 473 2230 te
489 2203 641 2238 deprecatio
656 2215 724 2234 mea.

266 2244 312 2272 49.
330 2245 398 2273 Veni
411 2251 438 2274 et
449 2255 484 2275 ne
498 2249 670 2286 derelinquas
682 2260 732 2281 nos
745 2262 831 2289 usque
849 2256 876 2282 in
893 2256 984 2284 ﬁnem.

265 2289 309 2317 50.
326 2290 414 2323 Quare
424 2300 479 2320 non
492 2296 652 2324 reconcilias
669 2299 737 2326 nos?

267 2337 312 2365 5L
324 2337 383 2366 Non
395 2341 499 2376 excipis
511 2342 730 2377 deprecationem
744 2350 863 2374 nostram
877 2355 938 2376 cum
949 2357 1015 2376 con-

231 2381 351 2410 fessione
362 2390 547 2418 peccatorum.

267 2429 312 2456 52.
326 2429 461 2462 Quoniam
480 2432 570 2460 anima
592 2442 651 2462 mea
667 2442 743 2462 serva
757 2436 826 2464 facta
843 2443 887 2465 est
900 2440 1012 2473 peccati.

267 2473 312 2501 55.
329 2474 362 2502 Et
374 2477 489 2504 terrenis
503 2478 608 2506 actibus
622 2479 728 2507 inhaesit
740 2482 830 2510 anima
847 2488 948 2511 nostra.

265 2570 311 2598 54.
328 2571 406 2605 Veni,
417 2572 541 2607 Domine,
554 2574 582 2602 in
595 2575 727 2604 auxilium
743 2582 876 2606 nostrum.

1104 1303 1148 1331 55.
1158 1305 1223 1332 Ἀπὸ
1230 1305 1279 1341 τῆς
1285 1307 1422 1342 ἁμαρτίας
1429 1308 1476 1342 τῆς
1484 1307 1558 1343 παρὰ
1565 1307 1611 1334 τοῦ
1618 1307 1715 1343 ἐχθροῦ
1727 1307 1751 1342 (1
1758 1307 1851 1343 μώσῃς

1069 1347 1098 1372 ἐν
1112 1347 1237 1381 ὲμοὶ,καὶ
1248 1349 1332 1386 ἐάσῃς
1344 1350 1382 1386 (α)
1393 1359 1426 1386 με
1440 1351 1534 1386 στῆναι
1548 1352 1578 1378 ὲν
1591 1353 1650 1383 ταῖς
1660 1352 1783 1383 ἐντολαῖς
1795 1361 1849 1378 σου.

1104 1392 1148 1419 56.
1165 1394 1271 1421 Τούτων
1288 1395 1396 1423 πάντων
1413 1397 1557 1424 ὑπεύθυνοι
1569 1398 1707 1433 γενόμενοι
1719 1399 1853 1434 ἐμνήσθη-

1071 1446 1131 1472 μεν,
1146 1438 1186 1465 ὖτι
1199 1439 1260 1476 ὲλεή
1265 1449 1322 1475 μων
1336 1439 1370 1468 εἷ.

1104 1483 1148 1510 57.
1166 1485 1221 1511 Καὶ
1231 1485 1280 1511 οὐκ
1296 1486 1486 1522 ἠπιστήσαμεν
1499 1487 1531 1523 τῇ
1542 1486 1657 1523 διαθήκῃ
1675 1496 1722 1514 σου
1743 1485 1790 1522 (Ξ).

1103 1529 1146 1556 58.
1160 1531 1215 1557 Καὶ
1227 1531 1277 1557 οὐκ
1290 1532 1330 1563 εἰς
1344 1532 1421 1564 τέλος
1436 1533 1592 1568 ἀπέστημεν
1607 1533 1660 1560 ἀπὸ
1678 1533 1736 1560 σοῦ.

1104 1575 1147 1603 39.
1162 1576 1217 1602 Καὶ
1237 1576 1280 1603 διὰ
1302 1577 1350 1609 τὰς
1374 1578 1510 1614 ἁμαρτίας
1524 1579 1602 1614 ἡμῶν
1626 1579 1787 1611 ἀπέσπασας
1805 1579 1854 1613 ἀφ’

1067 1621 1144 1656 ἡμῶν
1159 1621 1194 1648 τὰ
1205 1622 1376 1658 δικαιώματά
1392 1633 1448 1651 σου.

1101 1667 1145 1694 40.
1157 1668 1212 1694 Καὶ
1230 1668 1344 1704 ἤλεγξας
1359 1671 1431 1706 ἡμᾶς
1446 1672 1475 1697 ὲν
1487 1671 1525 1706 τῷ
1539 1671 1632 1707 κόσμῳ
1646 1672 1850 1707 ἡμαρτηκότας.

1101 1713 1146 1741 41.
1159 1715 1214 1741 Καὶ
1231 1716 1303 1742 πᾶσα
1316 1716 1414 1751 θλίψις,
1425 1717 1471 1744 καὶ
1483 1718 1563 1754 ὀδύνη
1581 1718 1734 1754 περῖκειται
1751 1719 1783 1753 τῇ
1799 1718 1852 1752 ψυ-

1067 1759 1237 1815 κῇἒμίέἵκ
1594 1809 1600 1815 ,

1101 1806 1146 1833 42.
1163 1807 1219 1834 Οὐκ
1229 1807 1415 1844 ὲπελαθύμεθα
1429 1809 1474 1835 τοῦ
1487 1809 1617 1844 ὀνόματός
1633 1817 1689 1841 σου,
1701 1809 1797 1843 Κύριε.

1100 1852 1144 1879 45.
1163 1854 1218 1880 Καὶ
1232 1854 1300 1890 πρὸς
1314 1855 1391 1882 ἄλλον
1401 1855 1461 1882 τινὰ
1474 1856 1524 1882 οὐκ
1539 1855 1713 1890 ἀνετείναμεν
1726 1856 1775 1891 τὴν
1786 1863 1851 1889 καρ-

1065 1897 1124 1923 δίαν
1139 1898 1227 1933 ἡμῶν.

1102 1943 1145 1970 44.
1167 1945 1232 1980 Οὐχὶ
1248 1946 1262 1971 ὁ
1280 1945 1346 1977 Θεὸς
1361 1946 1467 1981 ποιήσει
1482 1945 1531 1981 τὴν
1548 1945 1686 1980 ἐκδίκησιν
1700 1945 1755 1972 τῶν
1767 1945 1850 1979 ἁγίων

1066 1989 1147 2015 αυτοῦ
1158 1998 1165 2022 ;

1099 2035 1145 2062 45.
1160 2036 1211 2062 Τὸν
1227 2037 1376 2071 στεναγμὸν
1395 2036 1483 2072 ἡμῶν.

1100 2081 1143 2108 46.
1162 2083 1193 2108 Οἱ
1210 2082 1281 2116 ἅγιοι
1298 2083 1444 2118 προφῆται.
1498 2129 1503 2134 Ι
1663 2129 1669 2134 ι
1706 2130 1712 2134 ¹
1811 2129 1822 2134 η

1101 2126 1146 2154 47.
1164 2127 1195 2155 Οἱ
1209 2128 1361 2161 ἀπόστολοι,
1378 2130 1423 2156 καὶ
1433 2130 1458 2156 οἱ
1470 2129 1615 2165 μάρτυρες,
1629 2129 1713 2156 καὶνοὶ
1728 2129 1842 2157 νεκοοῦν

1067 2181 1113 2204 τες
1130 2173 1164 2199 τὰ
1179 2173 1282 2200 ἑαυτῶν
1303 2174 1371 2210 μέλη
1388 2176 1416 2201 ὲν
1430 2176 1468 2210 (5)
1484 2175 1604 2211 ἁμαρτίᾳ

1101 2219 1145 2246 48.
1163 2219 1299 2255 Διαγείρει
1315 2229 1344 2247 σε
1358 2221 1481 2261 ἡςδέησίς
1495 2230 1556 2256 μου.

1101 2265 1146 2291 49.
1170 2265 1255 2298 Ἐλθὲ,
1273 2266 1321 2292 καὶ
1339 2267 1375 2302 μὴ
1391 2267 1576 2303 ὲγκαταλίπῃς
1589 2269 1662 2304 ἡμᾶς
1678 2269 1731 2300 ἕως
1747 2268 1837 2299 τέλους

1102 2311 1145 2338 50.
1160 2311 1219 2337 Ἵνα
1232 2311 1258 2337 τί
1274 2312 1303 2338 οὺ
1323 2312 1469 2348 διαλλάσσῃ
1485 2314 1574 2348 ήμᾶς;

1104 2356 1148 2383 5L
1165 2356 1202 2382 Οὐ
1216 2357 1351 2393 προσδὲχῃ
1364 2358 1414 2393 τὴν
1437 2359 1528 2393 δέησιν
1544 2359 1621 2394 ἡμῶν
1642 2359 1712 2386 κατὰ
1734 2360 1784 2395 τὴν
1804 2359 1843 2392 ἐξ-

1066 2400 1227 2435 ομολόγησιν
1243 2401 1297 2427 τῶν
1310 2402 1451 2437 ἁμαρτιῶν
1465 2401 1515 2438 (4).

1102 2445 1146 2472 52.
1165 2447 1226 2472 Ὅτι
1248 2446 1380 2483 ἐδουλώθη
1403 2450 1434 2483 τῇ
1457 2449 1579 2485 ἁμαρτίᾳ
1593 2452 1610 2485 ἡ
1624 2453 1698 2488 ψυχή
1717 2459 1765 2485 μου
1781 2449 1829 2484 (5).

1102 2491 1144 2518 55.
1162 2492 1217 2518 Καὶ
1231 2491 1285 2518 τῶν
1300 2493 1401 2528 γηίνων
1415 2494 1539 2529 πράξεων
1553 2495 1746 2531 ἐγκεκόλληται
1764 2496 1780 2531 ἡ
1796 2495 1840 2529 φιν

1066 2536 1099 2572 κὴ
1116 2537 1203 2572 ἡμῶν·

1099 2582 1144 2609 54.
1166 2583 1252 2616 Ἐλοὲ,
1269 2585 1366 2622 Κύριε,
1383 2587 1423 2617 εἰς
1437 2585 1561 2621 βοήθειαν
1573 2587 1660 2622 ἡμῶν.

703 2646 857 2678 Addenda
873 2650 904 2678 et
922 2647 1107 2688 corrigenda
1130 2660 1169 2682 ex
1185 2653 1252 2683 cod.
1272 2654 1372 2685 Vatic.

276 2699 308 2767 Β
480 2703 593 2766 :teliqua
606 2705 715 2733 desunt.

344 2756 352 2762 .
450 2747 479 2766 BS
493 2758 499 2765 -

344 2756 352 2762 .
367 2747 397 2764 01
416 2747 499 2766 (1885!-

264 2770 306 2852 iii
322 2771 442 2853 3431mm.
456 2819 536 2848 Forte
548 2821 596 2848 οὐκ
616 2821 714 2857 ἐώσης.
733 2820 811 2850 Eutr.

1101 2709 1141 2754 ἐξ)
1161 2710 1421 2754 .ἰ5μαεξτιίῖ’ν.ήμςῖ)νς
1451 2749 1463 2754 -

1101 2745 1138 2782 (⁵)
1161 2745 1271 2783 Vit/Otii?
1286 2748 1301 2783 ἡ
1315 2745 1387 2783 With
1406 2749 1493 2784 ἡμῶν·
