1916 3052
65 130 118 159 8‘25

523 135 565 164 DE
584 136 720 167 TITULIS
738 140 966 170 PSALMDRUM.
994 157 1013 161 —
1042 141 1138 169 PSAL.
1151 131 1243 171 XLIV.

1628 147 1681 176 826

96 191 140 218 55.
153 191 208 217 Kal.
225 191 361 227 λύτρωσαι
377 194 450 229 ἡμᾶς
462 194 554 222 ἕνεκεν
574 197 621 224 τοῦ
642 198 772 232 ὀνόματός
788 209 845 227 σου.

935 200 979 228 55.
998 200 1032 227 Et
1046 201 1147 228 redime
1164 209 1215 228 nos
1230 206 1340 236 propter
1354 210 1451 231 nomen
1469 207 1556 232 tuum.

71 236 123 268 Εις
136 235 170 262 τὸ
181 236 277 269 τέλος,
295 238 371 272 ὑπὲρ
383 238 442 265 τῶν
455 239 752 277 ἀλλοιωθησομένων,
770 245 830 278 τοῖς

59 281 136 315 υΙοῖς
149 282 224 315 Κορὲ
237 284 279 315 εἷς
288 283 425 315 σύνεσιν,
437 284 499 318 ᾠδὴ
513 285 589 320 ὑπὲρ
598 288 650 315 τοῦ
667 289 845 325 Ἀγαπητοῦ.

381 331 466 357 ΨΑΛ.
484 331 550 358 ΜΔ’.

96 374 124 400 1.
145 373 326 409 Ὲξηρεύξατο
342 376 360 410 ὴ
372 375 471 411 καρδία
488 385 539 411 μου
554 377 631 412 λόγον
644 379 745 414 ἀγαθόν
758 389 765 396 ·

96 418 124 445 2.
140 419 221 453 Λέγω
232 419 288 453 ἐγὼ
301 420 335 446 τὰ
349 420 418 456 ἔργα
433 430 483 457 μου
501 422 540 458 τῷ
557 423 670 458 βασιλεῖ.

95 465 123 491 5.
145 465 179 492 Ἥ
191 465 302 499 γλῶσσά
318 474 369 501 μου
385 467 506 503 κάλαμος
525 471 712 506 γραμματέως
733 471 840 507 ὀξυγρά·

59 518 124 541 (pou.

93 557 122 583 4.
148 556 254 592 Ὦραϊος
263 557 356 584 κάλλει
364 557 440 593 παρὰ
452 559 514 591 τοὺς
529 560 604 592 υἱοὺς
615 561 669 587 τῶν
683 561 844 599 ἀνθρώπων·

92 602 120 630 5.
146 602 276 638 Ἐξεχύθη
293 603 374 638 χάρις
389 605 418 631 ὲν
428 604 529 639 χείλεσι
547 614 594 632 σου
608 615 614 621 ·

93 647 121 674 6.
136 648 186 674 Διά
200 647 278 681 τοῦτο
290 649 421 684 εὐλόγησέ
438 658 467 676 σε
477 651 491 676 ὁ
505 650 571 682 Θεὸς
586 651 626 683 εἰς
637 651 682 678 τὸν
694 652 789 680 αἰῶνα.

95 693 122 720 7.
139 693 294 728 Περίζωσαι
315 693 363 730 τὴν
383 695 520 730 ῥομφαίαν
547 704 594 722 σου
618 696 663 723 ἐπὶ
689 697 734 724 τὸν
758 698 846 733 μηρόν

58 747 118 771 σου,
137 739 235 765 δυνατέ
244 748 251 755 ·

92 784 121 812 8.
139 785 179 820 Τῇ
196 785 344 821 ὡραιότητι
361 795 418 820 σου,
431 787 478 813 καὶ
494 787 533 822 τῷ
547 788 638 815 κάλλει
653 796 710 821 σου,

93 830 120 857 9.
137 830 192 857 Καὶ
206 830 316 864 ἔντεινε,
332 832 380 858 καὶ
402 832 557 865 κατευοδοῦ,
576 833 622 870 καὶ
640 834 775 868 βασίλευε,

900 245 933 273 1η
959 246 1037 280 ﬁnem
1052 254 1060 273 :
1077 255 1124 281 pro
1147 247 1191 280 iis,
1208 247 1255 282 qui
1277 249 1508 276 committebantur
1529 250 1592 285 [iliis
1615 251 1680 280 Care

1011 292 1046 318 ad
1061 291 1231 326 intellectum,
1245 294 1376 320 canticum
1390 303 1437 328 pro
1455 295 1568 324 Dilecta.

1160 337 1291 366 PSALM.
1305 339 1369 366 XLI
1378 340 1408 368 V.

933 381 958 407 1.
977 380 1114 409 Eruetavit
1127 390 1175 410 cor
1190 392 1280 411 meum
1296 385 1410 413 verbum
1427 386 1529 414 bonum

932 426 959 454 2.
977 426 1043 454 Dico
1053 435 1103 463 ego
1118 436 1199 463 opera
1212 437 1273 458 mea
1289 431 1356 466 regi.

933 473 962 499 5.
978 471 1083 507 Lingua
1113 481 1173 501 mea
1197 475 1319 503 calamus
1342 476 1439 504 scribae
1463 477 1592 506 velociter
1614 480 1680 506 scri-

896 517 998 545 bentis.

930 563 958 590 4.
977 562 1124 598 Speciosus
1137 562 1225 591 forma
1239 571 1294 599 prae
1309 564 1372 592 filiis
1387 565 1528 593 hominum
1543 589 1550 595 .

930 608 957 636 5.
974 608 1076 636 DitIusa
1091 613 1132 636 est
1144 609 1230 644 gratia
1243 609 1270 636 in
1284 610 1363 638 labiis
1377 611 1430 638 tuis
1446 620 1452 638 :

930 652 957 680 6.
974 653 1122 688 Propterea
1132 654 1271 682 benedixit
1286 659 1311 682 te
1324 655 1396 683 Deus
1409 656 1436 682 in
1448 660 1591 684 aeternum.

932 698 957 724 7.
973 699 1124 734 Accingere
1138 699 1228 735 gladio
1248 704 1293 728 tuo
1310 709 1393 736 super
1411 701 1501 730 femur
1520 706 1606 735 tuum,
1629 711 1678 738 po-

895 744 1057 777 tentissime,

932 789 958 817 8.
974 789 1068 824 Specie
1078 794 1136 823 tua,
1154 794 1182 818 et
1193 792 1396 826 pulchritudine
1408 797 1470 830 tua,

930 834 957 862 9.
975 833 1008 861 Et
1021 835 1141 868 intende,
1155 841 1182 863 et
1194 845 1324 872 prospere
1339 839 1466 872 procede,
1479 844 1505 867 et
1518 848 1609 875 regna,

94 876 138 904 10.
157 877 268 903 Ἕνεκεν
282 877 422 913 ἀληθείας,
437 878 484 905 καὶ
504 879 668 915 πραὰτητος,
684 881 731 907 καὶ
745 880 844 907 δικαιο-
858 915 861 920 Α

930 877 973 905 10.
990 877 1103 914 Propter
1116 881 1269 914 veritatem,
1285 886 1312 910 et
1334 885 1581 916 mansuetudinem,
1595 890 1621 913 et
1633 885 1678 922 ju-

59 931 145 957 συνης
158 930 166 938 ⁸

92 967 136 994 11.
153 967 208 994 Καὶ
221 968 348 1004 ὁδηγήσει
364 977 393 995 σε
410 968 575 1004 θαυμαστῶς
591 971 608 1005 ὴ
625 970 700 1004 δεξιά
711 979 769 998 σου.

94 1010 139 1037 12.
157 1012 197 1037 Τὰ
213 1011 278 1046 βέλη
295 1020 341 1038 σου
356 1013 523 1048 ἠκονημένα,
536 1014 632 1042 δυνατέ
789 1018 792 1024 ⁷

94 1057 136 1084 15.
153 1057 219 1083 Λαοὶ
231 1057 361 1094 ὑποκάτω
376 1067 424 1085 σου
440 1059 596 1092 πεσοῦνται,

93 1101 137 1128 14.
162 1102 206 1129 Ἐν
222 1103 319 1138 καρδίᾳ
330 1103 384 1130 τῶν
398 1104 502 1139 ἐχθρῶν
514 1105 561 1131 τοῦ
579 1105 721 1140 βασιλέως.

94 1147 138 1175 15.
152 1148 181 1175 '0
192 1148 285 1182 Θρόνος
295 1158 353 1182 σου,
362 1150 376 1176 ὁ
385 1149 461 1183 Θεὸς,
470 1151 511 1183 είς
523 1151 569 1178 τὸν
579 1152 664 1179 αἰῶνα
676 1152 723 1179 τοῦ
732 1153 838 1186 αἰῶνος.

895 923 997 950 stitiam
1011 933 1018 951 :

931 969 974 996 11.
989 969 1023 997 Et
1038 970 1153 1000 deducet
1170 977 1195 1000 te
1209 973 1372 1002 mirabiliter
1383 974 1494 1002 dextera
1507 981 1563 1004 tua.

930 1014 973 1041 12.
989 1014 1099 1050 Sagittae
1112 1021 1165 1044 tute
1180 1023 1279 1052 acutae,
1292 1020 1484 1054 potentissime
1497 1030 1504 1048 :

931 1058 974 1086 15.
992 1059 1088 1094 Populi
1102 1061 1153 1088 sub
1166 1066 1192 1089 te
1208 1063 1317 1095 cadent,

929 1104 972 1131 14.
989 1104 1019 1132 In
1033 1107 1115 1134 corde
1127 1107 1301 1136 inimicorum
1315 1109 1395 1144 regis.

931 1149 976 1176 15.
996 1149 1080 1179 Sedes
1095 1156 1152 1186 tua,
1171 1152 1253 1185 Deus,
1267 1153 1294 1180 in
1310 1155 1440 1182 Saeculum
1455 1155 1557 1183 saeculi.

615 1209 805 1239 ATHANASII
825 1212 1117 1245 INTERPRETATIO.

93 1252 136 1279 55.
154 1252 210 1279 Kal
223 1252 360 1289 λύτρωσαι
373 1254 446 1289 ἡμᾶς
456 1255 499 1282 διὰ
514 1256 545 1283 τὸ
561 1257 646 1293 ὄνομά
663 1267 720 1286 σου.

935 1263 979 1291 55.
995 1264 1028 1292 Et
1043 1267 1145 1294 redime
1159 1275 1209 1295 nos
1222 1273 1332 1303 propter
1344 1275 1444 1296 nomen
1460 1273 1545 1297 tuum.

97 1297 131 1323 Ἦ
146 1298 315 1352 προκειμένη
331 1300 472 1352 ἐπιγραφῇ
488 1302 612 1352 περιέχει
688 1305 741 1338 Εἰς
753 1305 785 1332 τὸ
800 1307 897 1341 τέλος,
911 1309 987 1345 ὑπὲρ
1003 1310 1062 1338 τῶν
1075 1297 1373 1349 ἁλλοιωθηονοιιένων,
1387 1315 1449 1349 τοῖς
1462 1316 1537 1349 υἱοῖς
1547 1317 1620 1351 Κορὲ
1637 1317 1677 1352 εις

59 1344 196 1376 σύνεσιν,
211 1344 272 1378 ᾠδὴ
284 1345 360 1380 ὑπὲρ
376 1346 429 1372 τοῦ
452 1346 613 1381 Ἆγαπητοῦ
629 1348 680 1384 (2).

93 1390 202 1426 Titulus
226 1392 332 1426 psalmo
356 1392 502 1442 inn-scriptus
533 1395 654 1423 continet
680 1395 736 1423 :In
757 1397 846 1432 ﬁnem,
872 1407 919 1434 pro
940 1401 983 1435 iis,
1005 1404 1049 1438 qui
1073 1406 1311 1441 committebantur,
1343 1408 1407 1442 filiis
1432 1408 1498 1436 Core
1521 1410 1555 1436 ad
1575 1410 1676 1438 intelle-

60 1443 139 1468 ctum,
150 1438 283 1463 canticum
293 1445 341 1471 pro
354 1437 463 1465 Dilecto.

93 1485 119 1510 1.
135 1485 165 1510 '0
175 1484 269 1519 Πατὴρ
285 1484 358 1518 λέργει
372 1487 435 1521 περὶ
447 1485 486 1520 (5)
497 1484 544 1512 τοῦ
556 1485 712 1521 φανερῶσαι
725 1487 770 1515 τὸν
780 1488 843 1516 ἑαυ-
857 1499 861 1520 ι

931 1493 956 1520 1.
974 1494 1055 1522 Pater
1071 1496 1194 1532 loquitur
1207 1499 1241 1527 de
1260 1501 1479 1531 manifestatione
1493 1502 1556 1531 Filii
1575 1504 1617 1531 sui
1631 1503 1676 1531 Dei

59 1530 104 1556 τοῦ
117 1529 181 1556 Υἱὺν
195 1530 240 1556 τὸν
253 1529 319 1557 Θεὸν
332 1530 426 1565 Λόγον.

93 1575 120 1601 2.
142 1575 172 1601 '0
187 1574 289 1612 Κύριος
301 1576 446 1610 ἀναγγελεῖ
456 1576 495 1612 τῷ
509 1576 597 1612 πιστῷ
612 1577 669 1613 λαῷ
685 1578 720 1605 τὰ
743 1580 842 1606 ἑαυτοῦ

60 1621 137 1654 ἔργα.
851 1626 855 1630 ”

93 1666 119 1693 5.
140 1666 170 1692 '0
187 1667 282 1702 Πατὴρ
298 1667 390 1702 λέγει·
407 1667 444 1694 Τὸ
463 1667 574 1703 Πνεῦμά
589 1676 639 1703 μου
653 1667 684 1694 τὸ
701 1669 778 1703 ᾶγιον
792 1670 843 1696 κά-

60 1712 146 1747 λαμος
162 1712 220 1739 ἐστι
232 1712 279 1739 τοῦ
294 1712 359 1740 Ῐῖίοῠ
379 1721 429 1748 μου
442 1721 450 1728 ·
468 1714 497 1740 ὲν
515 1713 589 1749 αὐτῷ
610 1713 664 1749 γὰρ
681 1714 781 1749 γράφει
795 1715 844 1747 τὰς

61 1757 174 1792 καρδίας
187 1757 242 1784 τῶν
256 1759 436 1785 πιστευόντων
452 1759 491 1789 εἰς
504 1759 595 1787 αὐτόν.

93 1804 120 1831 4.
144 1804 173 1831 '0
183 1804 246 1836 Υἱός
259 1813 310 1840 μου
323 1804 434 1836 amas;
443 1805 500 1831 ἐστι
515 1805 561 1832 καὶ
572 1804 686 1840 ἄμωμος
700 1805 769 1841 ὑπὲρ
781 1806 843 1836 τοὺς

59 1849 133 1880 υἱοὺς
150 1849 205 1876 τῶν
219 1848 381 1885 ἀνθρώπιον.

94 1895 120 1921 5.
139 1895 203 1927 Τοῖς
221 1895 252 1922 τὸ
273 1896 403 1931 κήρυγμα
416 1895 497 1922 αὑτοῦ
514 1904 570 1928 τοις
589 1895 692 1923 ἔθνεσιν
709 1895 837 1931 ἀναγγεί-

59 1941 106 1972 λας
133 1940 359 1976 [ἀναγγείλασι1.
389 1941 444 1968 Καὶ
469 1941 527 1978 [οἶ]
554 1942 743 1977 ἅναγγελοῦσι,
766 1943 841 1979 χείλη

60 1986 140 2013 αὑτοῦ
154 1986 191 2022 (4)
209 1988 329 2022 εῐρηκεν.

94 2033 120 2061 6.
136 2033 189 2059 Τὸν
202 2033 295 2059 πιστὸν
308 2033 372 2059 λαὸν
385 2034 399 2060 ὁ
414 2033 516 2069 Κύριος
530 2033 684 2070 εὐλόγησεν.

94 2079 122 2107 7.
141 2079 186 2104 Ἐν
210 2078 249 2114 τῷ
265 2079 403 2114 Πνεύματί
431 2087 478 2106 σου
502 2079 541 2114 τῷ
563 2080 633 2114 ἁγιῳ
660 2079 841 2115 ἀναγέννησον

59 2125 120 2156 τοὺς
133 2124 311 2157 πιστεύοντας
322 2126 362 2157 εἰς
379 2125 419 2152 σέ.

93 2171 119 2198 8.
138 2171 183 2206 Τῷ
195 2170 266 2206 λόγῳ
281 2179 326 2197 σου
341 2172 388 2198 καὶ
403 2172 436 2207 τῇ
451 2171 541 2207 χάριτί
555 2179 612 2198 σου.

95 2215 120 2243 9.
138 2216 192 2242 Kal.
206 2215 344 2251 ἐνίσχυσον
354 2217 416 2248 τοὺς
431 2217 522 2251 ἁγίους
534 2217 583 2252 (5),
600 2217 646 2243 καὶ
663 2216 693 2243 τὸ
713 2217 842 2252 κήρυγμα

59 2261 148 2289 αὐτῶν
162 2261 353 2296 κατευόδωσον,
367 2263 414 2289 καὶ
425 2262 594 2297 βασίλευσον.

94 2308 136 2335 10.
150 2307 200 2334 Διὰ
211 2308 274 2339 τοὺς
288 2308 381 2342 ἁγίους
396 2317 452 2336 σου.

95 2351 137 2378 11.
152 2351 208 2378 Kal.
219 2351 326 2387 ἔχοντές
340 2360 368 2378 σε
379 2352 404 2378 οἱ
421 2352 494 2386 ἆγιοι
506 2352 534 2378 ὲν
546 2352 663 2384 ἑαυτοῖς,
672 2351 796 2385 ἁγάγωσί
807 2359 837 2377 σε

59 2398 112 2428 τοῖς
124 2396 213 2424 ἔθνεσι
231 2397 274 2423 διὰ
292 2396 338 2424 τοῦ
354 2397 540 2433 κηρύγματος.

94 2441 138 2468 12.
153 2442 185 2468 Οἱ
204 2442 346 2469 ἀπόστολοί
360 2451 407 2468 σου
423 2442 584 2478 ἠκονημένοι
600 2442 644 2470 διὰ
662 2443 712 2477 τῆς
730 2442 840 2478 χάριτός

59 2494 116 2514 σου.

91 2533 134 2559 15.
142 2532 374 2568 ’Υποταγήσονταί
384 2541 424 2559 σοι
432 2533 495 2569 ἔθνη
505 2533 549 2560 διὰ
560 2533 611 2568 τῆς
619 2533 783 2565 πίστεώςσου
790 2533 839 2569 (6).

94 2579 137 2606 14.
155 2579 360 2615 Ἐτι.(“ῐ).δντες
373 2580 403 2605 ὲν
416 2581 475 2611 ταῖς
488 2580 646 2615 ἁμαρτίαις.

92 2625 135 2652 15.
159 2625 190 2652 Ἦ
206 2625 329 2660 βασιλεία
340 2633 386 2651 σου
401 2625 587 2660 ἀτελεύτητος.

897 1537 990 1566 Verbi.

929 1607 956 1634 2.
977 1607 1108 1638 Dominus
1130 1612 1299 1640 annuntiabit
1321 1614 1420 1649 populo
1431 1614 1502 1642 ﬁdeli
1517 1623 1598 1651 opera
1616 1624 1675 1644 sua.

929 1708 956 1734 5.
973 1707 1053 1736 Pater
1074 1709 1141 1738 dicit
1159 1720 1166 1738 :
1185 1711 1301 1746 Spiritus
1321 1722 1398 1742 meus
1423 1720 1534 1743 sanctus
1553 1716 1676 1744 calamus

893 1757 934 1779 est
951 1752 1014 1780 Filii
1031 1755 1084 1782 mei
1099 1764 1106 1782 :
1119 1756 1146 1783 in
1172 1757 1230 1792 ipso
1251 1758 1324 1786 enim
1346 1760 1440 1787 scribit
1460 1761 1541 1788 corda
1563 1761 1673 1789 creden-

893 1799 958 1824 tium
977 1799 1003 1825 in
1019 1807 1091 1827 eum.

928 1843 954 1870 1'.
973 1843 1058 1871 Filius
1071 1852 1148 1873 meus
1165 1845 1396 1876 ineontaminatus
1407 1852 1458 1882 est,
1474 1854 1501 1876 et
1514 1849 1673 1878 immacula-

893 1893 937 1916 tus
947 1897 1029 1924 super
1046 1890 1116 1918 ﬁlios
1132 1891 1283 1918 lmininum.

927 1935 953 1962 5.
966 1935 1199 1964 Annuntiantihus
1221 1938 1281 1972 ejus
1295 1938 1516 1972 pra‘dicationem
1534 1939 1673 1975 gentibus,

892 1984 919 2007 et
931 1981 978 2015 qui
999 1982 1211 2015 annuntiabunt,
1227 1975 1296 2010 labia
1312 1983 1372 2018 ejus
1384 1988 1473 2010 vocat.

928 2070 956 2098 6.
973 2070 1105 2105 Populum
1123 2071 1227 2099 lidelcm
1244 2070 1376 2100 Dominus
1388 2073 1533 2100 benedixit.

928 2117 955 2144 7.
969 2116 998 2144 In
1016 2116 1118 2153 Spiritu
1134 2125 1227 2146 saneto
1241 2123 1287 2145 tuo
1301 2126 1430 2153 regenera
1443 2120 1584 2148 credentes
1598 2120 1624 2147 in
1635 2125 1670 2149 te.

928 2205 954 2233 8.
973 2205 1063 2234 Verbo
1076 2211 1133 2240 tuo,
1145 2211 1172 2234 et
1188 2206 1273 2241 gratia
1287 2211 1342 2234 tua.

927 2252 952 2278 9.
967 2251 999 2278 Et
1013 2252 1158 2280 corrobora
1170 2256 1290 2285 sanctos,
1302 2256 1328 2280 et
1344 2252 1563 2287 praedicationem
1577 2261 1670 2282 eorum

892 2305 1022 2332 prospere
1037 2297 1133 2334 dirige,
1150 2303 1177 2326 et
1190 2307 1282 2334 regna.

928 2343 971 2370 10.
986 2343 1100 2379 Propter
1115 2349 1223 2373 sanctos
1236 2351 1307 2374 tuos.

928 2391 973 2417 11.
992 2390 1026 2418 Et
1039 2392 1126 2419 sancti
1148 2392 1278 2421 habentes
1295 2398 1322 2421 te
1338 2394 1364 2421 in
1377 2402 1406 2423 se
1421 2395 1487 2431 ipsis
1500 2396 1635 2425 adducent
1647 2402 1668 2425 ιε

891 2436 1018 2471 gentibus
1033 2444 1081 2471 per
1093 2438 1322 2471 praedicationem.

890 2497 896 2500 -
928 2482 971 2509 12.
985 2482 1106 2517 Apostoli
1122 2484 1171 2516 tui,
1185 2492 1255 2519 quos
1268 2486 1377 2513 exacuit
1390 2487 1476 2521 gratia
1494 2492 1549 2515 tua.

927 2530 971 2556 15.
988 2529 1173 2564 Subjicientur
1185 2531 1232 2557 tibi
1245 2536 1340 2566 gentes
1354 2540 1402 2567 per
1413 2533 1491 2560 tidem
1506 2539 1590 2562 tuam.

927 2576 970 2603 1-1.
988 2575 1085 2603 Adhuc
1095 2581 1282 2610 permanentes
1294 2577 1320 2604 in
1336 2579 1464 2612 peccatis.

929 2622 973 2649 15.
991 2622 1115 2657 Regnum
1129 2626 1206 2650 tuum
1219 2623 1423 2658 sempiternum.

529 2683 684 2714 Addenda
698 2686 728 2714 et
752 2681 940 2720 corrigenda
953 2688 992 2711 ex
1007 2679 1077 2711 cod.
1096 2679 1197 2711 Vatic.

91 2734 130 2771 (1)
148 2734 181 2771 '_H
196 2734 240 2771 διὰ
254 2734 304 2771 τῇς
322 2734 504 2771 κινναῦάρεως
524 2743 586 2770 περ.

91 2768 131 2804 (‘2)
148 2768 299 2803 Explicatio
313 2769 384 2797 tituli
397 2768 472 2798 deest
486 2770 514 2797 in
528 2768 642 2804 utroque
655 2769 759 2797 codice.

91 2804 130 2834 (5)
147 2805 217 2838 Περί
230 2804 314 2832 deest.

90 2839 128 2874 (ά)
141 2839 338 2874 Διαγγείλασιν,
359 2841 404 2867 καὶ
423 2839 624 2874 ἀναγγεληῦσιν,
641 2840 715 2876 χείλη
731 2840 838 2872 αὐτούς,

887 2737 937 2761 etc.

924 2767 962 2802 (ὅ)
986 2769 1090 2802 Ἀγίους
1106 2777 1163 2795 σου.

922 2803 959 2838 (6)
974 2805 1034 2838 ,Σου
1045 2805 1130 2832 deest.

926 2840 963 2874 (γ)
980 2840 1022 2865 οξ.
