1916 3052
243 118 298 144 527
665 118 694 144 S.
715 117 902 143 ATHANASII
923 117 999 144 ()PP.
1021 116 1111 144 PARS
1129 116 1172 143 Ill.
1190 131 1225 138 --
1243 115 1448 142 EXEGETICA.
1813 116 1865 144 823

282 173 324 200 16.
342 171 422 207 Virga
435 171 592 199 directionis
605 171 680 206 virga
694 171 769 206 regni
782 172 832 198 tui.

1114 172 1156 199 16.
1182 171 1293 203 Ῥάϐδος
1304 171 1451 207 εὐθύτητος
1462 171 1478 207 ἡ
1488 171 1583 207 ῥάϐδος
1596 171 1644 206 τῆς
1659 172 1796 206 βασιλείας
1805 183 1861 202 σου.

281 219 324 245 17.
340 217 463 245 Dilexisti
477 217 610 252 justitiam
621 220 648 243 et
663 216 745 243 odisti
760 217 928 251 iniquitatem
943 225 950 244 :

1119 217 1162 244 17.
1185 217 1346 254 Ἠγάπησας
1370 217 1556 253 δικαιοσύνην,
1579 217 1626 244 καὶ
1650 217 1783 254 ἐμίσησας
1805 220 1864 248 ἀνο-

1107 263 1150 289 ίαν
1161 270 1168 278 ⁸

281 308 324 335 18.
339 307 484 342 Propterea
497 307 574 334 unxit
591 311 616 334 te
629 306 712 337 Deus.
729 306 801 335 Deus
812 313 887 340 tuus,

1107 272 1150 289 ιαν
1161 272 1168 278 '

1084 272 1104 298 μ
1118 309 1160 336 18.
1176 308 1226 335 Διὰ
1239 308 1318 335 τοῦτο
1333 307 1425 344 ἐχρισέ
1438 317 1468 335 σε
1480 309 1494 335 ό
1507 308 1582 340 Θεὸς,
1593 309 1608 335 ὸ
1621 308 1688 341 Θεός
1704 317 1762 344 σου,

281 355 326 382 19.
338 353 404 382 Oleo
420 354 518 381 laetitiae
529 361 584 388 prae
595 353 772 381 consortibus
787 354 852 382 tuis.

1122 354 1165 381 19.
1184 354 1294 381 Ἐλαιον
1308 353 1492 387 ἀγαλλιάσεως
1507 353 1581 389 παρὰ
1589 353 1652 385 τοὺς
1667 354 1796 389 μετόχους
1806 363 1861 383 σου.

282 400 327 428 20.
344 400 464 435 Myrrha,
477 404 505 427 et
517 404 604 434 gutta,
622 404 648 427 et
661 400 736 428 casia
750 407 765 427 a
779 399 949 428 vestimentis
963 399 1028 432 tuis.

1116 401 1163 428 20.
1180 400 1302 436 Σμύρνα,
1320 400 1367 427 καὶ
1386 399 1498 435 στακτὴ,
1514 400 1560 426 καὶ
1573 400 1654 426 κασία
1668 400 1722 427 ἀπὸ
1736 401 1790 428 τῶν
1805 402 1863 437 ίμι-

1081 455 1146 474 τιων
1163 455 1221 477 σου,

275 491 321 518 21.
337 490 359 518 Δ
377 490 504 518 domibus
528 490 668 524 eburneis,
693 499 726 518 ex
752 491 852 526 quibus
876 491 1029 519 delectave-

1106 467 1107 471 η
1133 456 1146 473 ν
1163 456 1221 477 σου,

1109 456 1164 520 02L
1186 492 1256 519 Ἀπὸ
1271 491 1375 527 βάρεων
1386 490 1576 526 ἐλεφαντίνων,
1592 491 1620 524 ἐξ
1630 501 1668 519 ων
1679 491 1815 528 εὖφρανάν
1834 501 1862 520 σε

244 541 307 564 runt
320 541 348 564 te

277 582 322 608 22.
340 581 414 608 Filia:
427 588 520 615 regum
537 581 564 608 in
578 580 682 606 honore
696 584 742 606 tuo
756 589 763 606 :

1120 579 1167 606 22.
1180 582 1334 614 υυγατερες
1349 577 1479 613 βασιλέων
1490 578 1519 604 ἐν
1531 578 1564 612 τῇ
1576 578 1641 612 τιμῇ
1659 585 1706 603 σου
1716 585 1723 593 ·

276 628 322 655 23.
337 627 429 654 Astitit
446 627 537 662 regina
551 634 566 653 a
583 626 686 654 dextris
699 625 765 658 tuis,

1117 625 1162 653 23.
1182 625 1308 661 Παρὲστη
1326 626 1342 660 ὴ
1358 624 1498 659 βασίλισσα
1516 624 1547 650 ἐκ
1558 623 1651 656 δεξιῶν
1669 632 1728 656 σου,

276 673 322 702 2i.
337 672 366 700 In
381 673 479 700 vestitu
496 672 629 699 deaurato
641 671 810 699 circumdata
825 671 968 698 varietate.

1118 671 1163 698 2L
1189 671 1232 696 'Ev
1256 670 1395 705 ἱματισμῷ
1412 669 1548 706 διαχρύσῳ
1572 669 1802 705 περιϐεϐλημένη,
1820 679 1863 697 1:—

1149 715 1172 741 ιλ
1176 715 1241 741 μένη
1246 734 1254 741 .

276 760 322 788 25.
335 759 416 792 Audi,
434 759 500 793 ﬁlia,
515 764 542 787 et
563 759 634 792 vide,
651 763 678 786 et
698 758 798 786 inclina
814 767 908 787 aurem
930 763 1003 786 tuam
1021 768 1028 786 :

1109 723 1254 750 )ικιΑμενη.

1117 761 1162 788 25.
1182 761 1265 787 ’Δκου
1271 769 1328 793 σον,
1345 760 1474 795 θύγατερ,
1487 760 1534 787 καὶ
1547 760 1597 792 ίδε,
1614 760 1661 786 καὶ
1673 759 1764 787 κλῖνον
1777 760 1808 787 τὸ
1820 758 1865 792 οὖς

1083 815 1141 834 σου.

277 848 321 876 26.
339 848 372 876 Et
386 849 547 877 obliviscere
561 848 690 884 populum
711 852 786 875 tuum
805 852 832 875 et
844 848 954 875 domum
980 855 1030 882 pa-

1113 852 1158 879 26.
1176 852 1231 879 Καὶ
1247 852 1377 879 ἐπιλάθου
1392 851 1439 878 τοῦ
1452 852 1517 879 λαου
1532 860 1579 878 σου
1595 851 1643 878 καὶ
1657 851 1705 878 τοῦ
1719 851 1794 878 οἴκου
1817 850 1863 878 τοῦ

245 895 294 922 tuis
308 894 357 922 tui.

1083 907 1136 925 r411:
1141 898 1185 934 ρός
1202 906 1259 926 σου.

276 942 322 969 27.
340 941 373 969 Et
387 941 561 976 concupiscet
575 948 623 968 rex
637 941 763 968 decorem
781 945 857 966 tuum
873 949 881 966 ι

1117 945 1162 971 27.
1180 944 1234 971 Καὶ
1248 943 1414 979 ἐπιθυμήσει
1425 943 1440 968 ὁ
1456 943 1581 978 βασιλεὺς
1592 943 1639 970 τοῦ
1651 943 1768 974 κάλλους
1785 951 1847 970 σου·

277 991 322 1017 28.
339 990 472 1023 Quoniam
484 990 542 1025 ipse
555 989 743 1017 est'Dominus
762 992 837 1019 tuus,
852 992 880 1014 et
902 986 1030 1015 adorabis

1119 989 1164 1016 28.
1181 990 1242 1016 Ὀτι
1255 989 1336 1020 αὑτός
1351 990 1409 1015 ἐστι
1431 989 1533 1024 Κύριός
1559 997 1624 1024 σου,
1648 989 1695 1016 καὶ
1716 986 1868 1024 προσκυνή-

246 1045 318 1066 eum.

1084 1043 1141 1065 σεις
1156 1033 1238 1069 αὐτῷ.

277 1084 312 1112 29
339 1082 372 1110 Et
388 1082 440 1110 tilia
453 1081 518 1117 Tyri
540 1081 567 1108 in
582 1081 751 1108 muneribus.

1119 1079 1164 1107 29.
1180 1079 1218 1115 (a)
1234 1079 1290 1106 Καὶ
1301 1078 1424 1114 θυγάτηρ
1436 1078 1524 1114 Τύρου
1541 1080 1570 1106 ἐν
1583 1079 1688 1115 δώροις.

279 1143 317 1179 (ο)
336 1141 366 1170 ν.
381 1141 428 1175 29,
451 1141 508 1168 Καὶ
523 1141 758 1178 προσκυνήσουσιν
775 1139 850 1172 αὐτῷ
863 1139 1012 1174 Θυγατέρες
1031 1138 1119 1174 Τύρου
1136 1139 1165 1166 ἐν
1180 1138 1277 1174 δώροις
1294 1137 1327 1167 γ.
1343 1139 1387 1172 50,
1403 1138 1450 1172 Τό,
1463 1142 1516 1166 etc.

803 1207 991 1240 ATHANASII
1009 1206 1306 1235 INTEBPRETATIO.

279 1267 324 1295 16,
338 1266 462 1295 Potestas
474 1270 574 1294 aeterna
586 1274 700 1301 regnum
715 1270 802 1293 tuum.

1121 1264 1164 1291 16.
1187 1264 1312 1296 Ἐξουσία
1325 1263 1432 1295 αἰώνιος
1445 1264 1461 1299 ὴ
1479 1263 1601 1298 βασιλεία
1615 1271 1670 1289 σου.

280 1313 324 1340 17,
344 1311 466 1339 Dilexisti
486 1317 596 1339 sanctos
621 1316 694 1343 tuos,
718 1316 746 1338 et
767 1311 848 1338 odisti
877 1310 1032 1338 inventores

1116 1311 1158 1337 17.
1183 1311 1344 1346 Ὴγὰπησας
1354 1310 1417 1342 τοὺς
1429 1310 1522 1344 ἁγίους
1537 1317 1593 1341 σου,
1603 1310 1650 1336 καὶ
1665 1309 1801 1345 ἐμίσησας
1809 1316 1872 1342 τους

248 1357 408 1393 iniquitatis,
427 1357 565 1385 diabolum
583 1364 689 1392 nempe,
701 1361 728 1384 et
739 1357 849 1392 angelos
864 1357 934 1391 ejus.

1118 1357 1198 1393 ρετὰς
1211 1357 1260 1392 τῆς
1272 1356 1396 1391 ἀνομίας,
1413 1355 1484 1391 φημὶ
1501 1355 1533 1390 δὴ
1548 1355 1593 1381 τὸν
1609 1354 1732 1381 διάϐολον
1750 1355 1796 1381 καὶ
1808 1356 1874 1388 τοὺς

1085 1402 1218 1434 ἀγγέλους
1230 1402 1324 1430 αὐτοῦ.

281 1444 326 1477 18,
343 1443 387 1471 19.
404 1443 551 1478 Propterea
563 1444 730 1471 renuntiavit
743 1448 770 1471 te
784 1443 864 1471 Pater
881 1451 928 1478 per
944 1443 1031 1479 Spiri-

1117 1411 1218 1437 ’γεΑους
1230 1411 1324 1430 αυτου.

1120 1448 1220 1481 18,19.
1244 1448 1294 1474 Διὰ
1320 1447 1399 1475 τοῦτο
1419 1447 1538 1481 ἀνέδειξε
1563 1455 1593 1473 σε
1615 1448 1629 1473 ὁ
1653 1447 1748 1482 Πατὴρ
1764 1446 1810 1472 διὰ
1825 1446 1873 1473 τοῦ

248 1494 303 1517 tum
315 1493 440 1518 sanctum
453 1497 543 1525 regem
555 1490 612 1525 jam
629 1490 808 1518 exsistentem
825 1498 832 1517 :
848 1490 1004 1525 quandoqui

1118 1495 1242 1530 νεύματος
1261 1494 1339 1529 ἁγίου
1359 1494 1472 1530 βασιλέα
1485 1494 1550 1521 ὄντα
1561 1503 1568 1509 ·
1585 1493 1733 1529 ἐπειδήπερ
1751 1494 1874 1529 ὑπῆρχες

249 1538 307 1564 dem
321 1543 428 1571 semmr
439 1536 566 1564 exstitisti
581 1544 630 1563 rex
645 1544 727 1571 supra
742 1544 801 1568 eos,
818 1536 864 1571 qui
883 1536 1005 1572 particip<

1119 1539 1263 1574 ιβασιλεὺς
1278 1539 1349 1574 ὑπὲρ
1363 1540 1426 1570 τοὺς
1441 1538 1604 1574 γενομένους
1613 1539 1744 1574 μετόχους
1758 1539 1807 1573 τῆς
1825 1538 1875 1572 χά-

248 1582 358 1610 fuerunt
384 1582 479 1617 gratiae
506 1586 580 1615 tuae;
608 1581 825 1616 Melchisedech,
856 1583 979 1617 inquam,

1121 1586 1157 1618 τὸς
1172 1595 1218 1612 σου
1229 1594 1236 1601 ⁸
1255 1586 1326 1620 λέγω
1341 1585 1373 1620 δὴ
1387 1584 1564 1620 Μελχισεδὲχ,
1573 1584 1621 1611 καὶ
1631 1583 1723 1615 Δαϐιδ,
1738 1584 1784 1610 καὶ
1799 1583 1877 1617 Ἐζε-

249 1626 344 1658 David,
359 1632 386 1654 et
397 1626 523 1660 Ezechia,
535 1631 561 1654 et
573 1625 658 1660 Josia,
673 1631 701 1655 et
716 1631 851 1662 quotquot
865 1627 907 1655 his
928 1627 1005 1655 simih

886 1627 907 1655 is
928 1627 1032 1656 similes
1083 1632 1140 1667 χία,
1153 1631 1200 1658 καὶ
1220 1631 1322 1663 Ἱωσία,
1337 1630 1384 1657 καὶ⁵
1395 1630 1451 1657 ὅσοι
1465 1629 1525 1656 κατ’
1537 1629 1642 1662 αὐτούς.

249 1672 370 1700 fuerunt.

282 1718 327 1746 20.
343 1717 454 1753 Myrrha
466 1718 658 1753 interpretatur
671 1717 785 1744 melodia
803 1718 930 1753 ipsarum.
950 1718 1034 1746 Melo-

1118 1718 1163 1746 20.
1182 1718 1303 1753 Σμύρνα
1330 1717 1509 1754 ἑρμηνεύεται
1532 1706 1663 1752 μελῳδίά
1683 1716 1792 1744 αὐτῶν.
1812 1717 1870 1752 Τὴν

249 1765 321 1792 diam
333 1764 414 1800 igitur
425 1771 531 1797 eorum,
549 1769 575 1791 et
590 1764 712 1799 gentium
734 1763 912 1799 ﬂagrantiam
935 1765 1004 1801 signi

1120 1774 1130 1790 ν
1147 1763 1280 1799 μελῳδίαν
1294 1763 1384 1790 αὐτῶν
1401 1762 1450 1798 (1),
1465 1763 1511 1789 καὶ
1531 1762 1579 1798 τὴν
1590 1763 1702 1790 εὺοῆίαν
1718 1762 1774 1789 τῶν
1789 1762 1876 1789 ἐθνῶν

249 1816 302 1842 cnt,
313 1818 395 1846 quam
408 1817 424 1837 a
438 1809 564 1837 doctrina
582 1809 698 1844 collegit.

1085 1809 1169 1843 λέγει,
1187 1809 1219 1844 ἣν
1234 1809 1434 1844 ἐπισυνήγαγεν
1449 1808 1503 1835 ἀπὸ
1515 1809 1565 1843 τῆς
1579 1808 1755 1840 διδασκαλίας
1771 1808 1821 1843 (2).

284 1855 328 1882 2t.
343 1855 384 1882 Ab
403 1854 518 1882 urhihus
530 1854 618 1881 tirmis
631 1859 662 1890 et
674 1854 792 1887 decoris,
814 1853 867 1881 hoc
881 1858 923 1881 est
939 1862 955 1881 a
969 1861 1033 1881 san-

1121 1855 1165 1882 2l.
1188 1855 1254 1881 Ἀπὸ
1274 1854 1328 1881 τῶν
1349 1854 1453 1880 πόλεων
1474 1853 1528 1880 τῶν
1547 1854 1674 1889 ἰσχυρῶν,
1699 1854 1756 1881 τῶν
1777 1855 1877 1891 εὐπρσμ

252 1901 316 1931 etis,
328 1900 401 1928 unde
412 1899 565 1927 laetiﬁcatus
577 1907 615 1927 es.

1086 1902 1156 1932 πῶν,
1171 1901 1295 1927 τουτέστι
1311 1900 1366 1926 τῶν
1381 1900 1476 1934 ἁγίων,
1489 1899 1519 1931 ἐξ
1528 1896 1747 1935 ὦν.εὑφράνθης.

285 1946 332 1987 2.2.
348 1945 452 1973 Anima:
469 1950 625 1973 sanctorum
637 1945 828 1980 gloriﬁcabunt
841 1948 877 1972 te.

1121 1947 1167 1975 22.
1183 1947 1217 1973 Αἱ
1231 1946 1316 1982 ψυχαὶ
1331 1945 1385 1972 τῶν
1403 1945 1488 1980 ἁγίων
1504 1945 1644 1978 δοξὰσουσί
1657 1953 1697 1973 σε.

285 1993 330 2020 25.
347 1992 480 2020 Ecclesia.

1122 1993 1167 2020 23.
1189 1993 1221 2019 Ἦ
1240 1992 1396 2028 Ἐκκλησία.

287 2038 333 2064 24.
350 2036 379 2064 In
396 2037 544 2064 multifaria
559 2036 694 2072 sapientia
710 2040 818 2064 ornata.

1123 2039 1167 2066 24.
1189 2039 1234 2065 Ἐν
1249 2040 1282 2074 τῇ
1300 2039 1381 2074 σοφίᾳ
1392 2040 1424 2074 τῇ
1443 2038 1628 2073 πολυποικίλῳ
1643 2039 1850 2074 κεκοσμημένη.

285 2082 331 2110 25.
344 2082 426 2116 Audi,
448 2082 515 2109 dicit
532 2081 658 2109 Ecclesia
675 2089 708 2108 ex
725 2082 851 2116 gentibus
867 2081 1038 2116 prmdicalio-

1126 2085 1171 2112 25.
1189 2085 1322 2111 ΙἌκουσον
1334 2104 1341 2116 ,
1360 2084 1433 2118 λέγει
1451 2086 1483 2120 τῇ
1507 2083 1655 2119 Ἐκκλησία
1673 2085 1707 2119 τῇ
1729 2084 1759 2116 ἐξ
1774 2084 1876 2117 ἐθνῶν,

251 2137 313 2156 nem
338 2128 459 2162 Domini,
485 2133 512 2156 et
539 2129 648 2156 atlende
670 2129 757 2156 oculis
778 2128 871 2156 cordis
895 2134 1007 2163 praecepi

1121 2130 1140 2156 ιῦ
1154 2129 1331 2165 κηρύγματος
1342 2128 1389 2156 τοῦ
1400 2130 1514 2165 Κυρίου,
1527 2129 1575 2156 καὶ
1583 2129 1701 2164 πρόσχες
1708 2130 1766 2160 τοῖς
1777 2129 1877 2163 ὀφθαλ-

252 2175 372 2208 Domini,
384 2179 411 2203 et
426 2174 550 2203 ausculta
562 2183 635 2202 eum.

1121 2176 1155 2207 si;
1168 2174 1217 2210 τῆς
1228 2174 1342 2210 καρδίας
1353 2175 1415 2206 ταῖς
1425 2174 1546 2206 ἐντολαῖς
1571 2173 1618 2200 τοῦ
1636 2174 1750 2208 Κυρίου,
1771 2174 1819 2200 καὶ
1834 2175 1877 2200 ὐπ-

1094 2222 1207 2248 άκουσον
1223 2220 1317 2248 αὑτοῦ.

287 2265 333 2292 26.
348 2263 381 2292 Et
394 2264 554 2292 obliviscere
564 2264 735 2300 gentilitatis,
747 2268 774 2292 et
782 2263 950 2293 idololatrias.

1127 2267 1173 2295 26.
1191 2267 1247 2295 Καὶ
1257 2267 1386 2294 ἐπιλάθου
1403 2266 1450 2293 τοῦ
1474 2265 1651 2301 Ἑλληνισμοῦ
1670 2266 1716 2292 καὶ
1736 2266 1787 2302 τῆς
1802 2267 1877 2294 εἰδω-

1091 2312 1258 2347 λολατρείας,

289 2352 334 2380 27.
350 2353 481 2380 Dominus
494 2353 573 2380 ﬁdem
586 2357 671 2380 tuam.

1130 2358 1176 2386 27.
1199 2359 1228 2386 Ὁ
1241 2359 1344 2395 Κύριος
1361 2360 1409 2395 τῆς
1427 2359 1544 2391 πίστεώς
1561 2367 1617 2386 σου.

289 2398 334 2425 28.
348 2398 483 2432 Quoniam
497 2398 555 2434 ipse
573 2403 616 2426 est
628 2398 760 2426 Dominus
776 2402 851 2432 tuus,
874 2402 899 2425 et
921 2398 972 2433 ipsi
994 2397 1042 2426 lle-

1130 2404 1174 2431 28.
1193 2405 1254 2431 Ὂτι
1269 2405 1351 2437 αὑτός
1371 2406 1428 2431 ἐστι
1441 2405 1578 2440 Δεσπότης
1595 2412 1653 2436 σου,
1670 2404 1718 2430 καὶ
1728 2402 1804 2438 αὐτῷ
1826 2403 1876 2429 κλί-

256 2445 338 2472 etitur
352 2451 432 2472 omne
443 2452 514 2479 genu
528 2444 555 2471 in
569 2444 638 2472 coalo
649 2449 676 2472 et
688 2445 715 2472 iu
730 2449 801 2472 terra
816 2445 850 2472 ".

1095 2458 1135 2476 νει
1149 2450 1187 2486 (5)
1205 2449 1298 2486 [πᾶν]
1314 2451 1379 2485 γόνυ
1394 2451 1423 2478 ἐν
1436 2450 1543 2486 οὐρανῷ
1557 2450 1605 2477 καὶ
1617 2449 1663 2476 ἐπὶ
1676 2449 1738 2484 γῆς.

291 2490 336 2518 29.
352 2489 385 2516 Et
411 2489 466 2516 ﬁlia
491 2489 673 2522 confusionis,
699 2497 796 2524 nempe
811 2489 981 2523 idololatriae,
998 2488 1044 2516 ad-

1132 2495 1178 2522 29.
1193 2497 1250 2523 Καὶ
1263 2497 1311 2532 τῆς
1327 2497 1484 2532 συγχύσεως
1497 2495 1630 2532 θυγάτηρ,
1647 2495 1718 2530 λέγω
1734 2495 1766 2530 δὴ
1777 2494 1828 2529 τῆς
1843 2495 1876 2520 εί-

257 2536 338 2564 ducta
375 2539 417 2562 est
448 2535 482 2562 ad
514 2535 606 2563 ﬁdem.
636 2535 722 2570 Tyrus
746 2536 818 2564 enim
851 2535 1010 2570 interprelat

1121 2541 1305 2578 υλολατρείας,
1332 2543 1503 2579 προσηνέχθη
1531 2544 1560 2570 ἐν
1587 2542 1690 2569 πίστει.
1720 2541 1808 2575 προς
1827 2539 1877 2576 γὰρ

257 2582 391 2617 confusio.

1096 2587 1249 2622 σύγχυσις
1267 2588 1453 2625 ἑρμηνεύεται.

293 2638 316 2654 ⁸⁵
333 2638 385 2667 lsa.
401 2647 462 2673 xcv,
477 2640 531 2674 24;
548 2639 629 2668 Rom.
643 2648 699 2675 xn',
712 2640 741 2668 11
754 2649 762 2674 ;
777 2640 876 2675 Philip.
894 2648 924 2674 ιι,
941 2640 984 2666 10.

747 2697 902 2729 Addenda
918 2700 949 2729 et
964 2696 1153 2737 corrigenda
1168 2705 1208 2726 ex
1225 2697 1294 2728 cod.
1309 2698 1396 2728 Vatié

300 2756 322 2791 (l
351 2757 454 2784 Αὐτῶν
467 2757 553 2786 deest.

300 2757 337 2828 [Si
354 2792 532 2826 Διδασκαλίας
549 2801 605 2821 σου.

1140 2758 1179 2794 (5)
1192 2758 1308 2791 Κλινείς.

552 2801 605 2821 σου.

296 2792 335 2827 (2)
354 2792 532 2826 Διδασκαλίας
549 2801 605 2821 σου.
