1896 3052
281 124 334 152 851

706 125 735 153 S.
766 124 952 152 ATllANASll
973 124 1047 152 OPP.
1070 123 1158 151 PARS
1176 123 1218 151 Ill.
1238 139 1273 144 —
1291 123 1496 152 EXEGETICA.
1833 125 1870 153 83!

315 185 342 212 5.
359 183 504 219 Propterea
527 191 581 211 non
609 183 785 218 timebimus,
816 184 881 211 dum
912 183 1047 210 turbabilu

1149 183 1175 209 5.
1191 183 1240 209 Διὰ
1254 182 1333 209 τοῦτο
1347 183 1377 209 οὺ
1392 182 1601 218 φοϐηθησόμεθα
1614 183 1650 215 ὲν,
1661 182 1699 218 τῷ
1715 183 1869 219 ταράσσεσθαι

280 235 363 257 terra.

315 276 342 303 ι.
357 275 389 303 Et
405 275 602 303 transferentur
617 281 722 304 montes
735 277 762 304 in
779 285 825 304 cor
841 277 934 304 maris.

313 321 340 348 5.
358 321 514 348 Sonuerunt
527 325 554 348 et
570 320 682 348 turbatae
693 326 757 348 sunt
769 329 846 355 aquae
861 328 973 348 eorum:

313 367 339 392 6.
356 365 516 393 Conturbati
529 370 593 392 sunt
604 370 710 393 montes
727 366 753 392 in
766 366 926 393 fortitudine
937 366 1007 399 ejus.

315 411 341 441 7.
356 411 489 440 Fluminis
506 412 623 447 impetus
638 412 756 440 laetiﬁcat
771 412 907 440 civitatem
923 411 983 439 Dei.

585 498 752 532 Diapsalma.

312 540 337 567 8.
356 540 538 568 Sanctiﬁcavit
549 542 751 568 tabernaculum
767 550 847 569 suum
863 542 1031 569 Altissimus.

312 587 339 614 9.
356 586 428 615 Deus
439 587 467 614 in
480 587 569 615 medio
581 588 652 622 ejus,
668 593 695 615 et
708 595 763 615 non
780 588 1012 615 commovebitur:

311 633 356 661 l0.
372 633 517 668 Adjuvabit
530 641 590 661 eam
606 633 677 661 Deus
693 642 773 661 mane
788 634 918 662 diluculo.

313 679 355 706 ll.
372 678 546 707 Conturbata:
570 685 634 707 sunt
658 685 763 716 gentes,
790 686 817 708 et
841 681 969 708 inclinata
997 685 1060 708 sunt

274 732 355 759 regna
371 734 377 752 :

310 770 354 797 12.
368 769 445 797 Dedit
457 777 549 798 vocem
562 778 639 798 suam
653 765 822 803 Altissimus,
835 776 909 799 mota
919 777 961 799 est
975 776 1055 800 terra.

310 816 352 842 15.
368 815 499 843 Dominus
509 817 638 844 virtutum
652 817 809 845 nobiscum:

308 861 352 888 ll.
370 860 517 897 Susceptor
529 867 622 889 noster
637 861 707 889 Deus
720 861 812 889 Jacob.

309 907 352 934 15.
371 907 465 934 Venite
478 912 503 934 et
516 907 603 935 videte
617 916 698 942 opera
716 908 772 940 llei,

307 953 350 980 l6.
366 953 432 986 Qua:
443 954 534 988 posuit
547 954 669 989 prodigia
683 962 764 989 super
781 959 891 981 terram.

307 998 351 1024 l7.
368 998 501 1027 Auferens
512 999 581 1027 bella
593 1008 681 1035 usque
692 1000 725 1028 ad
741 999 809 1027 ﬁnes
826 1004 918 1027 ten-a3:

308 1090 349 1117 l8.
367 1089 465 1117 Arcum
481 1095 602 1118 conteret
615 1095 643 1118 et
656 1090 809 1127 confringet
826 1100 914 1126 arma,

305 1136 348 1163 l9.
365 1135 399 1163 Et
410 1140 486 1163 scuta
498 1137 640 1164 comburet
657 1137 683 1164 in
701 1137 772 1169 igne.

303 1192 341 1264 £23
354 1192 391 1257 'ii‘
403 1194 433 1256 3‘3
449 1194 512 1257 ἓξὲξ

1195 237 1228 253 rv

1132 227 1248 300 hlfllail
1263 273 1451 308 μετατίθεσθαι
1465 272 1514 308 ὅρη
1529 274 1557 299 ὲν
1577 273 1700 308 καρδίαις
1714 274 1845 301 θαλασσῶν.

1149 320 1177 347 5.
1194 320 1319 355 ’Ἢχησαν
1339 320 1384 346 καὶ
1396 320 1582 355 ἐταράχθησαν
1593 320 1626 346 τὰ
1645 320 1726 356 ὕδατα
1740 321 1833 347 αὐτῶν·

1147 365 1173 392 6.
1199 365 1404 401 Ἐταράχθησαν
1417 366 1452 392 τὰ
1461 366 1511 401 ὕρη
1529 366 1558 391 ὲν
1569 367 1601 401 τῇ
1617 366 1784 401 κραταιότητι
1795 367 1867 396 αὑτοῦ.

1150 411 1175 437 7.
1193 410 1246 436 Τοῦ
1263 410 1385 446 ποταμοῦ
1400 411 1434 437 τὰ
1445 411 1592 446 ὁρμήματα
1603 411 1770 446 εὐφραίνουσι
1780 412 1822 447 τὴν
1831 412 1866 440 πό-

1111 456 1152 483 λιν
1166 456 1212 482 τοῦ
1228 456 1305 484 Θεοῦ.

1165 533 1169 535 η
1390 503 1546 538 Διάψαλμα
1563 504 1611 539 (a).

1146 548 1172 575 8.
1197 549 1309 582 Ἠγίασε
1322 549 1352 575 τὸ
1368 550 1498 585 σκήνωμα
1512 550 1592 577 αὑτοῦ
1607 550 1621 576 ὁ
1635 549 1771 585 ”Υψιστος.

1144 594 1170 621 9.
1187 595 1224 627 (ὁ)
1238 595 1266 620 ’0
1274 594 1340 626 Θεὸς
1347 596 1375 621 ὲν
1389 595 1463 630 μέσῳ
1474 595 1567 630 αὐτῆς,
1583 597 1631 623 καὶ
1644 597 1674 622 οὑ
1689 596 1863 632 σαλευθήσεται·

1146 640 1189 666 10.
1209 640 1339 675 Βοηοήσει
1357 641 1426 676 αὐτῇ
1443 641 1457 667 ὁ
1471 641 1536 672 Θεὸς
1548 642 1579 668 τὺ
1591 642 1659 677 πρὸς
1674 643 1743 677 πρωὶ
1756 643 1826 678 πρωί.

1146 684 1189 710 ll.
1212 684 1416 720 Ἑταράχθησαν
1432 685 1505 722 ἔθνη,
1517 686 1625 714 ἔκλιναν
1638 687 1781 722 βασιλεῖαι·

1143 777 1187 804 12.
1199 778 1302 804 Ἔδωκε
1312 777 1402 813 φωνὴν
1417 777 1498 804 αὐτοῦ
1506 778 1668 813 ὁὝψισ-ιος,
1679 778 1819 815 ἑσαλεὺθηή
1829 778 1862 814 γῆ.

1145 831 1187 858 l5.
1202 832 1305 867 Κύριος
1316 831 1370 859 τῶν
1385 832 1527 868 δυνάμεων
1544 833 1603 868 μεθ’
1618 834 1713 869 ἡμῶν·

1143 876 1186 902 14.
1210 876 1396 913 Ἀντιλήπτωρ
1416 877 1494 912 ἡμῶν
1507 878 1597 910 ὁΘεδς
1618 878 1725 906 Ἰακώϐ.

1143 922 1187 949 15.
1203 922 1296 954 Δεῦτε,
1309 923 1355 949 καὶ
1368 922 1436 949 ἴδετε
1451 923 1485 950 τὰ
1502 924 1569 959 ἔργα
1578 924 1626 951 τοῦ
1641 925 1719 958 θεοῦ,

1143 966 1186 993 16,
1204 967 1237 992 Ἀ
1252 966 1327 994 ἔθετο
1341 968 1442 1003 τέρατα
1457 969 1503 996 ἐπὶ
1518 970 1567 1004 τῆς
1580 971 1644 1006 γῆς.

1142 1011 1186 1038 17.
1211 1012 1391 1048 ’Δνταναιρῶν
1406 1014 1540 1049 πολέμους
1555 1015 1637 1051 μέχρι
1649 1016 1702 1043 τῶν
1713 1016 1862 1052 περάτωντῆς

1106 1065 1183 1128 mla.
1201 1102 1282 1134 Τόξον
1298 1104 1448 1140 συντρίψει,
1469 1105 1516 1132 καὶ
1528 1107 1671 1134 συνθλάσει
1686 1108 1776 1144 ὄπλονς,

1143 1146 1187 1174 19.
1205 1148 1260 1174 Καὶ
1277 1148 1389 1185 θυρεοὺς
1399 1151 1566 1180 κατακαύσει
1579 1154 1608 1181 ὲν
1620 1155 1697 1191 πυρί.

356 1228 388 1257 V.
403 1229 430 1256 9.
449 1229 530 1257 Deest
544 1229 571 1257 in
587 1230 660 1264 cod.,
681 1230 727 1257 sed
741 1234 829 1257 exstat
854 1230 882 1258 in
901 1239 988 1268 marg.
1004 1239 1106 1264 recent.
1125 1237 1293 1266 charactere.

823 1311 1011 1342 ATHANASII
1036 1315 1329 1349 INTERPRETATIO.

300 1372 328 1400 3.
341 1370 486 1405 Propterea
499 1377 553 1397 non
565 1370 682 1405 amplius
698 1369 835 1404 timemus,
846 1371 1051 1408 insurgentibus

266 1417 294 1445 in
309 1425 359 1444 nos
376 1417 491 1444 terrenis
506 1416 656 1451 spiritibus.

299 1462 327 1489 4.
344 1461 377 1488 Et
385 1461 594 1496 justitlcationes
616 1460 664 1489 Dei
683 1465 764 1489 erunt
785 1461 814 1488 in
836 1461 966 1491 cordibus
983 1471 1049 1499 gen-

301 1551 327 1579 5.
343 1552 456 1580 Territa
471 1555 535 1580 sunt
547 1556 574 1580 et
588 1552 695 1579 ululant
711 1552 874 1580 adversaria:
890 1558 1047 1589 potestates.

300 1642 327 1670 ϐ.
342 1640 450 1669 Domini
466 1641 565 1669 virtute
579 1641 718 1669 dissolutae
732 1647 798 1670 sunt
813 1643 913 1671 eaedem
936 1649 1048 1673 contra-

265 1687 312 1714 ria:
325 1691 480 1722 potestates.

300 1733 326 1760 7.
341 1732 416 1760 Dona
427 1733 500 1760 enim
514 1733 600 1761 sancti
622 1733 740 1769 Spiritus
759 1735 982 1764 illuminaverunt
994 1736 1046 1765 Ec-

263 1778 373 1806 clesiam
388 1778 448 1806 Dei.

298 1825 324 1852 8.
341 1824 525 1852 Sanctiﬁcavit
540 1825 653 1853 chorum
669 1830 826 1855 sanctorum
840 1827 983 1856 Dominus.

297 1910 325 1938 9.
337 1910 410 1938 Deus
425 1911 454 1938 in
467 1911 596 1940 cordibus
612 1913 713 1948 populi,
728 1917 756 1941 et
771 1914 924 1943 immobiles
939 1924 1046 1952 perma-

263 1961 328 1984 nent
342 1957 370 1984 in
385 1957 446 1985 ilde.

298 2002 344 2030 l0.
358 2001 504 2038 Adjuvabit
519 2002 591 2031 Deus
605 2003 756 2032 Ecclesiam
771 2005 799 2033 in
818 2007 962 2042 splendore
976 2008 1046 2036 lucis

296 2056 318 2075 te
321 2069 329 2076 ι

262 2057 329 2077 suae.

296 2093 339 2121 ll.
355 2092 480 2129 Dissipati
492 2098 555 2121 sunt
565 2093 712 2128 daemones,
723 2099 751 2123 et
761 2101 892 2131 superatae
901 2101 965 2124 sunt
977 2096 1046 2125 vires

261 2147 376 2167 llllmlCl.

1137 1377 1163 1404 5.
1179 1377 1229 1404 Διὰ
1243 1378 1321 1405 τοῦτο
1337 1379 1387 1406 οὐκ
1411 1379 1451 1407 ἔτι
1474 1380 1642 1417 φοϐούμεθα,
1671 1381 1860 1418 ἐπεγειρομίνων

1102 1423 1168 1458 ἡμῖν
1182 1424 1283 1459 γηίνων
1301 1425 1475 1460 πνευμάτων.

1137 1469 1164 1496 4.
1183 1470 1236 1496 Καὶ
1252 1470 1285 1496 τὰ
1297 1470 1467 1506 δικαιώματα
1480 1472 1527 1499 τοῦ
1543 1472 1611 1500 Θεοῦ
1627 1471 1696 1501 εῖναι
1710 1475 1737 1501 ὲν
1749 1476 1802 1506 ταῖς
1809 1483 1860 1509 κιρ-

1063 1528 1084 1556 C
1102 1513 1171 1545 δίαις
1183 1514 1236 1541 τῶν
1251 1515 1344 1543 ἐθνῶν.

1135 1560 1161 1588 5.
1185 1561 1371 1598 Ἐφοῦήθησαν
1384 1563 1431 1589 καὶ
1445 1563 1625 1596 ἀλαλάζουσιν
1637 1566 1665 1593 αἱ
1676 1565 1786 1593 ἐναντίαι
1796 1564 1859 1591 δυνά-

1101 1613 1172 1640 μεις.

1133 1651 1158 1679 6.
1173 1652 1337 1688 Διελύθησαν
1354 1653 1392 1689 (1)
1406 1655 1433 1681 αἱ
1445 1655 1524 1682 αὑταὶ
1535 1655 1656 1683 ἐναντίαι
1669 1655 1789 1692 δυνάμεις
1798 1656 1823 1681 ὲν
1833 1655 1858 1689 τῇ

1100 1699 1173 1733 ἰσχύῖ
1187 1699 1234 1725 τοῦ
1246 1699 1361 1736 Κυρίου.

1132 1744 1159 1771 7.
1176 1745 1216 1772 Τὰ
1230 1745 1283 1781 γὰρ
1297 1747 1451 1783 χαρίσματα
1465 1747 1512 1774 τοῦ
1529 1747 1605 1782 ἁγίου
1629 1748 1779 1784 Πνεύματος
1801 1745 1858 1781 ἐφώ-

1097 1797 1175 1817 τισαν
1189 1791 1237 1826 τὴν
1261 1792 1422 1828 Ἐκκλησίαν
1431 1793 1478 1820 τοῦ
1495 1793 1574 1821 Θεοῦ.

1131 1835 1157 1862 8.
1181 1837 1292 1871 Ἠγὶασε
1307 1838 1353 1865 τὸν
1375 1839 1454 1874 χορὸν
1464 1839 1518 1866 τῶν
1539 1840 1642 1875 κυρίων
1656 1839 1771 1876 [ἁγίων]
1784 1840 1796 1866 ὸ
1808 1839 1855 1866 Κυ-

1098 1889 1154 1916 ριος
1163 1880 1213 1916 (9)-

1131 1927 1158 1954 9.
1176 1928 1205 1954 '0
1221 1927 1286 1960 Θεὸς
1297 1929 1326 1955 ὲν
1340 1930 1400 1961 ταῖς
1414 1930 1538 1966 καρδίαις
1549 1929 1597 1957 τοῦ
1608 1930 1684 1962 λαοῦ,
1698 1930 1742 1957 καὶ
1755 1928 1857 1963 ἀκίνηπι

1095 1971 1266 2006 διαμένουσιν
1279 1974 1334 2001 ἀπὸ
1344 1975 1393 2010 τῆς
1408 1975 1535 2006 πίστεως.
1796 1985 1802 1988 ·

1131 2017 1174 2045 10.
1187 2018 1319 2054 Βοηθήσει
1334 2020 1349 2046 ὁ
1362 2020 1428 2052 Θεὸς
1441 2022 1474 2056 τῇ
1497 2021 1647 2057 Ἐκκλησία
1657 2023 1685 2048 ὲν
1700 2021 1737 2057 τῷ
1751 2020 1812 2056 φωτὶ
1819 2017 1855 2044 τοῦ

1096 2063 1185 2097 φωτὸς
1201 2064 1294 2092 αὑτοῦ.

1130 2108 1173 2135 11.
1192 2109 1358 2145 Διελύθησαν
1371 2111 1395 2137 οἱ
1410 2110 1546 2146 δαίμονες,
1563 2111 1609 2138 καὶ
1625 2111 1663 2147 ('5)
1679 2110 1821 2147 ἡττήθησαν
1833 2107 1854 2133 al

1093 2154 1140 2180 τοῦ
1156 2154 1252 2190 ἐχθροῦ
1263 2155 1400 2191 δυνάμεις.

296 2186 339 2212 12.
353 2185 511 2214 Praedicavit
524 2186 596 2215 Deus
604 2187 716 2216 verbum
731 2195 822 2221 suum,
834 2193 860 2216 et
871 2188 1042 2217 auscultave-

1136 2185 1342 2236 [εἶ’τὶξκήρυξεξμ
1365 2185 1388 2227 δ’
1403 2200 1468 2232 Θεὸς
1487 2201 1525 2237 (ι)
1541 2203 1597 2236 ,τὸν
1619 2204 1696 2238 λόγον
1714 2200 1804 2233 αὑτοῦ,
1818 2198 1854 2226 καὶ

260 2236 325 2258 runt
337 2236 441 2267 gentes.

296 2277 338 2304 15.
357 2277 489 2307 Dominus
501 2279 591 2307 omnis
606 2279 807 2315 snpercoelestis
821 2279 925 2307 militiae
949 2279 1042 2308 nobis-

260 2329 322 2348 cum
336 2326 390 2349 est.

296 2366 338 2393 14.
359 2367 506 2402 Susceptor
527 2373 620 2397 noster
646 2368 718 2397 Deus
737 2368 833 2402 Jacob,
846 2369 986 2404 Christus,
1003 2371 1044 2398 in—

259 2420 352 2448 quam,
368 2414 416 2448 qui
429 2414 553 2448 providet
569 2415 657 2443 nobis.

298 2457 341 2485 l5.
356 2457 498 2486 Advocant
511 2464 604 2494 gentes
617 2461 743 2496 apostoli.

295 2504 338 2531 16.
353 2504 420 2538 Quae
435 2505 497 2533 fecit
508 2508 637 2542 mysteria
649 2508 676 2535 in
691 2513 774 2536 terra.

295 2549 339 2577 l7.
354 2549 483 2578 Dissolvit
496 2552 566 2580 bella
580 2554 663 2582 totius
677 2555 783 2583 mundi.

295 2595 338 2627 18,
358 2595 402 2623 l9.
419 2596 571 2627 Potestates
584 2599 699 2629 inimici.

1095 2245 1252 2281 ὑπήκουσαν
1268 2245 1351 2272 αὑτοῦ
1370 2245 1404 2272 τὰ
1417 2246 1492 2283 ἔθνη.

1131 2292 1174 2319 15.
1196 2292 1225 2318 '0
1241 2293 1378 2328 Δεσπότης
1393 2293 1483 2329 πάσης
1499 2294 1660 2330 ἐπουρανίου
1674 2295 1793 2331 στρατιᾶς
1805 2290 1853 2328 μεθ’

1094 2336 1172 2372 ἡμῶν
1188 2338 1256 2364 ἐστι.

1132 2382 1176 2409 ll.
1197 2383 1383 2419 ’Δντιλήπτωρ
1395 2384 1475 2419 ἡμῶν
1485 2385 1498 2411 ὁ
1509 2385 1575 2417 Θεὸς
1585 2385 1631 2412 τοῦ
1647 2384 1750 2417 Ἰακὼϐ,
1760 2383 1821 2417 λέγω
1831 2380 1851 2406 δὲ

1094 2426 1222 2462 Χριστὸς,
1238 2428 1252 2453 ό
1265 2428 1384 2463 προνοῶν
1399 2428 1487 2464 ἡμῶν.

1132 2473 1175 2500 15.
1192 2473 1411 2508 Προσκαλοῦνται
1423 2474 1457 2501 τὰ
1473 2474 1536 2511 ἔθνη
1549 2477 1574 2503 οἱ
1591 2475 1739 2502 ἀπόστολοι.

1129 2519 1172 2545 16.
1190 2520 1223 2545 "A
1237 2520 1348 2555 ἐποίησε
1370 2521 1507 2556 μυστήρια
1523 2522 1571 2548 ἐπὶ
1590 2523 1639 2557 τῆς
1655 2522 1712 2557 γῆς.

1127 2564 1169 2591 l7.
1190 2565 1261 2597 Τοὺς
1279 2566 1412 2601 πολέμους
1424 2567 1484 2594 ὅλου
1497 2567 1536 2603 (5)
1547 2567 1594 2594 τοῦ
1611 2568 1711 2603 κόσμου
1723 2565 1834 2594 διέλυσεν.

1130 2608 1173 2642 18,
1191 2609 1234 2636 l9.
1255 2610 1310 2642 Τὰς
1326 2611 1372 2638 τοῦ
1383 2611 1480 2647 ἐχθροῦ
1496 2612 1624 2649 δυνάμεις
1640 2613 1686 2649 (6).

732 2670 883 2703 Addenda
899 2674 928 2702 et
957 2673 1143 2708 corrigenda
1157 2687 1197 2708 ex
1214 2679 1284 2711 cod.
1303 2679 1400 2712 Vatia.

324 2757 331 2793 )
347 2757 503 2787 Versiculus
516 2757 534 2789 '8
546 2762 622 2793 deest
637 2763 663 2792 in
679 2764 738 2793 cod.

347 2793 402 2818 Kal
413 2793 497 2821 deest.

292 2720 330 2825 gl!)
346 2721 400 2748 Καὶ
415 2722 585 2762 διελύθησαν.

303 2756 331 2787 2)
347 2757 503 2787 Versiculus
518 2761 534 2789 8
546 2762 585 2790 det

324 2790 332 2825 )
347 2793 402 2818 Kal
413 2793 497 2821 deest.

294 2790 332 2861 (3;
347 2793 402 2818 Kal
413 2793 497 2821 deest.

293 2826 318 2860 (l
351 2827 380 2854 '0
391 2827 502 2864 Κύριος.

1350 2774 1494 2811 ἁμαρτίαν,
1510 2775 1611 2803 καὶτὸν
1634 2775 1750 2802 θάνατον.
1765 2768 1793 2798 Ν.
1807 2767 1839 2795 ίθι

1094 2806 1148 2838 Τὰς
1163 2807 1207 2834 τοῦ
1225 2806 1331 2844 ἐχθροῦ,
1342 2806 1393 2838 etc.
