1916 3052
44 167 98 195 855
499 165 543 193 DE
556 165 692 193 TITULIS
709 163 932 192 PSALMORUM.
948 162 1093 190 —'PSAL.
1111 161 1203 190 XLVI.
1617 163 1672 192 831

77 225 124 252 20.
140 224 296 260 Σχολάσατε
311 225 357 252 καὶ
376 224 472 259 γνῶτε,
490 225 530 251 ὅτι
542 224 598 258 ἐγώ
612 225 669 259 εἰμι
688 224 702 249 6
712 223 788 255 Θεός.

917 222 963 250 20.
979 222 1076 250 Vacate
1087 226 1113 249 et
1128 221 1285 257 cognoscite
1295 222 1424 256 quoniam
1441 229 1492 257 ego
1509 229 1569 249 sum
1582 221 1666 250 Deus.

78 271 125 298 2!.
146 271 339 307 Ὑψωθήσομαι
355 272 385 298 ὲν
397 272 453 302 τοῖς
470 270 585 303 ἔθνεσιν,
605 269 786 305 ὑψωθήσομαι
803 269 832 295 ἐν

917 269 963 296 21.
976 268 1122 296 Exaltabor
1132 269 1159 295 in
1176 268 1312 303 gentibus,
1325 268 1465 296 exaltabor
1476 268 1503 295 in
1514 273 1596 296 terra.

44 318 245 396 ,Κύριος
261 359 315 386 τῶν
328 359 469 394 δυνάμεων
488 359 546 394 μεθ’
560 358 637 395 ἡμῶν
647 368 654 375 ο

917 358 960 385 22.
978 358 1108 385 Dominus
1120 358 1248 385 virtutum
1259 357 1401 384 nobiscum
1414 367 1419 384 :

78 407 124 434 23.
145 406 332 442 Ἀντιλήπτωρ
346 405 426 441 ὴμῶν
441 406 456 432 ὁ
466 406 532 438 Θεὸς
556 405 664 432 Ἰακώϐ.

917 402 961 429 25.
981 402 1127 437 Susceptor
1139 407 1231 430 noster
1244 401 1317 429 Deus
1330 401 1425 430 Jacob.

44 465 98 496 Εἰς
112 463 146 490 τὸ
164 463 261 496 τέλος,
282 461 358 497 ὑπὲρ
378 461 437 488 τῶν
460 461 533 489 υἱῶν
552 462 636 496 Κορέ.
655 463 741 490 ΨΑΛ.
756 463 800 489 MC

823 481 831 489 .
970 458 1004 485 1η
1016 459 1105 493 ﬁnem,
1134 467 1181 493 pro
1193 458 1256 493 ﬁliis
1269 457 1344 485 Core.
1355 457 1459 485 'PSAL.
1476 457 1524 484 XL
1533 457 1579 485 VI.

77 520 105 546 1.
120 519 214 546 Πάντα
224 517 260 544 τὰ
273 517 349 553 ἔθνη,
365 518 516 553 κροτήσατε
527 518 621 553 χεῖρας
631 525 639 534 ο

919 511 944 538 1.
961 511 1060 539 Omnes
1075 516 1180 547 gentes,
1196 513 1317 547 plaudite
1332 513 1474 547 manibus;

77 566 107 592 2.
130 564 293 596 Ἀλαλάξατε
303 563 343 600 τῷ
357 563 416 599 Θεῷ
431 565 460 591 ὲν
471 565 546 599 φωνῇ
562 563 758 598 ἀγαλλιάσεως·

730 572 758 595 ης·
917 558 944 584 2.
963 557 1080 585 Jubilate
1097 559 1152 585 Deo
1164 558 1189 585 in
1206 566 1272 586 voce
1286 559 1486 593 exsultationis,

78 612 108 638 3.
123 611 186 637 Ὀτι
197 610 300 646 Κύριος
313 610 435 645 ὕψιστος,
449 610 574 646 φοῦερὺς,

917 604 943 631 5.
958 604 1093 637 Quoniam
1109 604 1241 632 Dominus
1256 606 1390 639 excelsus,
1406 606 1545 639 terribilis,

77 656 107 683 4.
120 656 253 688 Βασιλεὺς
268 655 354 691 μέγας
366 656 412 681 ἐπὶ
425 656 516 682 πᾶσαν
531 655 579 691 τὴν
590 655 653 690 γῆν.

917 651 943 678 4.
960 649 1017 677 Rex
1033 659 1148 686 magnus
1159 659 1242 686 super
1255 659 1363 679 omnem
1380 657 1490 679 terram.

78 701 106 728 5.
128 701 261 734 ’Υπέταξε
271 701 353 732 λαοὺς
369 701 448 736 ἡμῖν,
461 700 509 728 καὶ
526 700 588 736 ἔθνη
605 700 657 727 ὑπὸ
672 700 735 733 τοὺς
747 700 830 733 πόδας

916 697 942 724 5.
958 697 1079 732 Subjecit
1094 697 1209 732 populos
1231 698 1322 730 nobis,
1335 702 1362 725 et
1377 702 1469 733 gentes
1485 697 1537 725 sub
1551 697 1667 732 pedibus

43 746 135 782 ἡμῶν.

882 744 993 771 nostris.

78 791 106 818 6.
131 790 287 826 Ἐξελέξατο
304 792 368 827 ἡμῖν
382 791 432 824 τὴν
445 791 629 826 κληρονομίαν
643 789 742 826 ἑαυτῷ,

659 789 742 826 αυτῷ,
916 789 943 815 ϐ.
958 788 1044 823 Elegit
1059 789 1139 817 nobis
1156 789 1341 817 hwreditatem
1353 791 1415 823 sibi,

78 837 106 863 7.
119 837 175 873 Τὴν
191 836 321 872 καλλονὴν
339 836 446 868 Ἰακὼϐ,
464 837 497 871 ἢν
512 836 664 872 ἠγάπησεν.

652 845 664 865 ι.
916 835 943 863 7.
958 835 1082 870 Speciem
1095 835 1191 869 Jacob,
1205 844 1287 870 quam
1304 836 1408 864 dilexit.

325 891 481 926 Διάψαλμα
494 893 543 927 (a).
843 894 867 924 Β

843 894 867 924 Β
1190 892 1357 927 Diapsalma.

78 937 105 964 8.
129 937 226 973 ’Δνὲὁη
243 938 257 964 6
268 937 333 969 Θεὺς
347 938 376 964 ἐν
392 937 541 973 ἀλαλαγμῷ
555 946 562 954 -

917 936 944 963 8.
961 936 1090 965 Ascendit
1105 937 1177 965 Deus
1192 938 1219 965 in
1232 939 1338 973 jubilo:

78 983 105 1010 9.
120 983 223 1018 Κύριος
236 983 266 1009 ὲν
286 984 361 1018 φωνῇ
377 983 537 1017 σάλπιγγος.

916 983 942 1010 9.
961 983 1090 1011 Dominus
1106 984 1132 1011 in
1147 992 1214 1011 voce
1230 985 1309 1012 tubae.

79 1027 122 1054 10.
140 1028 250 1054 Ψάλατε
265 1028 304 1063 τῷ
323 1028 380 1064 Θεῷ
397 1028 485 1064 ἡμῶν,
496 1028 623 1062 ψάλατε·“

918 1027 959 1054 10.
975 1027 1083 1055 Psallite
1098 1028 1152 1056 Deo
1166 1035 1271 1062 nostro,
1285 1029 1391 1064 psallite
1404 1038 1410 1056 :

80 1074 123 1101 H.
135 1074 246 1101 Ψάλατε
263 1073 302 1109 τῷ
317 1073 420 1108 βασιλεί
433 1075 522 1110 ἡμῶν,
532 1074 649 1109 ψὰλατε·

917 1075 960 1100 11.
979 1073 1091 1101 Psallite
1109 1075 1165 1109 regi
1185 1080 1289 1108 nostro,
1304 1075 1419 1110 psallite.

81 1119 124 1146 l2.
141 1120 201 1146 Ὅτι
212 1119 338 1154 βασιλεὺς
352 1120 442 1156 πάσης
460 1120 510 1156 τῆς
529 1120 581 1155 γῆς
597 1121 611 1146 6
628 1119 704 1152 Θεός”

917 1118 960 1146 12.
975 1118 1171 1157 QuoniamJex
1187 1121 1276 1148 omnis
1292 1125 1370 1148 terra:
1384 1120 1464 1153 Deus,

80 1165 122 1192 13.
133 1165 247 1192 Ψάλατε
261 1165 390 1197 συνετῶς.

918 1165 960 1192 15.
975 1165 1084 1194 Psallite
1098 1166 1244 1201 sapienter.

79 1233 124 1268 UA
131 1235 168 1265 lla
187 1235 248 1262 cod.
266 1233 352 1262 Vatic.

605 1275 793 1306 ATHANASII
811 1276 1106 1304 INTEBPRETATIO.

77 1326 113 1355 ὓ]
138 1325 285 1354 “abuse:
301 1327 355 1354 ἀπὸ
371 1326 421 1362 τῆς
437 1326 586 1362 ἁμαρτίας.

502 1326 586 1362 ρτίας.
916 1325 961 1352 20.
975 1325 1086 1353 Cessate
1098 1333 1113 1352 a
1129 1326 1258 1361 peccatis.

78 1372 122 1399 2|.
137 1372 341 1408 Δοξασθήσομαι
355 1373 384 1399 ὲν
403 1373 459 1404 τοῖς
472 1372 572 1405 ἔθνεσι,
588 1373 636 1400 κα)⁵
658 1372 688 1398 ὲν
712 1371 751 1407 τῷ
771 1371 829 1407 λαῷ

915 1371 959 1398 21.
978 1370 1156 1399 Glorilicabor
1171 1372 1197 1398 in
1211 1371 1346 1407 gentibus,
1362 1376 1389 1400 et
1403 1372 1430 1400 in
1447 1373 1547 1408 populo
1558 1372 1662 1401 Judato-

45 1418 98 1444 τῶν
117 1418 253 1445 Ἰουδαίων
264 1418 320 1445 τῶν
335 1418 517 1445 πιστευόντων
534 1418 574 1450 εἰς
589 1418 649 1453 ἐμὲ.

476 1427 517 1445 ’ων
534 1418 574 1450 εἰς
589 1418 649 1453 ἐμὲ.
881 1425 942 1444 rum
958 1417 984 1444 in
999 1425 1042 1445 me
1054 1418 1232 1445 credentium.

77 1463 126 1491 22.
144 1464 173 1490 '0
184 1463 361 1500 ὲξουσιαστὴς
377 1464 472 1492 πασῶν
487 1463 541 1492 τῶν
561 1463 728 1500 ἐπουρανίων
747 1463 825 1490 δυνά-

917 1463 964 1490 22.
981 1463 1139 1491 Dominator
1154 1464 1277 1492 omnium
1294 1465 1529 1499 supercmlestium
1545 1471 1663 1501 potesta-

46 1518 118 1545 μεων
133 1509 194 1545 μεθ’
207 1509 285 1545 ἡμῶν
299 1510 347 1536 ἐπὶ
360 1510 410 1544 τῆς
423 1510 474 1545 γῆς
488 1509 705 1545 ἀναστρέφεσθαι
723 1508 802 1544 μέλλε

646 1509 705 1536 σθαι
723 1508 826 1544 μέλλει.
843 1536 862 1545 η
880 1513 936 1536 tum
951 1509 1093 1536 nobiscum
1112 1510 1139 1536 in
1153 1513 1225 1537 terra
1236 1510 1402 1538 versabitur.

77 1555 122 1582 25.
133 1536 327 1591 ¹Ἀντιλῆπτωρ
428 1536 556 1591 θπάρχων
565 1536 583 1582 ό
590 1536 666 1587 Θεὸς,
679 1555 693 1581 ὁ
703 1536 737 1581 τά
748 1554 828 1589 ἐσχα-

914 1553 960 1580 25.
973 1553 1118 1588 Susceptor
1129 1559 1221 1582 noster
1231 1555 1367 1582 exsistens
1378 1555 1460 1589 Deus,
1472 1555 1519 1591 qui
1529 1560 1665 1591 postrema

45 1607 76 1625 τα
87 1599 134 1626 τοῦ
153 1599 255 1634 κόσμου
281 1599 442 1634 συναγαγὼν
467 1601 536 1635 πρὸς
553 1599 648 1626 ἑαυτὸν
675 1599 799 1627 παντελῶ

910 1597 974 1624 undi
989 1597 1023 1625 ad
1045 1605 1074 1625 se
1094 1598 1182 1632 ipsum
1204 1604 1359 1634 congregat.
1376 1599 1460 1627 Iacob
1482 1601 1555 1628 enim
1579 1601 1662 1629 inter-

49 1644 153 1672 Ἰακὼϐ
164 1645 218 1680 γὰρ
230 1645 409 1680 ἑρμηνεύεται
424 1645 540 1680 κρατῶν
552 1645 678 1680 ἔσχατα.

501 1645 540 1673 ῶν
552 1645 678 1680 ἔσχατα.
879 1647 999 1678 pretatur
1015 1648 1146 1677 postrema
1160 1648 1257 1671 tenens.

84 1701 118 1727 Ἦ
132 1700 300 1737 προκειμένη
313 1701 452 1737 ἐπιγραφὴ
467 1701 590 1738 περιέχει
603 1702 641 1736 (1)
652 1710 659 1717 ο
673 1702 725 1734 Εὶς
742 1700 775 1727 τὸ
791 1699 888 1733 τέλος,
903 1699 979 1734 ὑπὲρ
997 1699 1056 1726 τῶν
1068 1700 1142 1727 υἱῶν
1163 1700 1241 1735 Κορὲ
1255 1703 1376 1736 ψωμός
1386 1711 1392 1718 ·
1407 1703 1558 1736 τουτέστιν,
1576 1704 1616 1736 είς
1634 1684 1664 1730 τί

44 1745 118 1776 τέλος
130 1745 185 1773 τῶν
202 1746 305 1782 καιρῶν
320 1746 390 1782 ὑπὲρ
401 1746 455 1773 τῶν
470 1746 536 1773 υῑῶν
550 1747 600 1782 τῆς
615 1745 770 1780 ἀντιλογίας
782 1745 835 1772 τῶν
848 1745 1065 1780 ἐπιστρεφόντων
1085 1745 1122 1780 (2)
1134 1746 1148 1772 6
1158 1745 1265 1781 ψαλμδς
1275 1747 1392 1783 εἴρηται.

78 1802 187 1831 Titulus
201 1803 349 1838 inscriptus
363 1803 499 1831 continet:
512 1803 546 1831 In
561 1804 649 1839 ﬁnem,
660 1812 708 1838 pro
720 1803 784 1838 ﬁliis
806 1801 873 1830 Core
888 1802 1016 1837 psalmus.
1033 1802 1090 1830 Hoc
1104 1807 1147 1830 est
1161 1803 1189 1830 in
1206 1803 1258 1832 line
1273 1808 1426 1840 temporum
1450 1813 1500 1841 pro
1514 1806 1576 1834 filiis
1601 1814 1661 1834 con-

45 1849 214 1877 tradictionis
229 1857 258 1877 se
273 1850 494 1878 convertentibus
508 1850 630 1885 psalmus
646 1850 737 1878 dictus
751 1853 803 1877 est.

79 1896 104 1923 1.
129 1895 305 1930 ’Δγαλλιᾱσθε
317 1898 378 1928 ταῖς
389 1896 521 1933 καρδίαις.

489 1905 521 1929 ις.
914 1896 938 1923 1.
952 1895 1085 1923 Cordibus
1099 1895 1241 1923 exsultate.

77 1941 105 1968 2.
124 1941 259 1974 Δοξάσατε
279 1941 369 1968 αὐτόν.

910 1941 938 1969 2.
951 1940 1104 1968 Gloriﬁcate
1114 1948 1186 1968 eum.

78 1986 179 2013 5.06::
212 1986 252 2012 ἔτι
285 1987 312 2013 αἱ
335 1987 455 2021 ὲπίγειαι
486 1987 615 2024 δυνάμεις
642 1987 828 2024 βασιλεύουσιν

911 1986 937 2013 5.
952 1985 1011 2013 Non
1030 1986 1147 2021 amplius
1172 1990 1286 2014 terrenae
1308 1991 1456 2022 potestates
1478 1988 1557 2016 nobis
1573 1989 1657 2017 domi‘

46 2031 134 2067 ἡμῶν.

876 2037 984 2058 nantur.

75 2077 102 2104 4.
124 2076 205 2104 Ἀλλὰ
218 2076 356 2113 βασιλεύει
375 2077 465 2113 πάσης
487 2078 536 2114 τῆς
560 2078 609 2114 γῆς
628 2079 642 2105 6
662 2078 791 2113 Ὕψιστος
812 2079 827 2105 6

913 2076 940 2103 4.
954 2075 1006 2104 Sed
1027 2076 1150 2105 excelsus
1171 2083 1195 2105 et
1216 2078 1342 2106 terribilis
1369 2083 1463 2115 regnat
1483 2079 1509 2107 in
1533 2081 1656 2108 universa

46 2122 169 2159 φοὸερός.

878 2126 904 2149 ιθ
907 2129 950 2148 rra
955 2142 961 2148 .

78 2167 105 2195 5.
118 2168 240 2196 Ἔδωκεν
250 2169 317 2205 ἡμῖν
328 2169 452 2202 ἐξουσίαν
464 2170 560 2198 πατεῖν
573 2170 664 2197 ἐπάνω
677 2169 764 2204 ὄφεων
778 2169 826 2197 καὶ

914 2168 940 2195 5.
958 2167 1122 2196 Potestatem
1147 2169 1224 2197 nobis
1238 2170 1311 2198 dedit
1327 2171 1483 2200 ambulandi
1500 2180 1582 2207 super
1602 2182 1654 2201 ser-

47 2213 193 2250 σκορπίων,
208 2214 256 2241 καὶ
269 2215 317 2242 ἐπὶ
338 2216 428 2243 πᾶσαν
439 2216 489 2252 τὴν
508 2215 621 2251 δύναμιν
635 2214 683 2241 τοῦ
701 2213 803 2250 ἐχθροῦ.

898 2218 971 2240 entes
987 2218 1015 2241 et
1035 2215 1204 2249 scorpiones,
1225 2220 1252 2243 et
1266 2224 1347 2251 super
1371 2224 1478 2245 omnem
1499 2223 1654 2254 potestatem

877 2259 980 2286 inimici
995 2259 1028 2288 “.
1203 2258 1208 2265 ’

79 2303 107 2332 6.
119 2304 190 2336 Τοὺς
206 2304 301 2339 ἁγίους
311 2305 475 2337 ἀποστόλους
490 2304 639 2338 ἐξελέξατο.

566 2305 639 2338 ξατο.
912 2305 939 2332 6.
955 2305 1040 2341 Elegit
1054 2312 1162 2335 sanctos
1175 2308 1322 2342 apostolos,

77 2349 105 2376 7.
126 2350 183 2377 Καὶ
195 2349 242 2382 οὓς
258 2351 400 2385 ἠγάπησεν
416 2352 448 2377 ὲκ
461 2350 508 2377 τοῦ
521 2350 585 2377 λαοῦ
608 2349 740 2376 Ἰουδαίων
758 2350 806 2385 (5).

761 2350 806 2385 [5).
912 2351 937 2378 7.
953 2351 986 2379 Et
996 2360 1066 2387 quos
1081 2353 1175 2380 dilexit
1189 2353 1222 2381 de
1236 2356 1335 2389 populo
1351 2353 1517 2384 Judzeorum.

78 2395 106 2423 8.
123 2395 178 2431 Τὴν
191 2396 323 2432 ἀνάληψιν
336 2396 409 2431 λέγει
424 2396 471 2423 τοῦ
488 2396 554 2423 Θεοῦ
569 2397 668 2431 Λόγου.

912 2397 939 2424 8.
957 2398 1176 2434 Assumptionem
1193 2401 1328 2435 signiﬁcat
1344 2401 1389 2429 Dei
1402 2402 1492 2429 Verbi.

77 2442 104 2469 9.
120 2442 303 2478 Δοξαζόμενος
316 2442 368 2469 ὑπὸ
382 2442 436 2476 τῶν
446 2442 530 2477 ἁγίων
544 2443 697 2478 δυνάμεων.

689 2462 697 2471 .
912 2443 937 2470 9.
955 2442 1126 2472 Glorilicatus
1141 2453 1155 2472 a
1169 2446 1270 2474 sanctis
1285 2447 1443 2476 virtutibus.

80 2486 123 2513 1ο.
141 2485 197 2512 Καὶ
210 2487 290 2522 ἡμεῖς
302 2487 349 2513 ἐπὶ
364 2487 415 2522 γῆς
427 2487 573 2522 δοξάσομεν
589 2488 683 2515 αὐτόν.

915 2489 958 2517 10.
970 2489 1003 2516 Et
1015 2498 1065 2518 nos
1077 2491 1289 2526 gloriﬁcabimus
1303 2501 1364 2521 eum
1380 2494 1405 2521 in
1420 2499 1500 2522 terra.

79 2531 121 2558 11.
139 2530 185 2567 Τῷ
201 2532 255 2567 πρὸ
269 2531 385 2559 αἰώνων.

912 2535 955 2562 11.
972 2536 1037 2572 Regi
1049 2541 1112 2564 ante
1126 2539 1235 2566 sacula.

78 2576 122 2604 12.
141 2576 170 2602 Ὁ
190 2575 315 2612 βασιλεὺς
329 2577 402 2604 ἐστιν
414 2577 453 2611 (4)
468 2577 510 2612 ἐφ’
526 2577 610 2613 ἡμᾶς.

499 2577 510 2599 ι’
526 2577 610 2613 ἡμᾶς,
916 2581 959 2607 12.
977 2580 1034 2608 Rex
1047 2587 1089 2610 est
1102 2591 1184 2618 super
1196 2592 1255 2612 nos.

78 2621 124 2648 15.
139 2619 274 2653 Δοξάσατε
283 2621 363 2649 αὐτὸν
376 2622 405 2648 ὲν
416 2621 540 2657 ἀληθείᾳ.

915 2627 958 2654 15.
974 2627 1129 2657 Glorilicate
1143 2638 1206 2657 eum
1223 2632 1249 2657 in
1262 2632 1384 2660 veritate.

78 2676 102 2692 ⁸⁸
116 2675 183 2704 Luc.
196 2684 224 2710 ι,
244 2676 288 2705 19.

515 2736 667 2768 Addenda
678 2739 709 2768 et
724 2737 912 2778 corrigenda
927 2750 967 2772 ex
991 2743 1061 2774 cod.
1081 2744 1182 2775 Vatic.

92 2783 102 2809 1
138 2783 171 2810 Ἦ
183 2783 228 2811 διὰ
237 2784 287 2820 τῆς
301 2786 415 2814 κινναϐά
434 2795 484 2819 εως
498 2796 562 2822 περ.

79 2783 116 2852 22;
135 2818 309 2852 ’Λντιλογίας,
318 2821 388 2852 λέγω
397 2795 433 2852 διε
443 2823 512 2852 ὑπὲρ
521 2823 573 2851 τῶν
587 2823 671 2851 ἐθνῶν
681 2824 734 2852 τῶν
751 2824 818 2852 υἱῶν

912 2793 950 2828 (5)
962 2793 995 2820 Ν.
1015 2795 1041 2821 7.
1065 2795 1113 2822 Ἐκ
1130 2795 1177 2822 τοῦ
1193 2795 1258 2823 λαοῦ
1273 2796 1327 2823 τῶν
1349 2795 1492 2822 Ἰουδαίων.

751 2824 818 2852 υἱῶν
911 2828 948 2852 Ml
963 2829 1022 2852 "Ott
1037 2830 1160 2852 Βασιλςῗκ
1170 2829 1197 2852 ἧ.
1211 2837 1261 2852 NII,

443 2817 512 2859 ὑπὲρ
521 2817 573 2851 τῦν
587 2823 671 2851 ἐθνῶν
681 2824 734 2852 τῶν
751 2824 818 2852 υἱῶν

47 2853 93 2887 τῆς
108 2853 253 2888 ἁμαρτιας
268 2855 321 2884 τῶν
333 2853 440 2890 ἐπιστῤ.
496 2853 502 2859 ’
913 2853 946 2864 π’
980 2853 991 2856 ⁷
1003 2853 1021 2856 ’⁷
1036 2853 1158 2865 Γ”“”””
1173 2853 1178 2868 ²
