1916 3052
243 152 298 181 835
645 153 673 181 S.
694 153 880 181 ATHA’NA‘SII
900 152 975 181 OPP.
992 151 1081 180 PARS
1101 151 1148 180 Ill.
1166 166 1200 172 ——
1220 151 1425 180 EXEGETICA.
1817 156 1863 182 8&6

279 211 322 238 Η.
338 211 472 247 Regnavit
487 211 558 240 Deus
569 219 650 247 super
663 217 775 248 gentes;

1045 215 1068 242 Α
1120 211 1161 237 14.
1186 210 1373 237 Ἐϐασίλευσεν
1389 211 1403 237 ὁ
1419 210 1485 242 Θεὸς
1501 210 1547 237 ἐπὶ
1557 210 1591 237 τὰ
1607 211 1682 246 έονη·

280 257 322 284 15.
342 257 413 286 Deus
429 258 505 285 sedet
518 265 603 292 super
618 259 708 286 sedem
723 263 845 285 sanctam
857 265 948 285 suam.

1119 256 1160 282 15.
1179 256 1206 282 ’0
1221 255 1287 287 Θεὸς
1300 255 1416 290 κάθηται
1428 256 1473 282 ἐπὶ
1485 256 1580 291 Θρόνω
1591 256 1669 290 ἁγίου
1684 257 1780 284 αὑτοῦ.

278 302 320 329 16.
334 302 473 338 Principes
484 305 645 339 populorum
659 304 813 340 congregati
827 309 891 332 sunt
905 311 966 331 cum
976 303 1030 330 Deo

1117 301 1159 327 16.
1177 301 1322 336 Ἀρχοντες
1347 300 1418 327 λαῶν
1443 301 1614 336 συνήχθησαν
1641 302 1709 337 μετά
1738 303 1786 329 τοῦ
1801 303 1863 330 Θεοῆ

244 349 405 376 Abraham:

1087 345 1211 381 ’Δϐραάμ
1222 355 1227 361 ·

279 394 322 421 1⁷-
338 395 470 428 Quoniam
486 396 531 424 Dei
551 397 635 425 fortes
649 401 728 425 terra
742 396 914 424 vehementer
934 394 1028 422 elevat!

1117 392 1160 418 17.
1174 392 1234 419 Ὀτι
1244 392 1290 418 τοῦ
1298 391 1365 418 Θεοῦ
1377 393 1401 419 ol
1414 393 1539 428 κραταιοὶ
1550 392 1599 428 τῆς
1609 393 1661 428 γῆς
1672 393 1775 428 σφόδρα
1784 394 1866 430 ἐπήρ-

243 446 316 469 ευιιι.

1081 438 1114 473 Θη
1120 447 1177 465 σαν.

311 495 434 524 Ρεαίηιιιδ
445 497 541 522 cantici
552 495 615 530 ﬁliis
625 494 699 527 Core,
715 495 829 522 secunda
845 495 966 524 Snbbali.

1109 494 1203 529 ιιλμός
1217 494 1296 528 ᾠδῆς
1308 495 1370 528 τοῖς
1381 494 1456 528 υἱοῖς
1470 496 1557 529 Κορὲ,
1566 496 1691 531 δευτέρᾳ
1703 497 1865 525 Σασόἀτου.

524 539 623 567 ΡεΑι.
642 539 764 566 XLVII.

1382 542 1469 569 ΨΑΑ.
1489 543 1556 568 MZ'.

278 589 301 614 1.
315 587 426 622 Magnus
439 587 578 619 Dominus,
591 592 617 614 et
632 586 775 613 laudabilis
787 585 878 618 nimis,

1115 584 1139 610 1.
1161 584 1253 618 Μέγας
1269 585 1381 620 Κύριος,
1393 585 1440 611 καὶ
1454 586 1557 617 αἰνετὸς
1575 587 1687 622 σφόδρα,

276 634 302 660 2.
321 635 350 660 ln
368 633 476 660 civitate
490 632 536 659 Dei
556 634 653 663 nostri,
668 632 695 659 in
713 636 805 659 monte
818 636 913 659 sancto
927 632 995 668 ejus.

1112 630 1139 657 οὶ.
1154 631 1197 656 Ἐν
1211 631 1287 657 πόλει
1301 631 1348 657 τοῦ
1364 630 1430 657 Θεοῦ
1445 632 1534 666 ἡμῶν,
1549 633 1578 658 ἐν
1594 633 1651 668 ὅρει
1668 633 1741 668 ἁγίῳ
1753 632 1847 660 αὑτοῦ.

276 681 301 707 '5.
318 680 389 706 Bene
403 679 513 706 fundata
527 679 708 706 exsultatione
721 678 857 705 universae
873 683 951 706 terra:
968 688 975 712 ;

968 688 975 712 ;
1113 675 1139 701 5.
1161 675 1268 710 Εὑρίζῳ
1283 675 1464 711 ἀγαλλιάματι
1478 677 1569 712 πάσης
1583 678 1631 712 τῆς
1644 678 1711 713 γῆς·

277 726 303 752 Il.
319 725 423 752 Montes
441 725 506 751 Sion
522 725 606 752 latera
624 723 771 759 aquilonis,

1113 720 1139 746 4.
1149 720 1217 755 Ὄρη
1234 719 1303 746 Σιὼν
1318 720 1351 747 τὰ
1363 721 1467 756 πλευρὰ
1482 722 1529 748 τοῦ
1544 722 1637 758 βορρᾶ,

276 771 303 797 5.
319 770 422 796 Civitas
438 769 507 804 regis
521 769 622 804 magni.

1112 766 1138 792 ες.
1152 766 1183 792 Ἡ
1198 766 1273 798 πόλις
1289 766 1336 793 τοῦ
1354 767 1485 802 βασιλέως
1500 768 1547 794 τοῦ
1564 769 1692 804 μεγάλου.

277 813 303 840 6.
320 813 391 840 Deus
406 813 431 839 in
449 812 574 840 domibus
585 812 644 847 ejus
655 813 841 847 cognoscitur,

1112 811 1138 837 6.
1152 811 1180 837 '0
1196 811 1263 842 Θεὸς
1276 813 1304 838 ὲν
1321 814 1381 844 ταῖς
1394 812 1505 848 βάρεσιν
1520 813 1606 848 αὐτῆς
1618 814 1795 848 γινώσκεται,

280 858 305 883 7.
323 858 392 885 Cum
409 857 535 892 suscipiet
552 857 690 893 [suscipit]
708 865 781 885 eam.

1113 856 1137 882 7.
1147 858 1230 884 Ὅταν
1244 858 1478 894 ἀντιλαμϐάνηται
1490 859 1742 899 [ἀντιλαμϐάνεται]
1753 864 1850 900 αὐτῆς.

276 904 302 929 8.
319 902 451 936 Quoniam
462 911 524 930 ecce
541 911 617 939 reges
632 908 711 931 terrae
725 904 882 939 congregati
899 908 972 935 sunt,

1043 897 1063 924 Β
1113 902 1210 929 8.“οτι
1228 903 1282 929 ἰδοὺ
1299 904 1418 938 βασιλεῖς
1432 905 1482 940 τῆς
1496 906 1547 941 γῆς
1564 897 1746 943 συνήχθησαν,

277 949 304 976 9.
322 949 512 977 Conveneruut
527 950 554 976 in
570 957 666 976 unum.

1116 947 1141 974 9.
1162 948 1310 983 ΔιήλΟοσαν
1322 949 1367 975 ἐπὶ
1382 950 1412 976 τὸ
1423 950 1496 978 αὐτό.

278 995 322 1022 10.
337 994 389 1028 ipsi
402 995 525 1022 videntes
537 994 576 1022 sic
591 993 717 1021 admirati
736 999 810 1022 sunt.

1117 993 1159 1020 10.
1180 994 1260 1020 Αὐτοὶ
1280 994 1378 1027 ίδόντες
1390 995 1476 1028 οὕτως
1495 996 1662 1032 ἐθαύμασαν,

281 1040 324 1067 11.
342 1040 501 1068 Conturbati
522 1045 594 1072 sunt,
609 1040 736 1068 commoti
758 1044 840 1072 sunt,
855 1044 958 1067 tremor
979 1047 1028 1075 ap-

1118 1040 1160 1066 11.
1173 1040 1388 1076 Ἐταράχοησαν,
1401 1042 1598 1078 ἐσαλεύθησαν,
1612 1045 1711 1081 τρόμος
1722 1046 1872 1074 ἐπελάϐετο

243 1087 385 1122 prehendit
401 1094 460 1114 eos.

424 1094 460 1114 τε,
1082 1085 1180 1112 αὐτῶν.

279 1132 320 1158 1‘2.
338 1132 375 1158 lbi
391 1133 498 1160 dolores
510 1137 540 1159 ut
554 1132 747 1167 parturientis:

1116 1130 1159 1157 12.
1174 1130 1247 1157 Ἐκεῖ
1262 1131 1355 1163 ὠδῖνες
1367 1132 1405 1163 ὡς
1421 1133 1566 1169 τικτούσης
1576 1143 1582 1150 ·

277 1179 320 1205 15.
339 1177 366 1205 ln
379 1179 476 1213 spiritu
489 1179 642 1207 vehementi
661 1183 787 1206 conteres
805 1184 887 1204 naves
903 1176 1025 1205 Tharsis.

1115 1176 1158 1203 13.
1172 1177 1216 1202 Ἐν
1228 1176 1362 1212 πνεύματι
1375 1178 1454 1214 βιαίῳ
1468 1180 1624 1216 συντρίψεις
1634 1181 1714 1209 πλοῖα
1724 1183 1851 1219 Θαρσεῖς.

277 1225 319 1251 11.
339 1224 416 1252 Sicut
431 1225 597 1256 audivimus,
609 1225 649 1252 sic
662 1228 689 1251 et
704 1224 821 1251 vidimus
834 1232 841 1250 :

1116 1222 1159 1248 14.
1180 1221 1312 1258 Καθάπερ
1325 1223 1492 1259 ἠκούσαμεν,
1507 1225 1578 1252 οὓτω
1589 1228 1636 1254 καὶ
1649 1227 1757 1264 εἴδομεν
1769 1237 1776 1244 ·

803 1267 992 1296 ΛΤΗΑΝΑΒΙΙ
1011 1267 1308 1295 ΙΝΤΕΒΡΒΕΤΛΤΙΟ.

278 1314 320 1340 Il.
338 1314 505 1342 Convertens
516 1322 612 1342 eorum
627 1315 820 1350 captivitatem.

1118 1315 1162 1342 14.
1181 1315 1363 1350 Ἐπιστρέψας
1377 1315 1415 1352 (1)
1427 1316 1516 1344 αὐτῶν
1527 1317 1576 1354 τὴν
1586 1319 1781 1355 αἰχμαλωσίαν.

278 1360 321 1387 15.
337 1360 361 1386 A
375 1360 478 1388 dextris
492 1361 580 1388 Patris

1119 1361 1163 1388 15.
1187 1361 1234 1387 Ἐκ
1243 1360 1338 1393 δεξιῶν
1353 1362 1400 1389 τοῦ
1417 1363 1533 1398 Πατρός.

279 1405 322 1431 16.
338 1405 461 1440 Apostoli
477 1413 539 1432 cum
553 1405 678 1433 Domino.

1120 1406 1161 1433 16.
1177 1407 1208 1432 Οί
1225 1407 1370 1434 ἀπόστολοι
1383 1409 1453 1443 μετὰ
1462 1409 1509 1435 τοῦ
1526 1410 1628 1445 Κυρίου
1644 1410 1692 1445 (2).

280 1451 322 1477 17.
337 1451 473 1484 Quoniam
486 1452 564 1479 electi
578 1451 624 1479 Dei
640 1452 755 1479 multum
767 1453 915 1480 confortati
927 1459 999 1481 sunt.

1118 1452 1162 1478 17.
1177 1453 1238 1478 Ὅτι
1249 1453 1273 1479 οἱ
1289 1453 1412 1480 ἐκλεκτοὶ
1423 1453 1470 1480 τοῦ
1483 1454 1550 1481 Θεοῦ
1564 1456 1634 1482 πάνυ
1648 1456 1803 1492 ὲνίσχυσαν.

283 1507 315 1534 Ἦ
334 1509 500 1544 προκειμένη
516 1509 656 1545 ἐπιγραφὴ
670 1510 793 1546 περιέχει
809 1511 848 1545 (5)
863 1519 870 1526 ·
893 1511 1015 1546 Ψαλμὸς
1028 1510 1107 1544 ᾠδῆς
1125 1509 1186 1542 τοῖς
1203 1509 1278 1542 υἱοῖς
1294 1509 1345 1545 (Δ),
1359 1510 1483 1545 δευτέρᾳ
1497 1511 1657 1540 Σαϐϐάτου.
1670 1512 1756 1540 Τοῦτο
1772 1511 1820 1540 οὖν
1834 1513 1875 1540 M-

245 1561 286 1589 γει
300 1554 315 1580 ὸ
328 1553 433 1589 ψαλμὺς
445 1554 495 1589 τῆς
508 1554 580 1590 ᾠδῆς
592 1554 693 1590 ταύτης
711 1556 775 1591 περὶ
788 1555 848 1583 τῶν
862 1556 936 1583 υίῶν
952 1556 1000 1591 τῆς
1015 1554 1194 1586 ἀναπαύσεως
1209 1554 1258 1589 (5).
1271 1554 1351 1588 Λέγω
1362 1554 1393 1591 δὴ
1410 1555 1478 1590 μετὰ
1492 1555 1521 1581 τὸ
1534 1556 1583 1592 τὴν
1595 1557 1684 1592 κρίσιν
1696 1551 1823 1592 γενέσθαι
1834 1559 1875 1589 εἰς

246 1600 291 1637 τὴν
303 1600 431 1637 δευτέραν
443 1600 490 1628 τοῦ
505 1602 610 1637 Κυρίου
624 1602 662 1638 (6)
677 1603 862 1631 κατάπαυσιν.
881 1603 1032 1630 Σάϐϐατον
1043 1602 1098 1637 γὰρ
1111 1601 1300 1634 κατάπαυσις
1313 1600 1352 1636 (7)
1366 1601 1555 1637 ἑρμηνεύεται.

252 1675 259 1683 _
278 1647 386 1676 Titulus
404 1649 551 1684 inscriptus
568 1650 690 1677 continet
705 1659 711 1677 :
729 1649 854 1677 Psalmus
871 1650 966 1677 cantiri
982 1650 1057 1684 ﬁliis,
1071 1649 1186 1676 secunda
1202 1647 1323 1675 Sabbati.
1337 1647 1394 1675 Hoc
1409 1648 1491 1683 igitur
1503 1647 1647 1682 signiﬁcat,
1658 1649 1732 1684 quod
1748 1650 1875 1687 psalmus

244 1695 342 1722 cantici
360 1695 441 1729 hujus
460 1696 566 1722 canitur
581 1696 614 1723 de
630 1696 695 1730 ﬁliis
713 1697 852 1731 requietis.
871 1698 937 1725 Dico
957 1700 1048 1723 autem
1074 1700 1251 1730 posteaquam
1273 1695 1407 1730 judicium
1424 1695 1527 1723 factum
1548 1694 1640 1728 fuerit,
1655 1703 1720 1724 cum
1737 1696 1874 1724 Dominus

243 1740 363 1767 secundo
378 1740 540 1775 requieverit
555 1750 562 1768 :
579 1741 724 1770 Sabbatum
738 1743 811 1771 enim
827 1744 927 1779 requies
944 1744 1148 1778 interpretatur.

280 1807 305 1834 1.
319 1799 450 1835 Mirabilis
461 1812 504 1836 est
515 1813 542 1836 et
554 1810 735 1845 glot'ilicalus,

1041 1819 1064 1849 ρ
1116 1811 1141 1836 1.
1161 1809 1323 1844 Θαυμαστός
1337 1810 1396 1836 ἐστι
1411 1809 1458 1836 καὶ
1475 1809 1679 1846 δεδοξασμένος,

277 1852 305 1879 2.
318 1851 346 1879 In
359 1861 477 1887 superna
488 1853 652 1883 Jerusalem.

1117 1854 1144 1880 2.
1165 1855 1212 1886 Είς
1225 1855 1276 1889 τὴν
1289 1854 1345 1881 ἄνω
1365 1854 1550 1890 Ἰερουσαλήμ.

277 1897 304 1925 5.
320 1897 447 1926 Gaudens
462 1899 514 1926 lide
528 1901 664 1935 gentium.

1117 1901 1142 1927 5.
1163 1900 1273 1936 Χαίρων
1289 1901 1334 1926 ἐπὶ
1350 1902 1382 1936 τῇ
1400 1901 1490 1928 πίστει
1505 1902 1559 1928 τῶν
1574 1900 1669 1929 ὲθνῶν.

279 1945 306 1971 4.
322 1945 427 1978 Quibus
451 1952 530 1975 antea
553 1948 676 1976 diabolus
703 1949 848 1982 illudebat,
863 1950 942 1978 electi
968 1955 1032 1979 sunt

1116 1949 1142 1975 4.
1164 1949 1210 1980 Εἰς
1223 1947 1269 1981 οὒς
1283 1949 1314 1976 ἂν
1325 1949 1456 1977 ἐπαίσατο
1469 1950 1499 1976 τὸ
1512 1949 1548 1985 (8)
1564 1950 1697 1985 πρότερον
1709 1951 1725 1977 ὁ
1737 1951 1869 1984 διάὸολῡς,

244 1997 371 2024 superna
383 1990 544 2020 Jerusalem.

1081 1992 1203 2018 ἐκλεκτοί
1217 1994 1268 2018 είσι
1280 1993 1330 2028 τῆς
1344 1993 1399 2020 ἅνω
1419 1994 1603 2030 Ἰερουσαλήμ.

279 2036 303 2063 5.
321 2035 442 2064 Ecclesia
459 2037 504 2065 Dei
523 2037 609 2065 nostri
625 2037 690 2066 Jesu
706 2039 819 2067 Christi.

1117 2038 1143 2065 5.
1157 2038 1189 2064 Ἡ
1205 2038 1349 2074 Ἐκκλησία
1366 2039 1412 2065 τοῦ
1425 2039 1492 2066 Θεοῦ
1506 2039 1582 2076 ἡμῶν
1599 2040 1686 2076 Ἰησοῦ
1702 2041 1831 2077 Χριστοῦ.

278 2081 305 2112 6.
321 2082 346 2110 7.
360 2081 431 2110 Deus
445 2083 472 2110 in
486 2084 589 2112 sanctis
602 2085 660 2120 ejus
675 2086 881 2114 manilestatur.

1116 2083 1142 2115 ϐ,
1162 2083 1186 2110 7.
1203 2084 1232 2110 '0
1245 2083 1310 2115 Θεὸς
1325 2085 1353 2111 ὲν
1366 2086 1421 2117 τοῖς
1435 2085 1523 2120 ἁγίοις
1536 2085 1621 2121 αὐτῆς
1637 2085 1676 2122 (9)
1691 2086 1867 2123 φανεροῦται.

281 2127 308 2155 8.
323 2127 455 2163 Apostoli.

1116 2128 1143 2154 8.
1165 2130 1195 2155 Οἱ
1209 2128 1364 2156 ἀπόστολοι.

281 2172 306 2199 9.
322 2174 361 2200 Ad
376 2175 589 2208 praedicandum.

1117 2173 1143 2200 9.
1164 2166 1210 2205 Ei;
1225 2173 1255 2199 τὸ
1270 2174 1398 2210 κήρυγμα
1411 2173 1476 2208 (10).

281 2219 325 2246 10.
345 2220 480 2253 Quoniam
492 2222 519 2249 in
538 2223 616 2250 terris
633 2225 770 2258 apparuit.

767 2244 770 2251 ,
1117 2219 1160 2246 10.
1170 2219 1231 2245 Ὅτι
1244 2219 1290 2245 ἐπὶ
1308 2219 1357 2254 τῆς
1372 2219 1424 2254 γῆς
1437 2219 1523 2256 ὤφθη.

283 2265 326 2292 11.
339 2265 457 2301 Populus
470 2267 636 2296 Iudaeorum.

1117 2265 1160 2291 11.
1177 2264 1205 2291 '0
1219 2265 1283 2296 λαὸς
1299 2264 1352 2292 τῶν
1373 2265 1516 2292 Ἰουδαίων.

281 2310 324 2337 1‘2.
342 2311 368 2338 In
385 2320 520 2348 synagoga
537 2313 710 2351 .ludaeorum.l

1117 2309 1160 2336 12.
1174 2309 1217 2335 Ἐν
1230 2311 1261 2345 τῇ
1276 2311 1419 2345 συναγωγῇ
1434 2311 1488 2336 τῶν
1504 2311 1645 2353 Ἰουδαίων.

282 2356 324 2383 15.
340 2358 370 2384 In
391 2366 488 2394 magna
513 2359 553 2386 ira
576 2365 698 2388 conteres
709 2360 863 2389 Iudaeorum
882 2362 1030 2398 principes,

1116 2355 1160 2382 15.
1174 2355 1218 2381 Ἐν
1229 2355 1297 2391 ὀργῇ
1312 2356 1415 2391 μεγάλῃ
1431 2356 1584 2392 συντρίψεις
1595 2358 1657 2389 τοὺς
1669 2358 1800 2394 ἄρχοντας
1814 2360 1867 2387 τῶν

245 2403 292 2439 qui
314 2404 412 2432 habent
435 2405 462 2432 in
485 2406 581 2441 seipsis
607 2407 807 2442 Scripturarum
833 2410 1001 2444 cognitioner

1111 2399 1230 2433 συδαίων,
1247 2400 1310 2432 τοὺς
1327 2400 1437 2436 ἔχοντας
1453 2403 1482 2428 ἑν
1504 2403 1608 2434 ἑαυτοῖς
1620 2403 1670 2439 τὴν
1683 2404 1738 2432 τῶν
1754 2405 1867 2441 Γραφῶν

247 2450 355 2478 Tharst's
381 2451 453 2478 euim
469 2452 661 2488 interpretatur
675 2453 801 2488 inspectio
813 2456 924 2483 lwtitiw.

1110 2445 1191 2472 θῶσιν.
1209 2446 1333 2480 Θαρσεῖς
1350 2447 1404 2482 γὰρ
1420 2448 1599 2483 ἑρμηνεύεται
1621 2450 1795 2485 mutatam)
1819 2453 1866 2478 εὑ-

1045 2495 1068 2524 ι)
1081 2491 1247 2525 sometime-

281 2538 575 2580 Quemadmodum
599 2540 752 2569 audivimus
771 2541 806 2570 de
836 2542 952 2570 adventu
980 2543 1027 2571 Dei

1116 2536 1159 2564 14.
1175 2537 1307 2573 Καθάπερ
1321 2538 1475 2575 ἠκούσαμεν
1492 2539 1556 2576 περὶ
1577 2540 1627 2576 τῆς
1650 2541 1799 2578 παρουσίας
1819 2541 1864 2568 τοῦ

245 2579 342 2601 IlOSll‘l.

1081 2582 1148 2609 Θεοῦ
1159 2583 1245 2618 ἡμῶν.

720 2634 874 2666 Addenda
889 2639 919 2667 et
932 2637 1120 2677 corrigenda
1144 2649 1183 2671 ex
1199 2640 1270 2672 cod.
1290 2641 1391 2674 Vatic.

336 2681 530 2724 ’Errgc'rpeqvac.
1115 2689 1153 2724 (6)
1173 2690 1250 2717 Θεοῦ.

282 2716 322 2759 12.)
333 2716 417 2759 Ilo}.
439 2716 442 2717 ν
456 2751 468 2756 -
583 2752 595 2759 ,
605 2753 611 2759 ,
1167 2716 1340 2758 Ἀνᾶτιαυσις.

292 2751 319 2794 ξ)
381 2751 686 2794 ξιά,ῖῆς,κιννα⁶άρεως
702 2761 764 2790 περι
1116 2751 1155 2794 (8}
1169 2751 1338 2788 ames:

296 2785 321 2827 ἑ)
340 2785 414 2827 If?“
426 2786 524 2827 κρρέ-,
564 2823 569 2827 .
619 2785 624 2788 ⁷
650 2823 655 2827 .
738 2785 744 2790 ’
1116 2785 1155 2827 ιιι
1174 2785 1270 2822 nec".

293 2821 320 2856 5)
340 2821 411 2848 Υῐῶν
427 2821 480 2848 τῶν
494 2821 543 2857 τῆς
558 2823 739 2855 ἀναστάσεως.
1118 2821 1174 2864 ἶίδ)
1195 2830 1233 2858 Τὰ
1246 2821 1420 2866 κηρύγματα.
