1916 3052
23 167 77 197 837

59 224 104 252 l5.
117 224 163 251 Ἐν
176 223 254 250 πόλει
265 223 368 260 Κυρίου
385 223 438 250 τῶν
451 225 604 260 δυνάμεων,

59 270 105 296 l6.
119 269 164 296 'Ev
179 270 256 296 πόλει
270 269 317 296 τοῦ
331 269 399 297 Θεοῦ
414 270 502 306 ἡμῶν.

60 315 106 343 Π.
119 315 150 341 '0
166 315 232 347 Θεὸς
248 315 428 350 ἐθεμελίωσεν
444 316 531 353 αὐτὴν
545 317 586 348 εἰς
600 316 647 343 τὸν
660 316 756 344 αἰῶνα.

62 361 106 387 IS.
120 360 316 397 ’Υπελάὸομεν,
331 362 346 388 ὁ
361 362 437 394 Θεὸς,
448 362 479 389 τὸ
493 362 567 394 ἔλεός
586 371 632 390 σου
644 363 673 390 ἐν
687 363 760 398 μέσῳ
770 362 818 389 τοῦ

26 407 93 434 lae-3
111 416 169 434 σου.

63 453 108 480 19.
128 452 208 479 Κατὰ
223 453 254 479 τὸ
265 453 350 488 ὄνομά
363 461 421 487 σου,
436 453 533 488 ὀθεδς,
543 454 613 481 οὕτω
626 455 674 482 καὶ
686 455 703 491 ὴ
718 455 819 487 αῐνεσίς

31 507 74 525 που
88 499 135 525 ἐπὶ
151 499 186 525 τὰ
205 498 311 535 πέρατα
325 499 376 535 τῆς
389 500 452 535 γῆς.

62 544 109 572 20.
131 544 309 580 Δικαιοσύνης
328 545 435 582 πλήρης
451 547 468 582 ἡ
483 546 558 579 δεξιά
571 555 627 574 σου.

61 591 109 618 2|.
129 591 316 627 Εὐφρανθήτω
331 592 394 628 ὄρος
410 592 490 625 Σιὼν,

61 636 108 664 22.
129 636 183 663 Kal
189 636 412 670 ἀγαλλιάσθωσαν
421 639 449 664 αἰ
459 638 608 675 Θυγατέρες
615 639 665 674 τῆς
677 639 817 673 Ἰουδαίας,

61 682 108 708 23.
118 682 231 708 Ἕνεκεν
243 682 298 709 τῶν
315 683 458 718 χριμάτων
473 693 530 717 σου,
544 685 641 721 Κύριε.

62 726 109 752 21.
131 724 295 752 Κυκλώσατε
308 725 387 759 Σιὼν,
403 727 448 753 καὶ
461 728 621 763 περιλάὸετε
635 729 720 765 αὑτήν
729 737 738 744 ”

62 772 108 799 25.
129 771 300 807 Διηγήσασθε
317 773 346 798 ὲν
364 774 420 805 τοῖς
436 774 550 809 πύργοις
564 774 660 810 αὐτῆς.

65 817 109 844 26.
129 816 215 844 Θέσθε
224 817 273 849 τὰς
283 817 395 853 καρδίας
405 818 481 854 ὑμῶν
489 821 529 850 εἰς
535 819 584 856 τὴν
592 820 707 856 δύναμιν
717 821 802 858 αὐτῆς
811 831 817 837 ·

65 862 109 891 27.
132 863 187 889 Καὶ
200 863 388 891 καταδιέλεσθε
406 865 455 896 τὰς
473 865 566 901 βάρεις
581 867 676 902 αὐτῆς,

64 909 211 941 28.’οπως
226 909 259 936 ἂν
274 910 441 946 διηγήσησθε
457 913 496 943 εἰς
510 913 607 946 γενεὰν
623 913 730 948 ἑτέραν·

66 955 110 982 29.
120 955 182 981 Ὅτι
194 952 272 986 οὗτος
285 956 357 981 ἐστιν
372 957 386 983 ὸ
399 956 465 989 Θεὸς
482 957 572 992 ήμῶν,

67 1000 111 1027 50.
131 1001 179 1032 Εἰς
194 1000 240 1027 τὸν
252 1001 337 1029 αἰῶνα
354 1003 401 1029 καὶ
413 1004 453 1034 εἰς
468 1003 513 1029 τὸν
525 1003 611 1031 αἰῶνα
622 1003 670 1030 τοῦ
685 1003 782 1036 αἰῶνος
792 1012 800 1019 °

66 1046 110 1076 '51.
129 1047 218 1078 A016;
237 1049 364 1083 ποιμανεῖ
376 1049 450 1084 ἡμᾶς
464 1049 505 1081 εἰς
521 1050 583 1081 τοὺς
599 1049 712 1082 αἰῶνας.

76 1093 126 1125 Εἰς
142 1092 176 1119 τὸ
194 1093 292 1126 τέλος,
316 1093 378 1128 τοῖς
393 1094 469 1128 υἱοῖς
483 1095 568 1129 Κορέ.
589 1097 677 1124 ΨΑΛ.
701 1097 774 1124 MII'.

67 1137 92 1164 l.
107 1137 256 1164 Ἀκούσατε
271 1138 368 1170 ταῦτα,
386 1139 474 1166 πάντα
484 1139 519 1166 τὰ
533 1139 610 1175 ἔθνη,

64 1183 92 1211 2.
105 1184 293 1218 Ἐναηίσασθε,
307 1185 406 1218 πάντες
421 1187 445 1213 οἰ
462 1186 651 1218 κατοικοῦντες
667 1185 715 1222 τὴν
728 1187 817 1214 οἰκου-

34 1229 124 1265 μένην.

470 166 515 194 DE
533 161 673 195 TlTULlS
687 167 914 196 PSALMORUM.
936 168 1077 196 —PSAL.
1097 168 1216 195 XLVIII.

1602 166 1662 198 858

837 229 861 256 Α
909 225 953 252 15.
970 224 998 252 ln
1013 225 1122 253 civitate
1135 225 1243 253 Domini
1258 225 1400 258 virtutum,

904 270 946 298 16.
962 270 990 298 ln
1003 271 1112 298 civitate
1126 270 1173 299 Dei
1190 271 1289 299 nostri.

903 316 947 343 Π.
962 316 1034 344 Deus
1045 316 1169 344 fundavit
1183 323 1244 343 eam
1258 317 1286 343 in
1298 320 1442 344 eternium.

904 362 947 390 18.
965 362 1158 397 Suscepimus,
1180 361 1267 394 Deus.
1290 360 1506 389 misericordiam
1531 364 1606 388 tuam
1627 360 1657 390 ill

868 408 958 437 medio
973 408 1065 444 populi
1081 408 1129 436 tui.

905 454 948 481 l9.
962 454 1117 482 Secundum
1132 461 1230 482 nomen
1246 458 1333 486 tuum,
1349 452 1431 486 Deus,
1443 453 1483 481 sic
1497 457 1525 480 et
1538 453 1597 480 laus
1607 456 1654 481 tua

869 501 895 528 in
907 501 975 529 ﬁnes
985 505 1074 528 terrae.

901 546 946 573 20.
962 545 1071 574 Iustitia
1084 546 1163 581 plena
1176 545 1288 573 dextera
1305 549 1361 573 tua.

903 591 949 619 2i.
968 591 1087 619 Laetetur
1101 598 1182 619 mons
1197 591 1276 624 Sion,

905 637 951 664 22.
968 637 1000 665 Et
1010 638 1146 666 exsultent
1154 637 1216 665 ﬁliae
1227 636 1314 670 ludas,

903 684 949 712 25.
964 683 1077 719 Propter
1089 683 1194 719 judicia
1210 688 1266 716 tua,
1284 682 1410 710 Domine.

904 730 949 757 24.
968 729 1141 757 Circumdate
1157 729 1235 762 Sion,
1246 734 1273 756 et
1285 727 1500 764 complectimini
1513 734 1584 759 eam.

905 775 951 802 25.
967 774 1081 802 Narrate
1092 774 1119 801 in
1132 774 1254 802 turribus
1269 774 1340 808 ejus.

905 820 950 847 26.
971 819 1067 847 Ponite
1078 820 1160 848 corda
1171 824 1260 848 vestra
1274 820 1302 847 in
1317 820 1417 847 virtuts
1433 818 1510 855 ejus;

904 866 950 893 27.
966 865 999 893 Et
1010 866 1165 894 distribuite
1176 866 1274 894 domos
1287 866 1357 901 ejus,

904 911 949 938 28.
964 911 1000 939 Ut
1011 912 1145 939 enarretis
1159 912 1187 940 in
1203 913 1330 948 progenie
1342 912 1428 939 altera

903 957 947 984 29.
964 957 1098 990 Quoniam
1113 958 1158 986 hic
1171 962 1214 986 est
1227 958 1298 986 Deus
1316 963 1420 990 noster,

903 1003 948 1030 50.
967 1003 996 1030 ln
1008 1007 1152 1036 aeternum,
1165 1008 1193 1032 et
1203 1003 1229 1031 in
1244 1004 1373 1032 saeculum
1391 1002 1499 1031 saeculi:

903 1051 948 1078 3|.
966 1051 1025 1086 Ipse
1038 1055 1131 1086 pascet
1145 1058 1196 1078 nos
1209 1051 1237 1078 in
1249 1050 1359 1078 sacula.

973 1096 1008 1124 In
1022 1097 1111 1131 ﬁnem,
1127 1097 1190 1132 [iliis
1201 1097 1276 1124 Core.
1292 1095 1392 1124 PSAL.
1407 1093 1548 1123 XLVIII.

907 1142 933 1169 l.
948 1142 1047 1170 Audite
1063 1142 1130 1175 haec,
1148 1150 1242 1170 omnes
1254 1146 1356 1178 gentes,

906 1189 933 1217 2.
948 1188 1067 1216 Auribus
1078 1188 1218 1223 percipite,
1231 1195 1328 1215 omnes
1345 1186 1392 1222 qui
1409 1185 1538 1214 habitatis
1550 1184 1654 1212 orbem.

597 1277 787 1306 ATHANASII
806 1277 1098 1307 INTERPKETATIO.

67 1332 110 1364 15,
123 1331 168 1360 l6.
186 1333 277 1369 'Evrﬁ
290 1334 347 1361 ἂνω
363 1334 548 1371 Ἰερουσαλήμ.

68 1378 111 1405 17.
125 1378 285 1411 Ἀσάλευτὸς
298 1379 372 1406 ἐστιν
380 1380 419 1412 εἰς
429 1381 491 1413 τοὺς
500 1381 695 1418 ἀτελευτήτους
703 1383 817 1414 αἰῶνας.

67 1423 110 1450 18.
132 1425 327 1462 Διηγησάμεθα
342 1426 382 1461 (1)
395 1426 429 1453 τὰ
444 1427 595 1463 παθήματά
611 1437 668 1455 σου.

67 1468 110 1496 19.
125 1469 168 1501 Ὠς
183 1470 361 1506 ἀτελεύτητον
375 1471 434 1498 ἐστι
454 1471 486 1498 τὸ
501 1472 586 1508 ὄνομά
601 1481 660 1508 σου,
674 1473 760 1506 οὕτως
773 1475 821 1502 καὶ

34 1515 57 1549 ἡ·
66 1514 168 1548 αῐνεσίς
184 1524 245 1544 σου.

65 1560 110 1588 20.
125 1562 154 1588 '0
170 1562 234 1594 λαὸς
252 1563 266 1589 ὁ
279 1562 365 1596 ἑστὼς
379 1564 410 1590 ὲκ
422 1563 516 1598 δεξιῶν
535 1573 586 1600 μου
601 1565 652 1594 ’2).

67 1607 111 1634 2i.
124 1609 157 1634 Ἡ
168 1608 225 1636 ἅνω
241 1609 430 1646 Ἰερουσαλήμ.

66 1653 110 1680 22.
130 1655 164 1680 Al
178 1654 263 1690 ψυχαὶ
277 1655 331 1682 τῶν
343 1656 438 1690 ἁγίων.

65 1699 231 1727 25.”Ενεκεν
247 1700 296 1735 τῆς
311 1701 514 1733 ἀνταποδόσεώς
529 1710 587 1734 σου,
601 1701 699 1738 Κύριε.

64 1745 109 1772 24.
130 1746 266 1781 οἰκήσατε
282 1746 331 1782 τὴν
347 1747 403 1774 ἄνω
421 1748 608 1784 Ἰερουσαλὴμ,
621 1749 668 1776 καὶ
680 1749 720 1781 εἰς
736 1749 820 1776 κατά-

34 1800 123 1826 σχεσιν
137 1791 222 1827 αὐτὴν
238 1792 331 1828 ἔσχετε
345 1793 395 1828 (a).

66 1837 112 1864 25.
127 1837 172 1864 Ἐν
185 1839 241 1869 τοῖς
253 1838 340 1872 ἁγίοις
350 1839 435 1874 αὐτῆς
450 1839 616 1876 διηγήσασθε
627 1840 661 1868 τὰ
671 1840 821 1876 δικαιώμα-

33 1892 64 1910 τα
79 1891 173 1910 αυτου.

64 1929 108 1956 26.
130 1929 215 1956 Θέσθε
225 1930 274 1966 τὴν
283 1931 400 1958 διάνοιαν
412 1931 489 1967 ὑμῶν
498 1933 538 1963 εἰς
547 1932 597 1964 τὰς
606 1932 715 1964 ἐντολὰς
725 1931 818 1959 αὑτοῦ.

65 1975 110 2002 27.
131 1976 186 2002 Καὶ
200 1976 342 2012 μερίσεσθε
359 1976 396 2012 (b)
414 1977 464 2009 τὰς
480 1978 563 2013 μονὰς
575 1978 670 2014 αὐτῆς.

64 2020 109 2048 28.
119 2021 213 2054 Ὅπως
225 2022 258 2049 ἂν
267 2023 430 2060 διηγήσασθε
438 2025 467 2051 ἐν
478 2025 513 2059 (ι)
522 2024 560 2060 τῷ
566 2025 654 2061 χρόνῳ
662 2025 714 2051 τῶν
724 2024 819 2059 ἁγίων.

65 2067 108 2094 29.
123 2068 188 2094 Ὀτι
205 2066 293 2102 οὗτός
313 2070 399 2098 ἐστιν
412 2072 429 2097 ό
444 2070 516 2104 Θεὸς
527 2070 622 2106 ἡμῶν.

65 2113 108 2146 50,
122 2113 168 2141 5|.
183 2114 212 2140 ὐ
227 2114 327 2151 ποιμὴν
340 2116 354 2142 ό
370 2116 452 2149 καλὸς
467 2118 594 2152 ποιμανεῖ
606 2117 680 2152 ἡμᾶς
696 2116 749 2152 (5).

911 1336 954 1369 l5,
973 1335 1017 1362 l6.
1033 1335 1062 1362 In
1076 1341 1191 1369 superna
1204 1333 1368 1361 Jerusalem.

910 1384 954 1411 l7.
971 1383 1124 1410 lmmobilis
1134 1386 1177 1410 est
1192 1382 1219 1409 in
1236 1381 1402 1417 sempiterna
1417 1379 1528 1408 saacula.

833 1445 855 1476 ρ
909 1430 952 1457 18.
967 1428 1144 1457 Narravimus
1158 1427 1300 1463 passiones
1315 1431 1387 1454 tuas.

906 1475 950 1502 l9.
970 1474 1046 1502 Sicut
1061 1474 1257 1509 sempiternum
1281 1477 1322 1500 est
1343 1479 1443 1500 nomen
1464 1475 1553 1501 tuum.
1572 1469 1610 1497 ita
1631 1471 1656 1496 el

871 1519 931 1546 laus
947 1523 1002 1546 tua.

906 1565 951 1592 20.
969 1564 1087 1600 Populus
1103 1569 1178 1592 stans
1192 1571 1208 1591 a
1221 1563 1325 1592 dextris
1341 1563 1406 1591 tuis.

904 1607 949 1634 21.
967 1606 1091 1642 Superna
1107 1605 1270 1634 Jerusalem.

904 1653 949 1680 22.
967 1653 1074 1680 Animae
1087 1656 1254 1680 sanctorum.

907 1697 954 1724 25.
971 1696 1085 1731 Propter
1100 1696 1308 1723 retributionem
1320 1699 1406 1727 tuam,
1419 1694 1545 1722 Domine.

904 1743 950 1770 24.
966 1742 1092 1770 Habitate
1116 1749 1264 1777 supernam
1288 1741 1439 1770 Jerusalem
1450 1760 1458 1774 ,
1479 1745 1506 1768 et
1522 1739 1655 1775 possidete

870 1795 941 1816 eam.

905 1833 949 1862 25.
966 1833 1079 1861 Narrate
1093 1833 1120 1860 in
1135 1833 1239 1861 sanctis
1254 1832 1341 1868 ipsius
1355 1830 1565 1868 justiﬁcationes
1585 1829 1647 1865 ejus

905 1931 950 1958 26.
966 1931 1062 1959 Ponite
1075 1935 1193 1958 mentem
1209 1935 1328 1958 vestram
1341 1929 1368 1956 in
1381 1928 1525 1964 praeceptis
1538 1927 1620 1956 illius.

906 1977 951 2004 27.
969 1977 1003 2004 Et
1015 1977 1127 2004 dividite
1144 1977 1302 2004 mansiones
1314 1975 1386 2011 ejus.

907 2022 952 2050 28.
965 2021 1002 2050 Ut
1015 2023 1148 2051 enarratis
1163 2022 1191 2050 in
1207 2027 1329 2057 tempore
1347 2025 1516 2049 sanctorum.

904 2069 950 2097 29.
968 2069 1099 2102 Quoniam
1110 2069 1152 2096 hic
1162 2075 1201 2097 est
1216 2069 1287 2096 Deus
1298 2073 1385 2095 noster

832 2122 855 2150 ι)
901 2115 948 2149 50,
965 2116 1010 2143 51.
1026 2115 1123 2143 Pastor
1137 2115 1235 2148 bonus,
1254 2115 1300 2150 qui
1317 2118 1408 2150 pascet
1420 2121 1481 2142 nos.

71 2169 103 2196 Ἦ
120 2171 285 2208 προκειμένη
298 2172 437 2210 ἐπιγραφὴ
451 2174 571 2209 περιέχει
585 2173 622 2209 (4)
634 2182 640 2188 -
655 2174 707 2206 Εἰς
719 2172 751 2200 τὸ
768 2171 865 2206 τέλος,
879 2172 941 2205 τοῖς
955 2172 1031 2205 ὐἱοῖς
1044 2171 1120 2206 Κορὲ
1136 2172 1271 2206 ψαλμός·
1284 2171 1348 2206 περὶ
1360 2170 1407 2198 τοῦ
1421 2169 1513 2201 τέλους
1526 2167 1580 2195 τῶν
1593 2166 1656 2195 υἱῶν

34 2214 77 2249 τῆς
92 2216 235 2249 ἀπειθείας
248 2217 262 2243 ὁ
277 2217 384 2254 ψαλμὸς
396 2218 479 2254 λέγει.
495 2219 571 2254 Κορὲ
584 2219 657 2253 λέγει
675 2218 802 2254 ἀπειθὴς
819 2218 857 2254 (5)
873 2217 914 2251 τῷ
935 2218 996 2251 Θεῷ
1011 2217 1181 2253 γεγένηται·
1196 2218 1262 2245 διότι
1281 2218 1327 2245 καὶ
1344 2217 1407 2249 τοὺς
1432 2215 1568 2246 τοιούτους
1584 2214 1656 2246 υἰοὺς

34 2260 110 2287 αὑτοῦ
123 2262 202 2289 καλεῖ
218 2263 235 2298 ή
249 2263 356 2300 Γραφή.
588 2274 591 2278 '

65 2306 168 2336 Titulus
187 2308 335 2344 inscriptus
351 2309 472 2337 continet
489 2318 496 2337 :
515 2308 549 2336 In
563 2309 652 2344 ﬁnem,
669 2309 734 2344 ﬁliis
748 2308 814 2336 Core
836 2309 965 2344 psalmus.
981 2308 1020 2336 De
1048 2309 1100 2336 ﬁne
1126 2308 1246 2336 ﬁliorum
1273 2307 1461 2337 inobedientiw
1476 2307 1599 2342 psalmus
1615 2306 1656 2333 lo—

35 2355 130 2389 quitur.
148 2355 215 2384 Core
231 2357 374 2392 signiﬁcat,
392 2358 541 2386 inobediem
559 2357 613 2384 Deo
625 2357 714 2392 factus
732 2361 782 2390 est,
799 2361 943 2393 propterea
961 2358 1028 2385 tales
1043 2357 1102 2392 ejus
1115 2357 1187 2384 ﬁlios
1201 2361 1280 2384 vocat
1297 2355 1395 2391 psalmi
1415 2355 1566 2390 inscriptio.

65 2402 90 2438 ι.
109 2402 275 2439 Παιδεύθητε
291 2404 387 2438 ταῦτα,
404 2404 422 2432 ἃ
441 2403 532 2440 μέλλω
553 2403 655 2438 λέγειν,
671 2402 761 2431 πάντα
783 2403 818 2430 τὰ

35 2446 103 2474 tum.

63 2455 260 2526 ἓἝκδέξασΘε
278 2494 313 2521 τὰ
328 2491 385 2522 ῶτα
401 2494 478 2530 ὑμῶν
489 2493 507 2522 ἃ
521 2494 576 2530 ὲρῶ
591 2494 655 2530 ὑμῖν
677 2493 727 2529 (6).

906 2404 931 2431 l.
948 2403 1049 2432 Discite
1064 2404 1131 2437 haec,
1146 2411 1207 2439 quae
1222 2403 1344 2431 dicturus
1356 2409 1428 2433 sum,
1442 2408 1538 2428 omnes
1551 2404 1656 2436 gentes.

907 2491 935 2520 2.
950 2491 1073 2528 Excipite
1084 2492 1197 2520 auribus
1214 2491 1323 2525 vestris,
1336 2498 1397 2526 quae
1410 2489 1498 2518 dicam
1515 2487 1604 2516 vobis.

501 2554 655 2585 Addenda
670 2557 701 2584 et
728 2551 918 2592 corrigenda
935 2561 975 2583 ex
991 2552 1061 2584 cod.
1079 2552 1181 2583 Vatic.

64 2612 100 2650 (Ῑ)
119 2613 321 2650 έιηγησύμεθα.

116 2648 218 2714 ἰξυ29,
238 2682 284 2713 50,
297 2681 342 2714 3i,
356 2681 484 2716 leguntur
503 2680 683 2716 coniunctim,
707 2689 739 2709 ac
755 2685 816 2716 post

35 2718 100 2752 ἡμᾶς
114 2718 171 2745 haec
187 2717 335 2748 adduntur,
354 2718 394 2748 εἰς
411 2717 474 2748 τοὺς
490 2716 684 2752 ἀτελευτήτους
702 2716 815 2748 αἰῶνας,

35 2751 102 2787 δτὴν
117 2752 206 2788 ψυχὴν
222 2752 303 2779 αὑτοῦ
315 2751 371 2784 Θεὶς
389 2751 558 2787 ὑπὲρ

63 2808 100 2842 (α)
117 2809 255 2844 Ἕσχετε.
274 2808 354 2836 Forte
367 2808 454 2844 ἔχετε,
470 2808 513 2836 vcl
527 2808 626 2844 ἰσχετε.
643 2807 722 2844 Enn.

63 2819 100 2842 ιιι)
131 2819 176 2835 ιισ
197 2819 255 2836 ατε.
274 2819 354 2836 ποηε
367 2819 454 2844 εχετε,
470 2819 513 2836 νει
527 2819 626 2844 ισχετε.
644 2819 722 2835 ΙἉΠΤ.

63 2843 99 2878 (δ)
112 2819 286 2878 Μερῇγεσθε.
304 2844 367 2880 Leg.
383 2844 438 2872 vid.
462 2843 570 2879 interp.,
591 2843 748 2879 μερίᾳασθε.
762 2842 810 2871 En.

907 2612 944 2645 (4)
957 2613 988 2639 Ἢ
1000 2613 1043 2640 διὰ
1059 2613 1109 2648 τῆς
1119 2611 1305 2646 κινναϐάρεως
1319 2618 1382 2645 περ.

906 2648 945 2684 (5)
964 2649 1035 2684 Κορὲ
1049 2648 1104 2684 γὰρ
1119 2648 1168 2674 ἀπ.
1212 2682 1216 2684 Α
1274 2681 1281 2684 Α
1309 2681 1320 2684 _
1377 2679 1383 2684 ι
1478 2678 1484 2684 _
1612 2675 1626 2682 _

963 2678 1122 2716 Εἰέδέξαεέθε
1137 2684 1177 2715 εἰς
1190 2682 1258 2710 τὰ...
1272 2681 1334 2716 ὑμῖν
1349 2679 1448 2710 πάντες
1461 2678 1486 2705 οἰ
1500 2678 1655 2704 κατοικοῦν-

866 2728 914 2752 τες
927 2719 976 2756 τὴν
989 2719 1157 2754 οἰκουμένην.

902 2809 938 2846 (c)
953 2809 1149 2845 Διηγήσασθε.
1166 2807 1246 2837 Forte
1263 2803 1437 2842 διηγὴσησθε.
1456 2803 1533 2830 Eon.
