1916 3052
250 151 301 180 839
673 148 702 175 S.
723 146 912 176 ATIIANASII
932 147 1006 175 OPP.

1137 145 1182 173 ill.
1202 161 1236 166 -—-
1254 144 1461 174 EXEGETlCA.
1830 148 1848 175 8
1855 151 1884 176 ιν

283 213 309 240 5.
328 211 434 247 Quique
446 211 586 246 terrigena:
598 215 624 237 et
637 209 684 237 lilii
700 210 854 242 hominum,

1045 212 1069 240 Α
1117 208 1143 234 5.
1165 207 1201 233 0!
1216 215 1245 233 τε
1259 207 1384 242 γηγενεῖς
1397 207 1443 232 καὶ
1458 205 1510 232 υίοὶ
1525 205 1579 232 τῶν
1590 205 1752 241 ἀνθρώπων,

284 259 310 285 4.
328 257 415 285 Simul
427 258 454 284 in
475 264 558 284 unum
571 255 647 283 dives
660 259 688 283 et
701 263 815 289 pauper.

1122 254 1148 279 4.
1161 253 1223 279 Ἐπὶ
1236 253 1266 279 τὺ
1283 253 1348 280 αὐτὸ
1366 252 1492 284 πλούσιος
1510 252 1557 278 καὶ
1571 252 1663 287 πένης.

283 303 310 331 5.
327 302 363 330 Os
381 310 471 330 meum
489 302 614 337 loquetur
630 301 803 336 sapientiam,

1170 299 1206 324 Τὸ
1221 298 1308 333 στόμα
1327 306 1376 333 μου
1393 297 1503 332 λαλήσει
1520 297 1623 331 σοφίαν,

284 349 311 376 6.
326 348 359 375 Et
372 347 512 376 meditatio
522 347 613 375 cordis
625 347 678 374 mei
694 346 876 382 prudentiam.

1121 344 1148 371 6.
1170 344 1225 370 Καὶ
1235 345 1251 378 ἡ
1270 343 1367 378 μελέτη
1383 343 1434 378 τῆς
1448 343 1562 377 καρδίας
1576 351 1626 377 μου
1644 342 1761 369 σύνεσιν.

283 395 310 422 7.
327 394 466 422 lnclinabo
484 394 511 421 in
527 393 684 428 parabolam
699 401 794 420 aurem
810 400 910 424 meam,

1122 389 1148 415 ’1.
1170 389 1259 416 Κλινῶ
1276 390 1315 420 εἰς
1327 388 1484 425 παραϐολὴν
1501 388 1532 414 τὸ
1549 386 1596 419 οὖς
1612 395 1663 423 μου
1674 395 1681 404 ⁸

283 442 311 469 8.
324 442 451 477 Apertam
466 441 493 468 in
504 440 632 476 psalterio
647 440 859 475 propositionem
873 447 974 466 meam.

1122 435 1148 462 8.
1163 435 1271 480 Ἀνοίξω
1284 435 1314 461 ἐν
1329 434 1470 470 ψαλτηρίῳ
1484 434 1515 461 τὸ
1531 433 1677 476 προϐλημὰ
1689 443 1749 469 μου.

283 488 310 514 9.
325 486 380 514 Cur
394 487 475 514 timeo
490 486 518 513 in
535 486 579 513 die
596 485 686 512 mala?

1121 480 1217 507 9.’Ὶνα
1231 479 1256 507 τί
1272 479 1408 515 φοϐοῦμαι
1425 481 1453 506 ὲν
1469 479 1562 516 ἡμέρᾳ
1575 480 1697 514 πονηρᾷς

284 532 328 560 10.
344 532 475 568 lniquitas
489 533 610 561 calcanei
627 532 681 560 mei
698 531 879 559 circumdabit
895 538 947 556 me.

1123 525 1166 552 10.
1179 526 1211 551 Ἦ
1225 525 1325 560 ἀνομία
1337 525 1386 560 τῆς
1404 525 1523 560 πτέρνης
1539 533 1589 559 μου
1609 524 1743 550 κυκλώσει
1761 532 1804 558 με.

284 579 327 606 11.
342 578 394 611 Qui
406 579 547 606 conﬁdunt
558 578 585 605 in
600 579 702 605 virtute
715 585 775 609 sua,

1123 573 1167 599 11.
1189 573 1220 598 Οἱ
1233 571 1392 603 πεποιθότες
1408 571 1454 597 ἐπὶ
1464 572 1497 605 τῇ
1509 570 1621 610 δυνάμει
1637 569 1737 601 αὐτῶν,

284 624 328 651 12.
344 623 377 652 Ει
407 625 435 652 in
451 624 623 652 multitudine
649 624 805 651 divitiarum
835 630 947 650 suarum
976 621 1036 656 glo-

1125 619 1166 646 12.
1188 618 1242 645 Καὶ
1263 618 1309 644 ἐπὶ
1333 617 1372 652 τῷ
1395 617 1490 653 πλήθει
1508 616 1555 643 τοῦ
1571 616 1684 643 πλούτου
1703 616 1794 642 αὐτῶν
1809 625 1874 643 καυ-

249 670 363 698 riantur.

1088 663 1213 700 χὼμενοι.

284 716 325 743 15.
345 716 440 744 Frater
458 725 512 744 non
531 717 650 750 redimit,
666 716 783 744 redimet
795 715 889 747 homo,

1123 711 1166 737 15.
1187 709 1312 745 Ἀδελφὺς
1329 709 1358 736 οὐ
1373 709 1526 744 λυτροῦται,
1539 709 1704 744 λυτρώσεται
1717 709 1873 742 ἄνθρωπος·

283 762 328 789 11.
343 761 402 788 Non
415 762 491 790 dabit
504 762 559 790 Deo
571 762 751 798 placationem
770 768 860 793 suam,

1124 755 1167 782 11.
1185 755 1221 781 Οὐ
1236 754 1317 781 δώσει
1332 753 1370 789 τῷ
1384 754 1443 789 Θεῷ
1457 753 1589 789 ὲξίλασμα
1603 753 1711 786 ἑαυτοῦ,

284 807 328 834 15.
344 808 378 835 Et
393 809 510 843 pretium
526 808 721 844 redemptionis
736 808 835 835 anima;
848 814 914 835 sum.

1125 802 1168 829 15.
1183 802 1237 828 Kal
1247 800 1295 837 τὴν
1304 801 1385 836 τιμὴν
1396 801 1444 836 τῆς
1453 801 1612 836 λυτρώσεως
1621 800 1672 836 τῆς
1682 800 1773 836 ψυχῆς
1784 800 1875 827 αὑτοῦ.

286 853 328 881 16.
346 854 378 880 Et
409 854 551 882 laborabat
577 855 605 882 in
627 859 771 887 aeternum,
801 858 829 881 et
856 853 928 880 vivet
951 851 979 879 in
1006 851 1037 878 ti-

1126 847 1168 874 16.
1183 848 1237 874 Kal.
1253 846 1397 874 ἐκοπίασεν
1418 847 1458 878 εἰς
1471 846 1516 873 τὸν
1529 846 1613 873 αἰῶνα
1624 867 1631 879 ,
1649 846 1696 873 καὶ
1714 846 1826 882 ζήσεται
1839 847 1876 878 είς

249 909 322 928 nem.

1054 886 1075 913 Β
1089 893 1175 925 τέλος.

286 945 327 973 17.
343 945 401 973 Νοη
416 946 517 974 videbit
531 946 685 980 interitum,

1128 939 1171 966 1'l.
1189 939 1246 965 Οὐκ
1261 938 1355 973 iii/erat
1371 938 1554 974 καταφθορὰν,

285 993 329 1019 18.
345 992 413 1020 Cum
426 993 523 1020 viderit
538 993 674 1027 sapientes
692 991 862 1018 morientes?

1127 985 1170 1012 18.
1187 985 1270 1011 Ὅταν
1287 984 1330 1021 ἴδῃ
1345 985 1443 1019 σοφοὺς
1455 984 1690 1020 ἀποθνήσκονταςς

285 1039 329 1066 19.
344 1038 430 1066 Simul
446 1039 578 1074 insipiens
591 1043 619 1066 et
631 1038 732 1066 stultus
748 1038 896 1073 peribunt:

1129 1032 1172 1059 19.
1195 1031 1256 1057 Ἐπὶ
1271 1031 1302 1057 τὸ
1318 1031 1383 1057 αὐτὸ
1399 1031 1493 1066 ἄφρων
1508 1030 1555 1057 καὶ
1568 1030 1646 1062 ἄνους
1659 1029 1841 1057 ἀπολοῦνται·

284 1085 329 1113 20.
346 1084 380 1113 Et
391 1085 546 1121 relinquent
558 1085 655 1113 alienis
668 1084 778 1113 divitias
795 1091 872 1112 suas.

1125 1076 1170 1104 ‘20.
1191 1076 1246 1103 Καὶ
1272 1076 1479 1110 καταλείψουσιν
1503 1075 1653 1110 ἀλλοτρίοις
1683 1075 1730 1102 τὸν
1764 1075 1875 1103 πλοῦτον

1090 1129 1191 1149 αυτων.

813 1191 1001 1220 ATHANASH
1023 1190 1317 1237 lNTERPltETATlO.

286 1275 313 1303 ‘5.
330 1274 442 1302 Terreni
457 1273 504 1300 ﬁlii
519 1273 672 1301 hominum.

1125 1271 1151 1297 3.
1173 1271 1204 1297 Οί
1218 1272 1305 1306 γήινοι
1326 1269 1376 1296 υἱοὶ
1389 1267 1443 1294 τῶν
1457 1267 1615 1303 ἀνθρώπων.

284 1319 311 1347 4.
330 1319 458 1346 Eamdem
473 1319 624 1347 doctrinam
637 1317 716 1345 vobis
731 1316 860 1345 omnibus
876 1316 1034 1352 propositu-

1124 1317 1151 1344 4.
1172 1316 1227 1352 Τὴν
1243 1316 1326 1352 αὐτὴν
1344 1314 1518 1342 διδασκαλίαν
1530 1314 1612 1341 πᾶσιν
1631 1314 1695 1349 ὑμῖν
1707 1312 1796 1348 μέλλω
1812 1320 1877 1348 προ-

250 1373 299 1393 rus
311 1372 384 1392 Sum.

1089 1363 1192 1390 τιθέναι
1203 1362 1226 1398 (1
1234 1362 1253 1396 ).

286 1410 313 1437 5.
328 1410 450 1445 Apostoli
466 1417 513 1444 per
528 1409 749 1444 praedicationem
768 1409 915 1443 loquentur
929 1407 1037 1443 sapien—

1125 1410 1152 1437 5.
1172 1409 1203 1436 οι
1225 1408 1368 1435 ἀπόστολοι
1392 1407 1437 1434 διὰ
1458 1406 1505 1433 τοῦ
1528 1406 1705 1442 κηρύγματος
1731 1405 1877 1441 λαλήσουσι

250 1455 315 1482 tiam
332 1455 401 1490 ejus,
415 1462 469 1482 non
486 1454 568 1488 hujus
583 1454 687 1482 saeculi.

1091 1454 1186 1490 σοφίαν
1199 1453 1292 1486 αὑτοῦ,
1306 1453 1380 1489 ίοὺκ]
1395 1452 1491 1483 αἰῶνος
1508 1451 1546 1486 (2)
1562 1451 1664 1478 τούτου.

285 1500 312 1528 6.
327 1500 361 1528 Et
382 1500 523 1528 meditatio
547 1500 717 1528 credentium
741 1500 769 1527 in
795 1508 836 1528 me
860 1498 1037 1535 intelligentia

1124 1500 1150 1527 6.
1171 1500 1226 1526 Καὶ
1239 1500 1255 1535 ὴ
1276 1500 1372 1535 μελέτη
1389 1499 1442 1525 τῶν
1456 1498 1638 1524 πιστευόντων
1657 1498 1696 1530 εἰς
1709 1497 1759 1533 ἐμὲ
1773 1498 1878 1529 σύνεσίς

249 1550 302 1574 est.

1089 1553 1173 1572 εστιν.

285 1591 312 1619 7.
329 1591 469 1619 Adducam
486 1591 513 1619 in
527 1590 683 1626 parabolam
697 1590 858 1626 mysterium
873 1597 975 1618 meum.

1052 1585 1073 1614 C
1124 1591 1151 1617 7.
1168 1589 1275 1624 Ἀγάγω
1288 1590 1327 1621 εἰς
1341 1589 1496 1626 παραϐολὴν
1512 1588 1541 1616 τὺ
1554 1588 1700 1624 μυστήριόν
1719 1597 1779 1623 μου.

284 1636 312 1664 8.
328 1636 484 1664 Describam
498 1637 524 1664 in
538 1637 667 1672 psalterio
679 1636 896 1671 propositionem
909 1643 1010 1663 meam.

981 1643 1010 1662 n.
1127 1637 1154 1664 8.
1169 1636 1330 1672 Ἀναγράψω
1344 1637 1371 1662 ἐν
1386 1635 1527 1672 ψαλτηρίῳ
1540 1635 1570 1662 τὸ
1583 1635 1737 1670 πρόὸλημα.

284 1682 313 1710 9.
329 1682 462 1718 Tempore
475 1683 611 1718 paSSionis
627 1690 704 1710 meae.

1127 1683 1155 1710 9.
1170 1683 1213 1708 Ἐν
1226 1683 1264 1717 τῷ
1281 1682 1369 1717 καιρῷ
1383 1681 1430 1708 τοὺ
1447 1681 1551 1713 πάθους
1569 1690 1630 1717 μου.

286 1728 331 1755 10.
347 1728 432 1757 Judas
452 1729 565 1756 ultimus
581 1728 779 1764 discipulorum
797 1735 921 1755 meorum
944 1727 1038 1754 insur-

1128 1728 1171 1755 10.
1187 1728 1285 1760 Ἰούδας
1297 1730 1310 1754 ὁ
1323 1728 1435 1763 ἔσχατος
1446 1728 1500 1754 τῶν
1522 1727 1649 1762 μαθητῶν
1668 1735 1720 1762 μου
1741 1727 1878 1753 ἐπισυστεῑ

250 1780 295 1812 get
307 1775 334 1802 in
349 1782 403 1803 me.
1092 1775 1131 1807 (3)
1147 1773 1345 1810 lémcuctﬁcrsz]
1362 1782 1417 1809 μοι.

286 1822 330 1849 11.
346 1820 488 1856 Principes
499 1820 668 1849 Judseorum.

1128 1820 1170 1847 11.
1191 1821 1222 1846 Οί
1236 1819 1363 1854 ἄρχοντες
1375 1820 1428 1846 τῶν
1446 1819 1591 1846 Ἰουδαίων.

285 1865 330 1893 12.
357 1865 460 1893 Scriba:
483 1870 511 1894 et
536 1865 666 1894 Pharisaei
695 1865 899 1902 Scripturarum
926 1865 1038 1893 scientia

1130 1867 1173 1893 12.
1194 1868 1225 1892 υί
1240 1868 1413 1902 γραμματεῖς
1430 1867 1476 1893 καὶ
1494 1867 1518 1892 oi
1539 1866 1680 1902 Φαρισαῖοι
1696 1866 1744 1892 ἐπὶ
1762 1867 1794 1902 τῇ
1810 1866 1877 1900 γνὼ-

250 1911 327 1938 elati.
1093 1920 1133 1938 σει
1150 1911 1188 1946 (1)
1201 1911 1256 1938 τῶν
1268 1911 1383 1947 Γραφῶν
1396 1905 1580 1946 ἐπαιρόμενοι.

286 1957 330 1984 13.
346 1955 405 1984 Νοη
431 1955 517 1984 frater
539 1961 632 1984 noster
650 1961 702 1990 est,
719 1958 765 1992 qui
778 1957 888 1984 redimit
908 1964 969 1989 nos,
986 1957 1039 1984 hoc

1130 1958 1172 1983 13.
1189 1957 1246 1983 Οὐκ
1263 1957 1376 1992 ἀδελφὸς
1391 1957 1470 1993 ἡμῶν
1483 1959 1556 1984 ἐστιν
1572 1959 1586 1984 ὁ
1600 1957 1784 1993 λυτρούμενος
1795 1958 1878 1992 ἡμᾶς.

250 2007 293 2030 est
304 2007 406 2029 nostrai
421 2007 525 2030 natura
540 2007 567 2029 et
575 2002 751 2036 conditionis,
764 2003 811 2031 sed
824 2002 895 2030 Deus
911 2011 959 2037 per
974 2010 1005 2037 gr

1124 2003 1230 2029 υτέστιν
1250 2003 1265 2028 ὁ
1285 2002 1335 2037 τῆς
1352 2003 1390 2038 (5)
1411 2004 1547 2039 ἡμετέρας
1567 2003 1686 2037 φύσεως,
1704 2003 1762 2030 ἀλλ’
1782 2004 1796 2029 ὁ
1815 2003 1878 2035 Θεὸς

251 2048 318 2075 tiam
330 2046 420 2075 factus
436 2048 516 2075 homo
528 2048 656 2075 liberabit
669 2056 731 2076 nos.

1093 2048 1162 2074 κατὰ
1175 2048 1253 2083 χάριν
1269 2048 1416 2084 γενόμενος
1431 2049 1573 2085 ἄνθρωπος
1584 2049 1753 2084 λυτρώσεται
1769 2050 1849 2084 ἡμᾶς.

286 2093 329 2121 11.
346 2093 381 2120 Ει
390 2101 444 2121 non
458 2088 534 2121 dabit
549 2094 669 2130 seipsum
686 2094 868 2130 placationem
882 2102 932 2129 pro
948 2094 1039 2121 anima

1130 2094 1174 2121 14.
1195 2094 1248 2120 Καὶ
1264 2095 1441 2127 οὺδξ,ἐαυτδν
1459 2095 1538 2122 δώσει
1561 2095 1695 2130 ὲξίλασμα
1711 2095 1760 2130 τὴν
1778 2095 1814 2130 (6)
1829 2095 1877 2130 ψυ-

251 2147 313 2172 sua,
329 2140 376 2168 sed
387 2147 438 2174 pro
451 2139 592 2168 omnibus.

1093 2141 1142 2177 χὴν
1157 2140 1249 2173 αὐτοῦ,
1270 2141 1337 2168 ἀλλὰ
1350 2142 1393 2169 διὰ
1406 2142 1519 2173 πάντας.

287 2185 331 2213 15.
343 2185 436 2221 Neque
453 2186 570 2221 pretium
589 2187 701 2223 aliquod
716 2187 804 2220 dabit,
817 2191 848 2214 ut
868 2187 964 2215 liberet
979 2186 1040 2214 ani-

1131 2187 1174 2214 15.
1194 2187 1260 2214 Ούδὲ
1284 2188 1366 2223 τιμήν
1388 2197 1447 2215 τινα
1469 2187 1558 2221 δώσει,
1582 2187 1624 2214 ἵνα
1646 2186 1817 2223 λυτρώσηται
1832 2188 1878 2223 τὴν

253 2239 325 2259 mam
338 2240 427 2259 suam.

1058 2266 1076 2269 _
1093 2233 1181 2269 ψυχὴν
1193 2233 1284 2260 αὐτοῦ.

290 2277 332 2305 16.
343 2277 376 2305 Et
389 2286 486 2312 passus
494 2283 536 2306 est
550 2278 577 2305 in
592 2278 705 2310 mundo,
718 2278 764 2306 sed
778 2277 844 2305 vivit
859 2277 885 2304 in
899 2282 1041 2305 aeternum.

1194 2278 1249 2306 Καὶ
1264 2278 1383 2306 πέπονθε
1398 2279 1438 2314 τῷ
1457 2279 1496 2315 (7)
1513 2279 1616 2315 κόσμῳ,
1632 2280 1701 2307 ἀλλὰ
1717 2279 1750 2316 ζῇ
1768 2280 1877 2307 ἀτελευ-

1094 2325 1194 2361 τήτως.

290 2365 332 2393 17.
349 2364 399 2393 Hic
414 2366 522 2400 quidem
544 2373 598 2393 non
615 2366 691 2393 novit
712 2367 916 2401 corruptionem
930 2376 938 2400 ;
954 2374 1043 2403 neque

1131 2371 1175 2399 17.
1194 2367 1277 2402 Οὗτος
1294 2370 1343 2406 μὲν
1361 2371 1410 2398 οὐκ
1426 2368 1480 2398 εἶδε
1494 2371 1657 2408 διαφθοράν·
1672 2373 1702 2398 οὐ
1721 2371 1776 2408 γὰρ
1789 2370 1823 2408 ἦν
1837 2373 1877 2398 δυ-

253 2411 328 2438 cnim
342 2411 474 2446 possibile
488 2415 558 2444 erat,
574 2415 605 2438 ut
625 2411 684 2446 ipse
698 2412 873 2446 corruptione
894 2417 1009 2440 teneretu

947 2417 1041 2440 iretur.
1082 2410 1172 2443 ¹νατὺν
1186 2417 1345 2452 κρατεῖσθαι
1360 2417 1441 2444 αὐτὸν
1457 2417 1510 2444 ὑπὸ
1524 2417 1573 2452 τῆς
1591 2417 1703 2453 φθορᾶς.

288 2457 331 2484 18.
344 2455 446 2484 Omnes
459 2462 549 2484 autem
562 2457 698 2492 sapientes
714 2457 796 2493 hujus
809 2459 900 2486 szeculi
915 2460 973 2494 ipse
984 2467 1043 2488 mo-

1131 2462 1173 2490 18.
1188 2463 1298 2493 -Πάντας
1311 2463 1339 2489 se
1357 2463 1420 2495 τοὺς
1434 2463 1531 2497 σοφοὺς
1548 2463 1594 2490 τοῦ
1610 2463 1707 2494 αίῶνος
1722 2463 1815 2490 τούτου
1834 2463 1877 2488 α)-

253 2502 354 2530 rientes
367 2502 479 2530 videbit.
946 2533 951 2538 ,
1094 2508 1140 2540 τὸς
1156 2508 1251 2543 ὄψεται
1266 2508 1494 2544 ἀποθνήσκοντας.

289 2548 333 2575 19.
351 2547 437 2575 Simul
447 2555 544 2576 omnes
555 2549 684 2584 peribunt
700 2557 755 2577 non
772 2551 933 2579 conﬁtentes
951 2553 1041 2588 ipsum

1131 2554 1174 2582 19.
1195 2555 1379 2590 Ὀμοθυμαδδν
1391 2555 1491 2588 πάντες
1501 2555 1662 2582 ἀπολοῦνται
1675 2555 1700 2582 οἱ
1713 2555 1750 2590 μὴ
1761 2554 1877 2588 λέγοντες

253 2599 314 2619 esse
329 2591 427 2619 Deum.

1096 2600 1177 2628 αὑτὸν
1192 2599 1261 2628 εἶναι
1276 2601 1352 2627 Θεόν.

288 2637 333 2665 30'
348 2637 523 2668 οπωοηίδυε
537 2640 643 2669 πίσιδὸ
655 2647 720 2668 suas
735 2641 854 2668 ιΓἎάεηῑ-
1132 2647 1177 2674 20.
1193 2647 1256 2679 Τοῖς
1270 2647 1379 2683 δαίμοσι
1390 2647 1439 2679 τὰς
1453 2647 1540 2683 ψυχὰς
1556 2647 1646 2674 αὐτῶν
1658 2646 1878 2682 ὲμπιστεύσουσι.

730 2697 881 2729 Addenda
898 2703 929 2730 et
944 2699 1136 2740 corrigenda
1151 2712 1192 2734 ex
1208 2703 1279 2736 cod.
1301 2705 1402 2736 Vatic.

288 2744 327 2813 $1)
347 2743 429 2779 Λέγει
444 2746 560 2787 πᾶσιντ.
578 2746 764 2789 προτίθεσθαι.
1127 2751 1171 2787 Δ(Ξὶ)
1186 2752 1224 2779 Οὐ
1238 2754 1298 2788 τῆς.

300 2780 328 2813 2)
348 2780 447 2813 Σοφίαν
457 2783 487 2808 οὐ
502 2791 548 2808 του
565 2784 673 2813 αἰωνος.
1133 2788 1170 2813 (ﬁl
1185 2789 1240 2813 Kal.
1257 2789 1287 2813 οὐ

340 2780 487 2826 ei)
502 2782 548 2808 τοῦ
565 2780 673 2814 αἰῶνος.
1185 2789 1240 2826 Καὶ
1257 2780 1287 2826 olli
1301 2789 1338 2816 δι’
1350 2790 1444 2818 ἑαυτὸν
1455 2789 1534 2818 δώσει
1546 2789 1679 2825 ὲξίλασμα
1691 2790 1752 2826 τήν,
1767 2793 1819 2817 etc.

289 2815 485 2859 ίξίἘπισυστῇ
499 2826 568 2859 μοι.
595 2853 608 2859 -
696 2854 703 2859 .
750 2858 753 2859 ,
808 2853 847 2859 ..
885 2853 891 2859 .
969 2854 982 2859 -

696 2853 891 2859 .,
969 2854 982 2859 -
1135 2815 1301 2859 '(7')‘Ev-Cu-

290 2850 330 2885 (4)
349 2850 524 2886 Γραμματεῗς
539 2853 639 2887 αὐτῶν,
657 2854 715 2888 καί,
730 2858 794 2888 etc.,
807 2853 853 2881 ἐπὶ
867 2853 916 2888 τὴν
930 2854 1043 2888 γνῶσιν.
