1916 3052
66 117 120 146 841
526 121 572 149 DE
592 122 729 152 TITULIS
747 123 1117 160 PSALMORUMT—PSAL.
1134 125 1255 161 XLVIII:
1641 136 1694 164 8‘2

104 175 151 203 21.
165 176 219 203 Καὶ
229 177 252 203 οἱ
263 177 342 212 τάφοι
356 178 444 206 αὐτῶν
454 180 537 207 οἰκίαι
551 181 638 208 αὐτῶν
652 184 692 214 εἰς
700 184 744 210 τὸν
755 185 851 212 αἰῶναι

940 187 985 215 2|.
1001 188 1032 215 Et
1048 190 1170 225 sepulcra
1190 198 1284 218 eorum
1310 194 1408 219 domus
1434 191 1542 219 illorum
1566 192 1594 219 in
1612 196 1692 219 aeter-

907 240 972 260 num
990 243 997 260 2

101 263 148 291 22.
165 264 336 300 Σκηνώματα
352 267 440 293 αὐτῶν
456 268 495 300 εἰς
512 270 607 303 γενεὰν
620 271 669 297 καὶ
685 272 782 306 γενεάν
793 282 799 288 ·

940 280 986 307 22.
1001 280 1186 308 Tabernacula
1208 288 1302 309 eorum
1325 282 1352 309 in
1369 282 1526 317 progeniem
1545 288 1573 310 et
1594 285 1687 318 proge-

906 333 978 353 mem
996 336 1002 353 ἶ

101 356 150 384 9.5.
176 356 391 384 Ἐπεκαλέσαντο
413 357 447 384 τὰ
471 358 591 394 ὀνόματα
614 360 704 388 αὐτῶν
728 362 774 388 ἐπὶ
801 364 854 389 τῶν

826 365 854 389 ὒν
941 371 987 399 25.
1007 371 1177 400 Vocaverunl;
1188 372 1299 400 nomina
1312 380 1360 400 sua
1375 373 1403 400 in
1417 374 1499 401 terris
1513 373 1582 401 suis.

66 402 154 436 γαιῶν
167 402 266 429 αὐτῶν.

105 447 149 474 24.
165 449 220 475 Καὶ
233 449 383 483 ἄνθρωπος,
401 451 429 477 ἐν
444 452 510 486 τιμῇ
525 451 572 484 ὣν,
587 453 618 479 οὺ
633 453 745 480 συνῖικε·

939 457 984 484 24.
1002 457 1035 484 Ει
1057 458 1140 485 homo
1159 467 1222 486 cum
1243 460 1271 487 in
1290 460 1393 488 honore
1409 465 1493 495 esset,
1509 467 1564 489 non
1583 459 1688 487 intelle-

904 502 942 529 xit
955 525 961 530 .

101 533 147 561 25.
163 535 394 572 Παρασυνεεῖλήοη
416 539 472 569 τοῖς
495 539 606 574 κτήνεσι
629 540 686 571 τοῖς
711 540 851 578 ἀνοήτοις,

937 549 983 575 25.
999 548 1178 584 Comparatus
1193 554 1235 578 est
1246 550 1376 585 jumcntis
1393 551 1595 587 insipientibus,
1610 557 1637 580 et
1647 553 1687 582 si—

62 578 111 605 καὶ
124 579 253 615 ὡμοιώθη
269 581 371 614 αὐτοῖς.

903 594 975 622 milis
989 578 1078 623 factus
1089 599 1132 623 est
1147 596 1210 624 illis.

59 627 76 660 ε
99 624 146 651 2G.
163 626 236 661 Αῦτη
253 628 269 662 ἡ
285 627 343 659 ὁδὸς
357 629 444 655 αὐτῶν
459 629 606 658 σκάνδαλον
619 632 709 664 αὐτοῖς
719 641 727 648 ‘

936 640 980 667 96.
997 639 1060 668 Haec
1073 641 1117 669 via
1129 640 1238 669 illorum
1255 642 1415 670 scandalum
1431 643 1497 677 ipsis
1511 651 1520 670 ξ

59 671 70 701 ζ
99 670 146 697 27.
162 672 216 698 Kal.
232 673 300 707 μετὰ
311 673 396 700 ταῦτα
410 676 438 701 ἐν
450 675 487 710 τῷ
504 676 617 712 στόματι
635 679 724 706 αὐτῶν
739 680 815 707 εὐδοκ

771 680 851 716 δοκή-
935 684 981 712 27.
996 685 1028 712 Et
1041 691 1135 721 postea
1148 687 1175 714 in
1187 694 1234 714 ore
1245 694 1295 714 suo
1310 670 1525 722 complacebunt.

60 724 165 743 σουσιν.

346 765 503 813 Auni-culpa
521 767 568 804 (α).
1209 776 1375 813 υἴαρεαιηια.

95 808 142 836 28.
166 809 210 841 Ὠς
226 810 349 846 πρόϐατα
362 812 391 839 ἐν
404 812 454 847 ᾆδη
469 813 577 841 ἔθεντοο

864 859 881 861 _
933 821 977 850 28.
994 822 1070 851 Sicut
1085 831 1148 852 oves
1164 825 1191 852 in
1207 824 1314 853 inferno
1325 827 1405 861 positi
1421 832 1504 856 sunt:

94 855 141 882 29.
156 855 276 888 Θάνατος
293 860 421 892 ποιμανεῖ
435 859 543 892 αὐτούς.

520 869 543 892 ς·
864 859 885 886 Β
933 867 979 895 29.
992 868 1065 896 Mors
1078 870 1205 904 dcpascct
1219 877 1276 898 eos.

95 901 141 928 50.
156 902 210 928 Καὶ
221 905 481 939 κατακυριεύσουσιν
491 906 581 933 αὐτῶν
592 907 615 934 οἱ
626 907 714 940 εὐθεῖς
724 909 753 936 τὸ
765 911 846 945 πρωΐ.

934 913 978 940 50.
997 913 1031 942 Et
1045 901 1268 950 [dominabuntur
1283 925 1377 944 eorum
1393 917 1459 953 justi
1478 919 1505 946 in
1527 921 1669 950 matutino.

94 947 139 974 31.
156 948 235 984 Καὶὴ
246 949 357 985 βοήθεια
371 950 460 978 αὐτῶν
471 952 692 989 παλαιωθήσεται
702 956 730 982 ὲν
740 955 778 991 τῷ
785 954 845 994 ᾅδῃ,

931 959 975 986 51.
992 959 1025 987 Et
1040 958 1173 988 auxilium
1185 969 1280 989 corum
1296 968 1444 992 veterascet
1455 965 1482 991 in
1495 965 1612 999 inferno,

94 993 139 1020 '52.
161 994 209 1021 Ἐκ
227 995 276 1030 τῆς
289 996 367 1033 δόξης
381 996 470 1024 αὐτῶν
483 998 650 1035 ἐξώσθησαν.
823 993 826 994 ν

823 993 826 994 ν
931 1005 976 1032 52.
990 1005 1011 1032 A
1031 1006 1115 1042 gloria
1131 1015 1226 1035 eorum
1241 1009 1346 1044 expulsi
1363 1014 1436 1037 sunt.
1491 1005 1494 1009 ’

94 1039 139 1066 55.
155 1040 229 1076 Πλὴν
248 1042 263 1068 ὁ
279 1041 345 1074 Θεὸς
367 1042 534 1078 λυτρώσεται
551 1045 600 1081 τὴν
623 1045 713 1082 ψυχήν
737 1056 788 1083 μου
814 1049 845 1075 ἐκ

930 1039 1184 1090 δὸηνειῖιιηιιοιῃεη
1201 1039 1398 1083 Deusredimet
1413 1056 1531 1084 animam
1546 1065 1634 1086 meam
1648 1058 1682 1087 de

58 1085 149 1121 χειρὸς
163 1086 236 1122 ᾅδου,

898 1085 986 1123 πῖοηιί
993 1096 1084 1130 inferi,

93 1132 139 1159 54.
159 1133 242 1160 Ὅταν
256 1134 384 1179 λαμϐάνῃ
402 1145 446 1172 με.

934 1141 979 1168 34.
995 1140 1063 1170 Cum
1080 1144 1215 1179 acceperit
1229 1152 1280 1172 me.

93 1179 138 1206 35.
154 1179 200 1215 Μὴ
215 1176 308 1215 φοϐοῦ,
322 1179 385 1208 ὅταν
398 1179 537 1219 ’τέλουτήσῃ
550 1180 702 1220 ἄνθρωπος,

932 1185 976 1214 55.
990 1186 1030 1215 Ne
1045 1176 1170 1218 timueris
1196 1198 1259 1218 cum
1277 1191 1354 1219 dives
1376 1191 1465 1220 factus
1485 1193 1568 1221 fuerit
1585 1193 1680 1227 homo,

90 1224 135 1252 56.
151 1226 186 1252 ‘H
200 1226 263 1254 ὅταν
277 1227 415 1264 πληθυνθῇ
431 1230 448 1264 ἡ
462 1229 525 1263 δόξα
538 1231 585 1258 τοῦ
602 1232 677 1258 οῐκου
695 1231 789 1260 αὑτοῦ.

931 1230 976 1258 56.
991 1231 1046 1260 Aut
1070 1241 1132 1262 cum
1156 1235 1336 1270 multiplicata
1361 1235 1445 1264 fuerit
1469 1237 1554 1272 gloria
1583 1224 1681 1265 domus

895 1282 967 1310 ejus.

90 1326 130 1363 (α)
146 1326 186 1355 Ita
200 1328 261 1355 cod.
277 1327 361 1356 Vatic.

616 1407 799 1436 ATHANASII
819 1406 1113 1438 INTERPRETATIO.

91 1485 135 1512 21.
151 1485 204 1511 Καὶ
220 1485 248 1511 ἐν
259 1485 319 1517 ταῖς
332 1485 479 1521 ἁμαρτίαις
493 1487 583 1513 αὐτῶν
596 1486 802 1514 ἀποθανοῦνται.

692 1486 802 1514 λοῦνται.
855 1489 877 1518 c
928 1487 972 1514 2i.
991 1487 1023 1514 Et
1039 1487 1066 1514 in
1086 1488 1203 1523 peccatis
1218 1488 1275 1517 suis
1289 1489 1448 1517 morientur.

89 1530 134 1556 2‘2.
155 1530 187 1556 Ἠ
203 1529 336 1565 νέκρωσις
356 1530 443 1557 αὐτῶν
457 1532 497 1562 εἰς
514 1531 559 1557 τὸν
572 1531 657 1558 αἰῶνα
669 1531 715 1557 τοῦ
731 1532 838 1563 αἰῶνος.

780 1541 838 1563 ινος.
929 1531 974 1559 22.
991 1532 1120 1561 Interitus
1132 1542 1225 1561 eorum
1243 1534 1272 1562 in
1289 1536 1418 1563 sacculum
1435 1535 1536 1564 saeculi.

89 1576 133 1604 25.
149 1577 380 1613 Περιεποιήσαντο
393 1578 441 1610 τὰς
455 1579 552 1613 γηῖνας
565 1579 662 1614 ἡδονὰς
675 1580 759 1615 αὐτῆς
771 1579 819 1615 (Ι).

928 1577 971 1604 25.
990 1579 1224 1614 Comparaverunt
1241 1580 1293 1608 sibi
1306 1585 1429 1608 terrenas
1443 1582 1607 1617 voluptates.

89 1623 133 1650 Si.
149 1623 204 1650 Καὶ
220 1624 270 1650 οὐκ
287 1623 455 1658 ἐπέγνωσαν,
467 1625 508 1651 ὅτι
527 1626 587 1652 κατ’
602 1625 694 1652 εἰκόνα
711 1625 778 1652 Θεοῦ
795 1634 840 1660 γε-

928 1623 974 1651 24.
996 1624 1028 1651 Et
1054 1633 1110 1652 non
1135 1631 1337 1660 cognoverunt,
1364 1627 1437 1662 quod
1457 1628 1606 1656 secundum
1629 1627 1676 1657 Dei

55 1669 180 1704 γένηνται
185 1690 191 1696 .

892 1669 1037 1705 imaginem
1050 1669 1115 1698 facti
1130 1675 1202 1698 sunt.

89 1714 132 1743 25.
153 1716 222 1742 Ἀλλ’
239 1716 276 1748 ὡς
290 1716 366 1743 ἵπποι
380 1716 542 1753 θηλυμανεῖς
554 1718 704 1754 εὑρέθησαν
719 1718 767 1748 (2i.

924 1715 969 1742 25.
987 1713 1039 1742 Sed
1055 1714 1137 1743 veluti
1160 1717 1222 1751 equi
1248 1716 1276 1743 in
1301 1716 1426 1752 feminas;
1441 1718 1608 1746 insanientes
1632 1719 1675 1746 in-

890 1761 963 1788 venti
976 1765 1040 1788 sunt

88 1803 132 1830 26.
154 1804 187 1830 Ἦ
209 1805 298 1840 τρυφὴ
319 1805 366 1832 καὶ
385 1806 476 1841 ἀπάτη
492 1807 537 1834 τοῦ
559 1807 618 1842 βίου
633 1809 730 1835 τούτου
754 1810 838 1843 παγὶς

925 1807 969 1834 26.
988 1807 1095 1835 Deliciae
1109 1812 1135 1835 et
1150 1807 1285 1836 illecebrae
1300 1809 1382 1844 hujus
1392 1809 1453 1837 vitae
1469 1810 1584 1846 laqueus
1595 1811 1672 1846 ipsis.

53 1849 152 1881 αὐτοῖς.

86 1895 130 1922 27.
146 1896 201 1922 Καὶ
213 1896 283 1931 μετὰ
295 1896 381 1924 ταῦτα
390 1898 441 1933 τὴν
454 1898 596 1934 σπατάλην
606 1900 653 1926 τοῦ
669 1900 726 1927 ϐίου
741 1901 835 1928 τούτου

923 1893 967 1920 27.
980 1894 1013 1921 Et
1028 1898 1089 1929 post
1102 1895 1264 1922 liazcluxum
1279 1895 1360 1930 hujus
1372 1896 1464 1924 smculi
1478 1897 1618 1924 amabunt.

52 1941 194 1975 ἑρᾰσουσιν
211 1941 260 1976 (5).

85 1985 130 2013 28.
152 1986 196 2018 Ὠς
218 1986 303 2021 ἄλογα
327 1987 384 2019 ζῶα
408 1989 442 2023 τῇ
469 1987 549 2023 ἠδονῆ
572 1988 620 2015 τοῦ
643 1989 700 2024 βίου
723 1990 808 2016 ἐαυτοὲ

923 1981 967 2009 28.
981 1981 1017 2009 Ut
1030 1982 1109 2009 bruta
1126 1983 1254 2011 animalia
1268 1963 1453 2020 voluptatibus
1471 1986 1533 2014 vita
1548 1993 1578 2014 se
1597 1986 1672 2022 ἰρεοί

50 2031 221 2067 παρέδωκαν.

887 2027 1070 2056 tradiderunt.

84 2077 129 2104 29.
143 2077 262 2109 Θάνατος
276 2078 365 2105 αὐτῶν
381 2078 530 2114 κυριεύσει.

922 2074 967 2101 29.
984 2073 1056 2102 Mors
1069 2074 1110 2102 eis
1124 2074 1319 2103 dominabitur.

83 2122 127 2150 50.
143 2124 174 2149 υἱ
189 2123 259 2158 ἆγιοι
275 2124 321 2150 τοῦ
332 2123 401 2150 θεοῦ
414 2124 552 2160 κρινοῦσιν
568 2125 665 2156 αὐτοὺς
681 2125 710 2152 ὲν
724 2127 757 2160 τῇ
770 2125 833 2152 ἁνα-

921 2118 966 2145 50.
983 2118 1074 2147 Sancti
1096 2119 1144 2147 Dei
1169 2119 1331 2156 judicabant
1347 2128 1395 2148 eos
1413 2121 1440 2148 in
1459 2123 1669 2152 resurrectione.

51 2169 153 2195 στάσει.
845 2167 871 2197 D

83 2214 128 2241 5i.
143 2215 198 2241 Καὶ
212 2216 228 2251 ἡ
247 2215 328 2250 σοφία
343 2215 390 2243 καὶ
407 2216 421 2242 ὁ
442 2215 556 2248 πλοῦτος
571 2217 660 2242 αὐτῶν
677 2217 724 2244 σὺν
741 2218 834 2251 αὐτοῖς

917 2218 962 2246 5L
977 2218 1010 2246 Et
1023 2219 1167 2255 sapientia,
1179 2226 1206 2249 et
1219 2221 1320 2249 divitiae
1333 2229 1426 2249 eorum
1440 2229 1503 2250 cum
1513 2222 1580 2258 ipsis
1591 2230 1670 2253 erunt

48 2263 88 2289 εἴη
103 2263 142 2294 εἰς
157 2262 304 2289 ἀπώλειαν.

883 2265 911 2292 in
925 2265 1116 2300 perditionem.

81 2307 126 2335 52.
140 2308 196 2335 Καὶ
209 2308 257 2344 τῆς
273 2308 416 2340 υἰοθεσῖας,
445 2304 480 2345 ἧς
499 2307 571 2344 εἴχον
586 2310 616 2335 τὺ
631 2310 771 2345 πρότερον,
788 2310 832 2342 ἐξ-

918 2309 962 2336 52.
980 2309 1013 2337 Et
1033 2311 1068 2338 ab
1086 2311 1242 2347 adoptione,
1256 2319 1339 2347 quam
1360 2317 1438 2340 antea
1461 2313 1606 2349 habebant,
1620 2323 1669 2344 ex—

47 2354 159 2380 ἔπεσαν.

883 2355 1017 2383 cidcrunt.

83 2402 126 2429 55.
141 2401 236 2436 Ὅμως
254 2401 268 2428 ὁ
284 2400 350 2432 Θεὸς
367 2399 536 2436 λυτρώσεται
550 2399 599 2437 τὴν
620 2400 708 2436 ψυχήν
730 2410 779 2436 μου
796 2402 829 2427 ὲκ

917 2401 961 2427 55.
979 2400 1169 2430 Verumtamen
1185 2402 1257 2430 Deus
1273 2403 1398 2430 liberabit
1412 2404 1529 2432 animam
1547 2413 1635 2435 meam
1653 2415 1668 2434 (ι

46 2449 94 2483 τῆς
108 2447 244 2482 ἁμαρτῑας
257 2445 304 2473 τοῦ
318 2446 443 2473 θανάτου.

355 2447 443 2473 νάτου.
882 2450 994 2480 peccato
1006 2447 1111 2475 mortis.

83 2494 125 2521 Ἃ.
145 2493 230 2520 Ὅταν
242 2493 423 2529 περιποιεῖταί
443 2502 487 2528 με.

917 2493 962 2520 54.
978 2492 1045 2520 Cum
1061 2495 1215 2528 possederit
1226 2504 1278 2523 me.

81 2539 125 2565 55.
143 2538 189 2574 Μὴ
203 2538 296 2572 φοϐοῦ,
311 2539 373 2564 ὅταν
388 2538 497 2573 εὐθηνεῖ
512 2538 664 2574 ἄνθρωπος.

918 2537 962 2565 55.
981 2537 1020 2565 Ne
1040 2539 1145 2572 timeas,
1160 2547 1222 2567 cum
1238 2545 1414 2576 prosperatur
1429 2540 1520 2568 homo.

79 2584 123 2610 36.
140 2584 175 2610 Ἤ
189 2584 252 2610 ὅταν
266 2583 401 2618 ἀξιώμασι
417 2583 464 2610 καὶ
479 2584 570 2618 τιμαῖς
594 2583 733 2618 μεγίσταις
754 2592 828 2619 περι-

916 2583 960 2611 56.
978 2583 1012 2611 Et
1027 2592 1089 2612 cum
1105 2585 1202 2613 domus
1219 2586 1278 2621 ejus
1292 2586 1469 2622 dignitatibus
1489 2590 1516 2614 et
1539 2585 1664 2614 maximi:

43 2629 172 2664 ϐέϐληται
188 2630 202 2656 ὁ
215 2627 288 2660 οἶκος
301 2628 394 2656 αὑτοῦ.
581 2660 584 2663 ,

581 2660 584 2663 .
880 2628 1033 2656 honoribus
1045 2630 1213 2658 circumdata
1225 2636 1275 2659 cst.

519 2715 672 2747 Addenda
695 2718 726 2747 et
741 2715 929 2755 corrigenda
945 2725 983 2747 ex
999 2717 1069 2748 cod.
1087 2718 1186 2750 Vatic.

110 2801 118 2830 ὶ
141 2800 270 2831 Ἐαυτοῖς.
918 2798 955 2835 (5)
974 2799 1013 2834 Ἐίγ
1020 2808 1115 2830 ωνται,

113 2839 120 2855 \
135 2835 306 2870 Εὑρέθησαν.
1449 2869 1451 2873 ,

161 2884 297 2914 ΡΑτιοι.
319 2882 379 2912 Gn.
402 2880 535 2914 XXVII.

1477 2877 1513 2908 27
