1916 3052
75 141 136 169 845

115 198 146 225 8.
161 199 377 235 Προσκαλέσεται
393 204 436 230 τὸν
457 205 568 240 οὐρανὸν
591 209 646 236 ἅνω
663 213 709 238 καὶ
727 213 776 249 τὴν
800 215 835 250 γῆ

114 243 145 271 9.
162 245 215 271 Τοῦ
228 245 362 282 διακρῖναι
378 249 422 275 τὸν
436 250 499 278 λαὸν
513 253 604 281 αὐτοῦ.

114 289 161 317 10.
179 290 348 326 Συναγάγετε
362 294 435 330 αὐτῷ
451 298 514 328 τοὺς
526 299 615 331 ὁσίους
631 302 723 335 αὑτοῦ,

114 335 160 362 11.
178 337 247 369 Τοὺς
267 338 468 375 διατιθεμένους
489 343 536 378 τὴν
557 345 688 383 διαθήκην
713 349 795 378 αὑτοῦ
816 351 864 380 ἐπὶ

72 381 107 408 ου
112 381 196 414 σίαις.

111 427 158 454 12.
174 428 228 455 Καὶ
251 429 446 465 ἀναγγελοῦσιν
463 435 488 461 οἱ
503 436 612 471 οὐρανοὶ
625 439 674 474 τὴν
689 440 861 480 δικαιοσύνην

69 471 158 498 αὑτοῦ
167 481 175 488 ·

108 518 154 544 15.
169 519 229 546 ὀτι
244 520 258 546 ὀ
275 521 341 553 Θεὸς
357 525 454 559 κριτής
466 525 550 553 ἐστιν.

108 563 155 592 14.
171 566 312 600 Ἄκουσον,
330 568 393 601 λαός
407 579 469 605 μου,
485 573 530 598 καὶ
543 573 650 610 λαλήσω
666 585 717 608 σοι,
738 577 856 615 Ἰσραὴλ,

109 609 155 637 15.
171 611 225 638 Καὶ
235 612 454 650 διαμαρτύρομαι
471 626 526 644 σοι·

107 655 154 682 16.
172 657 200 683 ’0
214 658 280 690 Θεὸς
292 661 306 686 ὁ
318 660 383 692 Θεός
401 662 447 688 σού
460 664 517 699 εἰμι
530 664 594 699 ἐγὼ.

105 700 151 726 17.
170 702 226 728 Οὐκ
240 704 285 730 ἐπὶ
299 706 358 736 ταῖς
370 705 475 739 θυσίαις
489 716 534 735 σου
548 710 649 744 ἐλέγξω
664 720 693 738 σε
704 720 710 726 ·

104 746 150 773 18.
167 747 207 774 Τὰ
229 749 258 775 δὲ
283 751 496 789 ὀλοκαυτώματά
517 764 562 782 σου
584 757 699 785 ἐνώπιόν
720 759 770 795 μού
796 761 854 789 ἐστι

64 791 223 825 διαπαντός.

101 839 145 866 19.
161 840 197 865 Οὐ
211 840 321 876 δέξομαι
333 843 365 869 ἐκ
380 843 426 870 τοῦ
441 845 514 871 οἴκου
529 855 575 872 σου
589 848 718 884 μόσχους,

103 884 147 911 20.
165 886 232 912 Οὐδὲ
247 888 279 913 ἐκ
294 888 347 915 τῶν
361 890 491 925 ποιμνίων
507 900 553 918 σου
567 895 709 930 χιμάρους.

100 932 145 958 2!.
160 933 220 960 ’Ότι
235 935 290 970 ἐ.μά
305 937 364 963 ἐστι
379 938 468 964 πάντα
484 939 518 965 τὰ
531 939 614 974 Θηρία
625 941 672 968 τοῦ
686 943 783 978 ἀγροῦ,

97 978 144 1006 22.
162 980 254 1015 Κτήνη
267 982 364 1014 ἐντοῖς
376 983 449 1019 ὖρεσι
466 985 514 1010 καὶ
531 985 602 1020 βόες.

99 1024 144 1051 25.
161 1026 287 1060 Ἔγνωκα
298 1029 387 1055 πάντα
397 1029 431 1055 τὰ
446 1030 554 1057 πετεινὰ
566 1032 612 1058 τοῦ
625 1033 740 1069 οὐρανοῦ
753 1042 759 1051 ·

99 1070 144 1097 24.
160 1072 214 1098 Καὶ
229 1072 365 1109 ὠραιότης
379 1075 464 1110 ἀγροῦ
479 1077 536 1111 μετ’
551 1077 616 1112 ἐ.μοῦ
628 1079 713 1107 ἐστιν.

94 1114 140 1141 25.
160 1116 222 1143 Ἐὰν
237 1118 368 1151 πεινάσω,
382 1119 411 1146 οὐ
429 1121 466 1157 μή
480 1130 520 1148 σοι
534 1123 618 1149 εἴπω¹

95 1161 139 1187 26.
160 1162 227 1198 Ἐμὴ
244 1164 298 1199 γάρ
316 1166 390 1192 ἐστιν
406 1167 421 1202 ἡ
443 1168 588 1204 οἰκουμένη
605 1171 694 1198 καὶτὸ
709 1173 846 1210 πλήρωμα

60 1216 157 1243 αυτης.

529 149 571 177 DE
587 150 724 182 TlTULlS
745 154 970 189 PSALMORUM.
990 178 1023 183 —
1038 163 1138 194 PSAL.
1160 164 1252 197 XLIX.

1651 178 1703 206 8w

838 225 862 246 ν,
879 220 902 249 Α
950 219 976 246 8.
993 220 1141 251 Advocabit
1157 227 1256 254 caelum
1274 236 1383 258 sursum
1398 237 1424 260 et
1437 237 1548 270 terram,

951 265 976 291 9.
996 265 1029 293 Ut
1045 268 1181 297 discernat
1194 274 1322 307 populum
1338 284 1430 306 suum.

950 311 992 338 l0.
1009 312 1181 351 Congregate
1193 318 1231 346 illi
1246 325 1358 349 sanctos
1373 323 1444 358 ejus,

949 356 991 384 11.
1009 357 1060 390 Qui
1073 361 1200 390 ordinant
1217 356 1407 396 testamentum
1425 370 1485 405 ejus
1505 380 1588 409 super
1610 379 1696 406 sacri~

911 401 984 429 ﬁcia.

947 447 989 474 12.
1005 447 1038 476 Ει
1053 452 1251 483 annuntiabnnt
1264 457 1324 484 coeli
1337 457 1473 493 justitiam
1490 462 1551 497 ejus
1565 473 1572 492 :

944 534 987 562 1⁵5.
1003 536 1136 569 Quoniam
1151 539 1224 569 Deus
1236 543 1320 577 judex
1335 551 1388 573 est.

945 580 987 608 M.
1003 581 1083 616 Audi,
1099 586 1216 620 populus
1229 596 1317 621 meus,
1334 596 1360 619 et
1377 593 1474 628 quuar
1489 597 1546 632 tibi,
1563 599 1658 635 Israel,

943 626 986 654 15.
1001 627 1035 655 Ει
1049 631 1212 660 testiﬁcabor
1228 634 1276 662 tibi
1292 645 1299 662 :

941 673 985 700 16.
1001 673 1073 703 Dcus
1090 676 1160 706 Deus
1176 683 1239 708 tuus
1255 689 1306 716 ego
1322 691 1393 713 sum.

941 718 983 746 17.
1000 719 1060 748 Non
1074 721 1102 749 in
1118 725 1260 754 sacriﬁciis
1274 729 1328 756 tuis
1343 738 1454 764 arguam
1471 738 1497 762 te
1515 744 1521 762 :

940 764 982 791 18.
999 764 1163 797 Holocausta
1175 776 1264 800 autem
1277 778 1323 802 tua
1336 776 1362 803 in
1377 785 1522 814 conspectu
1542 791 1603 813 meo
1621 793 1685 816 sunt

903 815 1020 843 semper.

939 855 982 882 19.
998 856 1057 884 Non
1069 860 1202 895 aecipiam
1218 863 1252 890 de
1265 864 1346 893 domo
1362 873 1408 896 tua
1424 871 1530 905 vitulos,

937 900 982 929 20.
998 902 1089 940 Neque
1101 907 1134 934 de
1148 909 1273 943 gregibus
1288 913 1341 940 tuis
1353 914 1454 945 hircos.

938 947 983 975 2i.
1001 949 1133 982 Quoniam
1149 962 1215 983 mea:
1230 962 1294 985 sunt
1310 966 1404 990 omnes
1419 963 1483 992 ferae
1496 966 1637 1002 silvarum,

938 991 973 1002 an
1003 994 1010 1002 1
1101 1001 1104 1002 ν
1142 998 1147 1002 ¹

937 991 983 1019 22.
998 994 1123 1024 Jumenta
1141 998 1167 1025 in
1184 1002 1333 1036 montibus,
1348 1012 1374 1033 et
1386 1007 1478 1036 boves.

936 1037 980 1065 23.
994 1039 1115 1075 Cognovi
1130 1046 1221 1073 omnia
1239 1049 1358 1078 volatilia
1377 1054 1437 1081 coeli
1456 1065 1463 1082 :

935 1082 980 1110 24.
999 1085 1032 1113 Et
1047 1081 1221 1122 pulchritudo
1239 1095 1296 1129 agri
1314 1104 1419 1126 mecum
1431 1081 1482 1129 est.

934 1129 980 1157 25.
996 1131 1024 1158 Si
1041 1135 1173 1170 esuriem,
1186 1146 1240 1166 non
1254 1141 1341 1170 dicam
1358 1145 1406 1172 tibi
1421 1155 1428 1172 :

935 1175 979 1203 26.
995 1176 1070 1206 Meus
1082 1185 1123 1208 est
1138 1183 1210 1210 enim
1225 1185 1300 1214 orbis
1314 1193 1400 1224 terra),
1412 1197 1440 1220 et
1453 1194 1594 1228 plenitudo
1607 1200 1675 1234 ejus.

619 1304 804 1334 ATHANASll
827 1307 1117 1342 INTERPRETATIO.

90 1372 123 1405 8,
142 1373 167 1401 9.
186 1375 280 1412 Στήᾳει
301 1378 364 1409 τοὺς
379 1378 413 1404 τὰ
434 1379 545 1414 οὐράνια
566 1383 772 1418 φρονήσαντας,
791 1387 840 1413 καὶ

61 1419 122 1452 τοὺς
130 1420 163 1447 τὰ
171 1422 259 1456 γήινα,
268 1423 315 1448 καὶ
327 1423 439 1450 ἕκαστον
446 1428 533 1461 κρινεῖ
541 1427 611 1454 κατὰ
617 1428 648 1454 τὸ
658 1429 736 1464 ἔργον
747 1431 838 1459 αὑτοῦ.

93 1509 135 1535 10.
151 1509 246 1545 Στήσει
259 1511 357 1544 αὐτοὺς
373 1513 405 1539 ὲκ
418 1512 511 1546 δεξιῶν
525 1515 608 1541 αὐτοῦ

93 1554 136 1581 11,
156 1555 216 1582 Ἐπὶ
230 1555 399 1593 ὲλεημοσύνῃ
413 1560 459 1585 καὶ
472 1560 561 1586 πίστει
578 1561 654 1597 ὀρθῇ.

90 1600 132 1631 12,
150 1601 190 1628 15.
212 1601 423 1638 Ἀνυμνήσουσιν
442 1605 467 1631 οἱ
482 1606 554 1640 ἅγιοι
569 1593 618 1643 τήν
631 1593 713 1640 ὀὀξαν
736 1610 818 1637 αὑτοῦ
829 1632 836 1643 ,
852 1593 875 1624 c

52 1646 254 1681 ὁμολογοῦντες,
268 1649 308 1675 ὅτι
322 1650 336 1675 ὁ
349 1650 415 1682 Θεὸς
430 1653 527 1688 κριτής
540 1655 625 1680 ἐστιν.

87 1692 129 1719 14.
148 1693 198 1719 Διὰ
214 1694 244 1720 τὸ
261 1694 306 1721 τὸν
323 1695 388 1721 Θεὸν
404 1696 510 1731 μέλλειν
534 1699 636 1733 κρίνειν
650 1701 699 1736 τὴν
711 1702 837 1738 οἰκουμέ-

52 1747 113 1773 νην,
130 1740 254 1774 παραινῶ
269 1749 327 1772 σοι,
353 1742 393 1774 εὶς
411 1743 533 1779 ὑπακοὴν
555 1746 715 1781 εὐτρέπισόν
741 1757 786 1783 μοι
803 1749 836 1776 τὰ

53 1780 109 1810 ὦτά
121 1793 180 1817 σου,
196 1786 243 1813 καὶ
257 1786 355 1820 διδάξω
371 1796 411 1815 σε.

84 1830 127 1857 15.
144 1831 199 1857 Καὶ
212 1831 431 1868 διαμαρτύρομαι
450 1843 505 1866 σοι,
521 1835 538 1863 ἃ
557 1837 663 1871 μέλλεις
678 1847 833 1872 φυλαττειν,

50 1876 65 1901 ὑ
80 1877 141 1908 λαὸς
157 1878 171 1904 ὁ
185 1877 232 1904 τοῦ
246 1878 324 1906 Θεοῦ.
344 1880 462 1914 Ἰσραὴλ
484 1882 537 1918 γὰρ
557 1884 738 1919 ἑρμηνεύεται
760 1887 835 1919 λαὸς

52 1922 186 1957 ἰσχυρός.

88 1968 128 1996 16.
149 1969 219 2003 Ἐγὼ
234 1970 272 2004 (l)
288 1972 301 1998 ὁ
315 1971 391 2004 Θεὸς,
408 1975 494 2009 φημὶ,
509 1975 524 2001 ό
536 1975 602 2007 Θεός
616 1984 673 2003 σου.

87 2012 127 2040 Π.
142 2010 202 2040 ’Ὅτι
222 2015 272 2041 οὐκ
293 2017 336 2042 ἐπ’
412 2018 474 2052 ἐμοὶ
492 2020 658 2056 προσφέρεις
679 2021 774 2054 θυσίας
793 2024 832 2059 τῷ

50 2056 106 2091 Θεῷ
121 2066 179 2089 σου,
192 2058 259 2085 ἀλλὰ
270 2059 388 2095 δαίμοσι,
402 2063 449 2088 καὶ
464 2063 591 2097 εἰδώλοις,
609 2065 655 2091 καὶ
668 2066 798 2103 δένδρεσι.

86 2103 127 2130 18.
142 2105 182 2132 Τὰ
193 2105 220 2131 δὲ
235 2107 336 2141 κρύφια
346 2107 396 2142 τῆς
413 2109 525 2145 καρδίας
541 2119 587 2138 σου
604 2111 661 2147 ὁρῶ
675 2112 829 2148 διαπαντός.

84 2150 126 2177 19.
142 2151 212 2183 Τοὺς
229 2153 419 2187 κερατίζοντας
440 2156 486 2182 καὶ
507 2158 674 2192 σκιρτῶντας
696 2160 772 2194 ὑμῶν
793 2162 830 2194 ὡς

51 2197 184 2232 μοο-χάρια
199 2198 229 2224 οὐ
241 2199 363 2234 δέχομαι.

80 2241 123 2269 20.
136 2242 205 2275 Τοὺς
219 2245 369 2279 τριχώδεις,
384 2249 505 2274 τουτέστι
519 2249 581 2281 τοὺς
596 2251 711 2286 πόρνους
728 2254 774 2280 καὶ

48 2287 152 2323 ϐήλους,
167 2289 198 2315 οὐ
214 2289 324 2325 δέχομαι
339 2292 388 2327 (5).

79 2334 122 2362 21.
136 2335 178 2362 Τὰ
190 2335 254 2372 ἔθνη
269 2337 352 2371 λέγει.

79 2380 122 2409 22.
136 2381 206 2413 Τοὺς
226 2382 320 2417 ἁγίους
340 2385 369 2411 ὲν
387 2386 447 2417 ταῖς
469 2385 590 2422 Γραφαῖς
613 2390 658 2416 καὶ
676 2391 740 2423 τοὺς
763 2392 827 2420 ἀπα

49 2427 164 2459 στόλους.

81 2472 121 2500 23.
137 2473 192 2506 Τὰς
207 2473 296 2510 ψυχὰς
311 2476 384 2510 λέγει
399 2478 447 2510 τὰς
463 2479 510 2505 ἐπὶ
530 2480 563 2506 τὰ
580 2480 693 2516 οὐράνια
708 2484 824 2511 ἀνιπτα-

49 2519 137 2553 μένας.

77 2565 120 2592 24.
135 2566 166 2592 Οἱ
180 2568 390 2601 πεπιστευκότες
403 2570 432 2596 ἐν
443 2570 481 2606 τῷ
495 2571 598 2607 κόσμῳ.

77 2611 120 2638 ﬁ.
139 2611 183 2638 Ἐν
197 2612 236 2648 τῷ
251 2613 339 2649 καιρῴ
355 2615 404 2650 τῆς
418 2617 565 2652 παρουσίας
580 2626 639 2654 μου.

73 2655 117 2684 26.
133 2657 238 2690 Πάντες
251 2659 277 2685 οἱ
293 2659 353 2686 λαοὶ
368 2660 422 2687 τῶν
437 2661 532 2690 ἐθνῶν.

931 1389 958 1421 8.
978 1390 1003 1417 9.
1025 1391 1106 1420 Sistet
1122 1394 1172 1421 sibi
1190 1404 1253 1429 eos,
1273 1401 1318 1434 qui
1333 1403 1451 1432 cmlestia
1466 1407 1631 1442 cogitarunt.
1649 1419 1675 1438 et

895 1434 941 1468 qui
962 1439 1066 1464 terrena
1077 1459 1084 1471 ,
1106 1444 1133 1478 ct
1148 1449 1367 1480 unumquemque
1377 1448 1509 1482 judicabit
1525 1456 1673 1483 secundum

892 1487 973 1514 opera
991 1489 1050 1509 sua.

928 1526 971 1552 10.
986 1527 1138 1557 Constituet
1154 1540 1199 1560 ros
1214 1541 1228 1560 a
1245 1534 1346 1565 dextris
1361 1540 1427 1568 suis.

926 1572 968 1599 11.
986 1573 1012 1600 In
1030 1576 1216 1607 misericordia
1229 1586 1255 1608 et
1266 1583 1318 1610 ﬁde
1332 1590 1413 1613 recta.

929 1617 972 1650 12,
987 1619 1028 1646 15.
1044 1621 1202 1651 Laudabunt
1223 1628 1309 1654 sancti
1324 1629 1437 1664 gloriam
1456 1634 1525 1669 ejus,
1542 1639 1672 1677 conﬁtcn-

945 1665 1016 1677 ηιυιΑ
1033 1664 1100 1677 Πριη-
1115 1668 1122 1677 ³
1154 1669 1159 1677 ¹

889 1667 929 1690 tes
944 1665 1016 1698 quod
1030 1664 1101 1694 Deus
1112 1668 1193 1702 judex
1212 1676 1263 1698 est.

923 1708 966 1735 M.
992 1709 1126 1742 Quoniam
1153 1714 1222 1742 Deus
1247 1717 1418 1750 judicaturus
1452 1729 1494 1751 est
1518 1728 1669 1764 mundum,

1578 1753 1649 1756 "—‘"
1661 1753 1669 1764 1

887 1753 982 1782 hortor
996 1761 1030 1789 te,
1044 1763 1074 1784 ut
1090 1759 1154 1786 mihi
1169 1769 1304 1797 prarpares
1320 1774 1400 1795 aures
1420 1773 1480 1798 tuas
1503 1773 1536 1799 ad
1556 1776 1669 1804 audien-

886 1798 959 1833 dum,
977 1806 1004 1828 et
1017 1803 1119 1832 docebo
1135 1811 1170 1833 te.

922 1846 966 1874 l5.
990 1848 1021 1876 Et
1046 1851 1210 1880 testificabor
1232 1857 1299 1889 tibi,
1322 1867 1382 1894 qum
1402 1869 1416 1888 a
1443 1867 1468 1890 le
1490 1868 1667 1898 custodienda

885 1897 958 1924 sunt,
973 1898 1071 1929 popule
1096 1898 1152 1925 Dei.
1166 1899 1252 1928 Israel
1264 1905 1335 1931 enim
1349 1906 1540 1943 interpretatur
1554 1916 1664 1949 populus

884 1938 972 1972 fortis.

919 1985 961 2014 16.
978 1987 1033 2023 Ego
1050 1989 1131 2023 Deus,
1149 1992 1247 2028 inquit,
1262 1994 1332 2024 Deus
1347 2002 1418 2026 tuus.

919 2030 961 2058 l7.
977 2031 1110 2065 Quoniam
1127 2045 1180 2064 non
1201 2040 1317 2074 amplius
1338 2044 1403 2071 mihi
1427 2047 1508 2076 οὖσι-ς
1528 2052 1662 2081 sacriﬁcia

883 2073 938 2102 Dco
956 2081 1012 2110 tuo,
1028 2080 1076 2107 sed
1090 2073 1269 2117 dmmonibus,
1286 2091 1312 2113 et
1326 2089 1415 2122 idolis,
1431 2098 1457 2120 et
1473 2095 1625 2126 arboribus.

917 2121 960 2148 18.
975 2122 1087 2153 Occulta
1100 2132 1190 2156 autem
1203 2131 1293 2160 cordis
1308 2135 1345 2161 tui
1360 2137 1438 2165 video
1454 2147 1570 2176 semper.

917 2167 960 2195 19.
977 2169 1112 2204 Petulcos,
1138 2180 1164 2201 et
1183 2175 1353 2209 lascivientes
1368 2188 1495 2219 tanquam
1510 2188 1608 2218 vitulos
1627 2200 1660 2221 ex

880 2213 956 2241 vobis
969 2223 1022 2242 non
1038 2219 1151 2253 accipio.

783 2253 827 2288 βε-
843 2267 866 2295 Ι)
914 2259 959 2287 20.
973 2259 1088 2295 Pil050s,
1108 2265 1160 2293 hoc
1181 2272 1221 2295 est
1240 2268 1430 2310 fornicatores,
1454 2281 1481 2304 et
1503 2279 1659 2312 immundos

877 2313 932 2333 non
951 2307 1065 2342 accipio.

910 2352 955 2380 2i.
970 2352 1069 2383 Gentes
1084 2358 1227 2392 signiﬁcat.

908 2398 953 2426 22.
971 2399 1086 2430 Sanctos
1099 2404 1126 2430 in
1140 2404 1298 2444 Scripturis,
1316 2415 1343 2438 et
1356 2416 1506 2447 apostolos.

909 2487 953 2514 25.
971 2487 1086 2519 Animas
1107 2493 1256 2531 signiﬁcat,
1278 2506 1387 2528 sursum
1402 2503 1436 2530 ad
1451 2506 1571 2535 cmlestia
1594 2515 1658 2537 evo-

875 2533 973 2562 iantes.

906 2579 952 2606 24.
970 2580 1021 2613 Qui
1036 2584 1210 2615 crediderunt
1222 2589 1250 2616 in
1264 2592 1376 2620 mundo.

910 2624 955 2652 25.
971 2625 1103 2663 Tempore
1118 2633 1170 2659 mei
1185 2634 1324 2666 adventus.

910 2670 955 2697 26.
971 2670 1071 2702 Omnes
1082 2678 1201 2711 gentium
1217 2682 1319 2716 populi.

513 2729 666 2765 Addenda
680 2736 913 2777 et_corrigenda
933 2748 973 2772 ex
991 2743 1062 2775 cod.
1081 2745 1182 2779 Vatic.

127 2807 201 2847 Ἐγώ
216 2809 274 2847 εἰμι
286 2811 301 2837 ὁ
313 2811 390 2846 Θεὸς,
403 2812 417 2839 ὁ
431 2813 505 2847 Θεός.

76 2841 114 2879 (2)
127 2841 196 2871 Ἔτι.

909 2825 946 2863 (ὅ)
966 2828 1009 2861 Ὧς
1026 2831 1121 2865 Ἡσαῦ,
1138 2835 1293 2864 τουτέστι...
1311 2837 1430 2873 δέξομαι.
