1916 3052
245 128 296 158 851

278 189 304 216 ὃ.
324 190 359 218 Ut
369 191 526 227 justiﬁceris
542 194 569 221 in
582 196 756 225 sermonibus
770 198 834 231 tuis,

281 236 309 264 9-
323 235 357 264 Et
370 238 463 266 vincas
480 247 540 267 cum
555 240 698 275 iudicaris.

280 281 408 317 104Ecce
417 284 489 312 enim
505 285 533 312 in
543 286 733 321 iniquitatibus
747 295 895 324 conceptus
911 299 988 319 sum:

277 327 320 354 11.
335 327 368 355 Et
380 329 408 355 in
422 330 539 363 peccatis
551 332 674 366 concepit
689 341 733 361 me
747 339 834 362 mater
849 343 920 363 mea.

279 373 324 400 12.
341 373 409 402 Ecce
423 375 494 402 enim
505 377 646 406 veritatem
659 379 795 408 dilexisti:

279 419 323 445 15.
339 418 442 447 Incerta
458 426 484 448 et
498 423 603 450 occulta
617 425 756 460 sapientia:
777 432 830 456 tua:
845 430 1026 460 manifestasti

244 464 321 491 mihi.

277 510 320 537 14.
336 511 469 548 Asperges
483 521 526 541 me
543 515 660 551 hyssopo
673 522 699 544 et
715 519 882 548 mundabor:

276 556 320 583 15.
338 556 453 586 Lavabis
466 567 519 592 me.
536 566 563 588 et
577 569 658 597 super
673 564 761 591 nivem
776 565 932 594 dealbabor.

276 601 319 628 16.
334 603 444 631 Auditui
463 613 523 632 meo
538 607 615 635 dabis
628 609 756 642 gaudium
771 615 799 639 et
812 612 930 640 laetitiam
948 622 951 641 :

278 646 321 674 17.
336 647 515 678 Exsultabunt
536 660 598 680 ossa
613 654 765 683 humiliata.

277 693 319 722 18.
336 694 433 723 Averte
446 696 542 725 faciem
559 704 632 727 tuam
650 709 664 728 a
681 703 900 736 peccatis'meis:

275 739 320 768 19.
339 740 371 769 Et
383 749 478 770 omnes
494 745 652 780 iniquitates
669 755 743 777 meas
758 750 826 777 dele.

239 830 242 831 ⁷
275 828 319 856 20.
334 829 388 858 Cor
399 832 528 860 mundum
541 842 602 862 crea
616 836 643 863 in
656 844 708 870 me,
725 837 812 866 Deus;

242 919 321 947 meis.

275 976 319 1004 22.
335 976 373 1004 Ne
390 979 518 1013 projicias
535 987 578 1007 me
595 988 610 1008 a
625 980 694 1009 facie
706 987 770 1010 tua:
800 986 811 1000 ⁸

274 1020 320 1049 23.
333 1021 367 1050 Et
383 1023 514 1057 Spiritum
526 1030 654 1053 sanctum
670 1031 746 1055 tuum
761 1030 920 1066 ne‘auferas
939 1039 955 1059 a
971 1040 1023 1060 me.

273 1115 318 1142 21.
334 1114 425 1143 Redde
436 1116 501 1143 mihi
515 1117 633 1146 laetitiam
649 1120 774 1149 salutaris
789 1122 845 1150 tui:

275 1162 320 1192 25.
337 1162 370 1190 Ει
385 1163 487 1197 Spiritu
499 1165 642 1201 principali
657 1167 787 1195 conﬁrma
801 1176 852 1196 me.

669 137 698 165 S.
714 137 900 168 ATHANASII
916 140 989 168 OPP.
1011 141 1101 170 PARS
1118 141 1162 171 ιῖἲ.
1187 160 1217 165 -
1235 144 1440 173 EXEGETICA.

1808 148 1858 178 85!

1037 204 1062 232 Α
1110 203 1136 231 8.
1152 204 1246 235 Ὅπως
1261 204 1294 230 ἂν
1307 204 1453 240 δικαιωθῇς
1467 206 1495 232 ἐν
1507 206 1563 237 τοῖς
1577 204 1665 239 λόγοις
1681 213 1739 232 σου·

1111 249 1136 276 9.
1154 250 1207 275 Kal
1220 251 1337 286 νικήσῃς
1351 251 1380 277 ὲν
1396 251 1434 286 τῷ
1449 251 1588 287 κρίνεσθαί
1603 260 1643 278 σε.

1111 295 1153 322 10.
1179 296 1243 322 Ἰδοὺ
1258 296 1312 332 γὰρ
1323 298 1351 323 ἐν
1365 297 1492 332 ἀνομίαις
1505 297 1684 333 συνελήφθην·

1112 342 1153 368 11.
1166 342 1221 368 Καὶ
1232 344 1260 369 ἐν
1270 344 1417 378 ἁμαρτίαις
1433 344 1560 379 ἐκίσσ-ησέ
1582 352 1614 378 με
1627 345 1644 379 ή
1658 344 1750 380 μήτηρ
1765 353 1824 380 μου.

1113 387 1156 414 12.
1177 388 1242 415 Ἰδοὺ
1257 389 1312 424 γὰρ
1326 389 1453 424 ἀλήθειαν
1465 390 1620 424 ἠγάπησας

1112 434 1156 461 15.
1172 434 1213 461 Τὰ
1225 435 1309 470 ἄδηλα
1320 435 1409 462 καὶτὰ
1421 435 1522 470 κρύφια
1535 436 1584 470 τῆς
1595 435 1691 469 σοφίας
1703 443 1750 461 σου
1762 435 1855 471 ἐδήλω-

1044 485 1047 489 ·
1076 480 1125 512 σάς
1142 489 1196 515 μοι.

1110 527 1154 554 14.
1177 527 1308 558 Ῥαντιείς
1325 536 1357 562 με
1369 527 1496 562 ὑσσώπῳ,
1518 527 1564 553 καὶ
1578 527 1825 563 καθαρισθήσομαι·

1111 571 1155 598 15.
1172 572 1284 604 Πλυνεῖς
1300 582 1344 608 με,
1363 573 1410 600 καὶ
1427 573 1497 608 ὑπὲρ
1511 573 1586 608 χιόνα
1597 571 1826 606 λευκανθήσομαι.

1109 619 1154 646 16.
1177 619 1324 650 Ἀκουτιεῖς
1339 628 1383 654 μοι
1400 618 1559 652 ἀγαλλίασιν
1575 618 1621 645 καὶ
1634 617 1814 653 εὐφροσύνην·

1109 664 1152 691 17.
1177 664 1394 698 ’Δγαλλιὰσονται
1408 664 1488 690 ὀστέα
1500 663 1729 698 τεταπεινωμένα.

1111 710 1152 738 l8.
1171 711 1352 746 Ἀπόστρεψον
1365 710 1396 736 τὸ
1412 710 1555 746 πρόσωπόν
1570 718 1616 736 σου
1630 709 1684 736 ἀπὸ
1703 709 1759 734 τῶν
1775 709 1858 743 agap—

1073 757 1138 784 σιῶν
1151 764 1212 792 pou“

1110 803 1152 831 19.
1165 803 1221 830 Kal
1239 803 1326 834 πάσας
1340 802 1390 833 τὰς
1400 802 1513 837 ἀνομίας
1527 809 1576 836 μου
1593 797 1743 835 ὲξάλὲιψον.

1108 849 1153 876 20.
1167 850 1288 885 Καρδίαν
1303 848 1426 884 καθαρὰν
1441 848 1532 875 κτίσον
1543 848 1572 874 ὲν
1584 846 1655 882 ἐμοὶ,
1669 848 1684 873 ὸ
1697 846 1765 878 Θεός

279 873 323 924 σε.
342 874 375 902 Et
405 877 531 911 spiritum
561 885 665 908 rectum
690 882 790 910 iunova
817 883 844 911 in
875 880 1051 913 visceribusI

1110 873 1283 885 —----v-r-m~
1563 873 1566 874 ν
1600 873 1607 882 .
1649 873 1654 879 ,
1754 873 1763 878 .

1107 895 1153 922 21.
1170 895 1224 921 Καὶ
1254 894 1362 929 πνεῦμα
1385 894 1461 925 εὑθὲς
1483 893 1633 927 ὲγκαίνισον
1654 893 1683 919 ἐν
1707 893 1765 923 τοῖς
1781 891 1859 926 ἐγκά-

1074 949 1130 972 τοις
1145 949 1206 972 μου.

1105 949 1213 1021 ξῖίι
1226 985 1381 1021 ἀπορρίῲῃς
1397 993 1431 1020 με
1444 985 1498 1011 ἀπὸ
1511 984 1557 1011 τοῦ
1577 983 1723 1019 προσώπου
1735 990 1795 1009 σου·

1109 1032 1154 1059 25.
1170 1032 1226 1058 Kal
1238 1032 1269 1058 τὸ
1286 1031 1399 1066 Πνεῦμὰ
1420 1039 1465 1058 σου
1491 1031 1521 1057 τὸ
1549 1030 1625 1064 ἆγιον
1645 1030 1683 1065 μὴ
1713 1027 1858 1062 ἀντανέλῃς

1074 1079 1122 1105 ἀπ¹
1134 1077 1200 1112 ἐμοῦ
1205 1098 1211 1102 .

1111 1123 1156 1150 21.
1176 1122 1286 1154 Ἀπόδος
1303 1131 1347 1157 μοι
1364 1123 1413 1156 τὴν
1425 1121 1584 1155 ἀγαλλίασιν
1596 1120 1642 1147 τοῦ
1657 1119 1792 1154 σωτηρίου
1804 1125 1856 1144 σου’

1110 1169 1155 1196 25.
1173 1169 1228 1195 Καὶ
1244 1168 1381 1203 Πνεύματι
1394 1166 1547 1203 ἡγεμονικῷ
1564 1165 1686 1201 στήριξόν
1701 1173 1746 1200 με.

797 1256 986 1285 ATHANASII
1002 1257 1296 1285 INTERPRETATIO.

275 1331 301 1363 8,
316 1331 341 1358 9.
361 1331 495 1364 Quoniam
517 1333 666 1368 prmdixisti
687 1334 776 1365 nobis,
788 1335 860 1368 quod
882 1338 1023 1369 peceatum

240 1385 314 1405 mors
328 1382 379 1410 est,
397 1382 424 1405 et
447 1379 640 1406 inexcusabilis
663 1383 706 1407 est
719 1379 808 1408 omnis
829 1380 910 1407 homo
931 1388 1022 1408 coram

240 1428 276 1452 ιε.

278 1468 320 1496 10.
336 1468 404 1496 Ecce
419 1468 491 1495 enim
504 1469 532 1496 in
544 1469 742 1505 iniquitatibus,
757 1479 825 1506 quas
839 1471 901 1505 ieci,
913 1471 1023 1499 conclu-

241 1523 288 1542 SIIS
303 1523 374 1542 Slﬂﬂ.

273 1560 316 1586 ll.
331 1559 440 1587 Etcum
453 1568 542 1588 essem
562 1561 590 1588 in
611 1562 729 1596 peccatis
745 1562 864 1597 suscepit
884 1569 927 1590 me
948 1562 1023 1590 lava-

242 1613 328 1633 CI'Ulll.

278 1651 319 1678 12.
333 1651 402 1678 Ecce
417 1652 490 1679 enim
505 1659 549 1679 me
563 1651 669 1679 Satanae
681 1653 880 1681 renunliantem
896 1655 1004 1682 amasti.

276 1742 319 1770 15.
335 1742 366 1770 Ει
381 1742 533 1777 symbolum
548 1743 611 1770 (dei
624 1748 735 1771 tuae-me
749 1743 876 1771 docuisti.

278 1831 321 1858 14.
338 1831 470 1866 Asperges
483 1839 527 1858 me
538 1839 586 1866 per
597 1831 732 1868 Spiritum
753 1835 878 1860 sanctum
893 1831 1024 1866 sanguine

243 1877 302 1904 Filii
317 1877 366 1908 tui.
379 1881 405 1904 et
417 1877 596 1906 emundabor.

280 1924 322 1951 15.
342 1923 375 1950 Et
389 1932 458 1958 aqua
475 1923 566 1953 lateris
581 1925 620 1952 tui
635 1925 767 1953 mundum
784 1931 828 1952 me
841 1927 868 1952 et
892 1923 1025 1952 immacu-

242 1969 326 1996 latum
341 1968 446 1996 reddes.

278 2015 321 2041 16.
339 2013 370 2041 Et
383 2015 490 2041 demum
505 2013 616 2041 docebis
627 2021 670 2041 me
681 2019 813 2049 pramepta
825 2017 885 2042 tua.

281 2060 324 2086 t7.
339 2059 490 2087 Exsultabit
501 2058 631 2086 fortitudo
641 2059 739 2087 anima:
749 2067 826 2092 meat.
839 2060 874 2087 ob
886 2066 1024 2095 peccatum

243 2113 321 2135 antea
337 2107 453 2134 inlirma.

279 2151 323 2179 18.
340 2151 472 2186 Deprecor
488 2159 523 2187 te,
537 2161 571 2182 ne
585 2153 701 2189 amplius
713 2161 807 2182 eorum
819 2155 970 2183 recorderis

280 2199 323 2226 19.
339 2198 392 2226 Eas
405 2207 500 2227 omnes
513 2200 583 2227 dele.

277 2244 320 2270 20.
334 2244 387 2272 Cor
402 2253 491 2272 meum
504 2245 532 2273 in
546 2245 706 2281 baptismate
719 2256 816 2283 purum
832 2249 915 2276 ellicc.

279 2333 323 2360 2|.
337 2333 369 2360 Et
378 2334 420 2362 fac
428 2339 457 2362 ut
465 2334 581 2370 Spiritus
592 2341 703 2366 sanctus
712 2342 774 2365 tuus
785 2339 885 2366 habitet
896 2340 922 2366 in
933 2339 1023 2368 anima

244 2389 304 2408 mea
319 2385 345 2408 et
357 2381 382 2407 in
398 2385 487 2408 mente
501 2389 571 2409 mea.

279 2426 323 2452 22.
338 2425 379 2462 Ne
393 2426 533 2461 indignum
551 2434 595 2455 me
610 2432 718 2463 reputes
731 2431 817 2464 gratia
827 2433 884 2457 tua.

279 2471 323 2497 25.
342 2471 458 2497 Arrham
472 2471 636 2506 adoptionis.

280 2517 324 2543 Ἃ.
340 2516 476 2552 Consigna
492 2524 534 2544 me
551 2517 629 2552 signo
643 2516 760 2552 Spiritus
778 2520 826 2546 tui.

279 2561 324 2588 25.
340 2561 371 2588 Et
385 2565 479 2590 sancto
495 2562 598 2598 Spiritu
613 2564 648 2591 ob
663 2564 830 2592 divinitatem
847 2566 1024 2601 omnipotenti

245 2605 367 2634 conforta
380 2615 431 2634 me.

1109 1334 1135 1366 8,
1150 1334 1176 1361 9.
1193 1333 1232 1369 (1)
1247 1334 1309 1360 Ὀτι
1323 1333 1452 1368 προεῖπες
1468 1332 1542 1367 ἡμῖν,
1565 1332 1605 1358 ὅτι
1631 1331 1648 1365 ή
1676 1329 1801 1365 ἁμαρτία
1816 1329 1857 1357 θά-

1073 1380 1152 1411 νατός
1168 1381 1236 1412 ἐστι,
1258 1379 1306 1406 καὶ
1338 1377 1536 1412 ἀναπολόγητος
1561 1377 1619 1402 ἐστι
1640 1376 1695 1407 πᾶς
1721 1375 1857 1410 ἅνθρωπος

1073 1425 1188 1452 ἐνώπιόν
1207 1434 1265 1453 σου,

1109 1471 1152 1498 10.
1168 1471 1233 1498 Ἰδοὺ
1246 1471 1299 1506 γὰρ
1312 1471 1341 1497 ὲν
1349 1469 1484 1506 ἀνομίαις,
1495 1468 1527 1500 ἃς
1536 1466 1639 1503 ἔπραξα
1650 1466 1857 1502 συγκεκλεισμέ-

1072 1527 1118 1550 νος
1134 1518 1201 1553 εἰμί.

1109 1565 1152 1592 11.
1171 1564 1225 1591 Kal
1246 1565 1275 1590 ὲν
1287 1561 1505 1598 ταῖς;ἀμαρτίαις
1526 1561 1591 1588 ὂντα.
1620 1568 1654 1596 με
1679 1558 1809 1586 συνέλαᾶέ
1826 1566 1857 1594 με

1072 1611 1090 1646 ἡ
1100 1609 1286 1645 κολυμϐήθρα.

1108 1654 1152 1682 12.
1174 1654 1238 1681 Ἰδοὺ
1255 1653 1310 1690 γὰρ
1325 1652 1530 1688 ἀποταξάμενόν
1557 1660 1591 1688 με
1609 1651 1648 1687 τῷ
1672 1650 1780 1685 Σατανᾷ
1793 1649 1858 1684 ἠγά-

1073 1708 1176 1735 πησας.

1109 1745 1152 1772 15.
1168 1745 1224 1772 Καὶ
1235 1744 1267 1771 τδ
1283 1744 1415 1780 σύμὸολον
1429 1744 1466 1779 (2)
1494 1744 1543 1778 τῆς
1559 1741 1683 1774 πίστεώς
1701 1749 1748 1767 σου
1774 1741 1857 1767 ἐδίδα-

1074 1791 1122 1824 ξάς
1134 1799 1178 1825 με.

1109 1837 1153 1864 14.
1176 1837 1306 1868 Ῥαντιεῖς
1318 1845 1352 1872 με
1363 1835 1402 1871 τῷ
1413 1836 1481 1871 ἁγίῳ
1489 1836 1626 1871 Πνεῦματι
1638 1834 1669 1861 τὸ
1681 1831 1752 1869 αἷμα
1769 1834 1807 1869 (5)
1815 1833 1857 1860 τοῦ

1074 1882 1139 1909 Υἱοῦ
1156 1891 1214 1916 σου,
1233 1883 1278 1909 καὶ
1294 1882 1542 1918 καθαρισοήσομαι.

1109 1929 1152 1956 15.
1165 1929 1220 1956 Καὶ
1229 1929 1267 1964 τῷ
1279 1928 1355 1955 ὕδατι
1367 1928 1405 1963 τῷ
1423 1929 1455 1954 ἐκ
1468 1928 1517 1962 τῆς
1531 1927 1649 1962 πλευρᾶς
1674 1933 1721 1952 σου
1748 1925 1858 1952 ἄσπιλον

1073 1974 1120 2000 καὶ
1137 1975 1250 2010 ἄμωμον
1266 1974 1414 2005 ἀναδείξεις
1429 1982 1472 2008 με.

1110 2019 1153 2046 16.
1172 2019 1226 2045 Καὶ
1237 2018 1329 2045 λοιπὸν
1343 2018 1457 2050 διδάξεις
1471 2026 1503 2053 με
1518 2017 1566 2048 τὰς
1576 2016 1684 2048 ἐντολάς
1696 2024 1756 2043 σου.

1110 2064 1153 2091 17.
1178 2063 1381 2098 Ἀγαλλιάσεται
1411 2065 1428 2098 ή
1461 2063 1536 2098 ἰσχὺς
1558 2063 1608 2097 τῆς
1622 2062 1712 2098 ψυχῆς
1726 2060 1858 2097 μου,ήτδ

1076 2111 1205 2147 πρότερον
1215 2110 1267 2136 ὑπὸ
1276 2110 1326 2145 τῆς
1339 2110 1473 2145 ἁμαρτίας
1486 2109 1645 2136 ὰσῦενοῦσα.

1111 2157 1153 2184 18.
1169 2155 1268 2191 Δέομαί
1280 2164 1336 2182 σου·
1356 2155 1393 2190 μὴ
1409 2155 1529 2190 μνησθῇς
1540 2155 1629 2181 αὐτῶν
1648 2155 1698 2182 ἔτι.

1040 2209 1063 2236 1)
1112 2202 1156 2229 19.
1170 2201 1253 2232 ’Ὁλας
1268 2200 1352 2232 αὑτὰς
1362 2200 1491 2235 ἀφάνισον
1506 2199 1555 2235 (4).

1109 2246 1153 2274 20.
1177 2245 1275 2282 ’Λγνὴν
1302 2246 1414 2282 ποίησον
1437 2246 1466 2272 ἐν
1494 2245 1533 2280 (5)
1545 2245 1584 2280 τῷ
1617 2245 1786 2280 βαπτίσματι
1812 2245 1857 2280 τὴν

1074 2292 1186 2328 καρδίαν
1205 2300 1266 2327 μου.

1111 2337 1156 2364 ‘21.
1170 2337 1225 2363 Kal
1239 2337 1270 2363 τὸ
1285 2336 1398 2372 Πνεῦμα
1411 2345 1457 2363 σου
1471 2336 1501 2363 τὸ
1522 2336 1598 2370 ἇγιον
1625 2337 1737 2363 ἐνοικεῖν
1752 2336 1857 2371 ποίησον

1078 2383 1107 2409 ὲν
1167 2382 1239 2418 ψυχῇ
1252 2390 1302 2417 μου
1315 2382 1362 2408 καὶ
1372 2382 1401 2408 ἐν
1413 2383 1446 2416 τῇ
1461 2381 1563 2417 διανοίᾳ
1577 2389 1637 2415 μου.

1113 2428 1157 2455 22.
1173 2428 1217 2463 Μὴ
1236 2427 1343 2460 ἀνάξιόν
1356 2436 1388 2463 με
1400 2428 1489 2463 ἡγήσῃ
1500 2427 1550 2462 τῆς
1565 2427 1673 2463 χάριτός
1686 2436 1742 2454 σου.

1114 2474 1158 2501 25.
1173 2474 1224 2500 Τὸν
1239 2474 1386 2509 ἀρραϐῶνα
1400 2474 1449 2509 τῆς
1464 2474 1608 2505 υἱοθεσίας.

1112 2518 1156 2544 24.
1171 2518 1323 2553 Σφράγισον
1340 2527 1374 2554 με
1388 2520 1421 2554 τῇ
1433 2519 1558 2553 σφραγῖδι
1572 2518 1619 2544 τοῦ
1633 2517 1788 2553 Πνεῦματός
1802 2526 1852 2543 σου.

1113 2564 1157 2591 25.
1169 2564 1270 2599 Καὶτῷ
1280 2564 1349 2600 ἁγίῳ
1369 2564 1505 2600 Πνεύματι
1521 2564 1561 2591 τῶ
1586 2565 1619 2593 τῆ
1651 2565 1758 2600 θεότητι
1783 2563 1853 2590 αὐτο-

1078 2610 1232 2647 κρατορικῷ
1245 2611 1283 2646 (6)
1297 2611 1453 2638 δυνάαωσόν
1470 2619 1512 2646 με.

716 2689 870 2720 Addenda
891 2692 921 2720 et
936 2689 1124 2729 corrigenda
1146 2697 1186 2720 ex
1213 2688 1283 2719 cod.
1313 2689 1412 2718 Vatic.

332 2776 364 2807 ’ξιτ
379 2768 406 2807 8;
426 2769 496 2807 Ὅτι,
514 2773 576 2802 etc,
591 2778 616 2797 η.
631 2769 656 2798 9.
670 2770 724 2797 Καὶ
737 2770 946 2807 ἀναπολόγητός,
962 2776 1012 2800 etc.

282 2803 320 2844 (ἓ)
332 2803 492 2844 eaea-sxw.
532 2839 544 2844 -

285 2839 321 2873 (5)
336 2838 380 2875 Τῷ
392 2839 487 2874 αἵματι
499 2839 556 2874 τοῦ,
571 2844 621 2868 etc.

1113 2770 1150 2806 (ιι)
1170 2771 1293 2804 Ἀφανεῖς
1307 2770 1426 2806 ποίησον.

1111 2807 1149 2841 (ὕ)
1170 2805 1320 2841 Ἐννίίυίτςῐ.

1113 2841 1150 2876 (6)
1172 2840 1252 2875 ’Λγίῳ
1269 2849 1345 2869 7w...
1365 2842 1605 2877 αὐτοκρατορικῶς.
