1916 3052
90 137 141 164 855
588 136 630 163 DE
651 135 788 163 TITULIS
806 135 1031 177 PSALMORUM.
1047 154 1083 159 —
1100 138 1198 166 PSAL.
1215 139 1245 166 L.
1661 139 1714 167 854

125 193 168 220 86.
182 191 285 224 Διδάξω
300 192 417 227 ἀνόμους
431 194 480 225 τὰς
490 193 565 226 ὁδούς
583 201 640 220 σου·

894 197 918 226 Λ
965 195 1010 222 26.
1028 195 1136 224 Docebo
1152 196 1261 231 iniquos
1274 196 1332 224 vias
1347 200 1407 224 tuas
1421 205 1426 223 :

124 239 168 267 27.
185 238 240 266 Καὶ
252 238 361 270 ἀσεόεῖς
374 239 420 265 ἐπὶ
431 239 460 265 σὲ
476 241 679 276 ἐπιστρέφουσι.

963 240 1008 267 27.
1024 240 1058 267 Et
1070 241 1144 276 impii
1157 241 1191 269 ad
1204 246 1229 269 te
1240 245 1441 269 convertentur.

123 285 168 311 28.
189 284 284 311 Ῥῦσαι
300 293 334 319 με
348 284 378 318 ἐξ
387 285 520 320 αἱμάτων,
535 287 550 314 ὁ
564 287 641 320 Θεὸς,
655 289 669 314 ὁ
683 288 748 321 Θεὸς
761 289 809 324 τῆς
826 297 877 315 σω-

963 285 1008 313 εδ.
1024 285 1121 314 Libera
1136 293 1179 314 me
1193 286 1227 314 de
1241 287 1432 322 sanguinibus,
1442 286 1602 321 Deus,Deus
1617 286 1713 315 salutis

89 331 185 366 τηρίας
199 339 249 365 μου
258 339 265 347 ο

258 339 265 347 ⁶
927 340 995 361 mete
1007 344 1012 361 ε

121 378 166 405 ‘29.
198 376 403 411 Ἀγαλλιάσεται
435 377 583 413 ἠγλῶσσά
611 388 661 406 μου
683 379 732 415 τὴν
743 379 877 407 δικαιοσύ-

849 379 878 406 ύ-
961 378 1006 406 29.
1024 378 1178 407 Exsultabit
1194 378 1287 414 lingua
1300 385 1361 406 mea
1373 377 1505 413 justitiam
1520 383 1603 408 tuam.

87 433 134 460 νην
148 433 206 450 σου.

121 471 165 498 50.
181 471 278 507 Κύριε,
294 472 328 498 τὰ
344 471 420 506 χειλη
440 480 490 507 μου
518 472 645 506 ἀνοίξεις,
678 473 725 499 καὶ
740 473 771 499 τὸ
791 473 877 508 στόμα

962 465 1007 492 50.
1026 465 1151 496 Domine,
1166 465 1237 493 labia
1263 472 1322 492 mea
1336 465 1457 500 ’aperies,
1470 470 1495 492 et
1510 472 1541 492 os
1555 473 1646 493 meum
1661 472 1709 494 an-

87 526 137 551 μου
149 518 294 551 ἀναγγελεῖ
307 518 356 553 τὴν
373 518 473 545 αἶνεσίν
491 527 537 545 σου

531 527 537 544 ι
927 510 1063 538 nuntiabit
1076 510 1184 538 laudem
1199 515 1287 538 tuam:

119 563 164 590 51.
177 564 237 590 Ὂτι
250 564 275 590 εἰ
287 564 420 596 ἠθέλτισας
437 563 542 596 ουσίαν,
559 564 645 592 ἔδωκα
664 565 705 592 ἄν·

961 557 1007 583 51.
1025 556 1160 589 Quoniam
1181 557 1203 584 si
1228 556 1361 584 voluisses
1374 556 1549 591 sacriﬁcium,
1575 556 1708 586 dedissem

926 603 1017 638 utique
1028 612 1034 629 :

118 651 164 679 5‘2.
185 652 413 687 Ὀλοκαυτώματα
427 653 477 679 οὐκ
493 653 658 688 εὐδοκήσεις.

959 648 1004 676 59..
1024 647 1197 676 Holocaustis
1215 656 1269 677 non
1285 648 1470 678 delectaberis.

117 697 164 723 55.
181 697 266 723 Θυσία
281 697 319 733 τῷ
332 697 391 733 Θεῷ
406 697 515 732 πνεῦμα
530 697 767 734 συντετριμμένον·

922 693 1003 729 [(55.
1019 694 1189 722 Sacriﬁcium
1204 694 1259 722 Deo
1269 696 1380 730 spiritus
1393 696 1589 725 contribulatus

116 744 161 771 5-1.
174 743 296 778 Καρδίαν
311 743 544 779 συντετριμμένην
563 744 611 770 καὶ¹
636 745 872 780 τεταπεινωμένην

959 740 1004 768 54.
1021 740 1075 769 Cor
1089 741 1237 769 contritum
1254 746 1281 770 et
1294 742 1476 777 bumiliatum,
1490 742 1572 778 Deus,
1587 750 1641 771 non
1651 742 1707 771 ‘de-

78 791 96 817 ό
107 789 174 822 Θεὸς
183 790 233 816 οὐκ
244 789 426 822 ὲξουδενώσει.
603 791 610 823 Ι

273 789 426 818 ουδενώσει.
603 791 610 823 Ι
922 785 1029 821 spicies.

115 835 161 862 55.
193 835 349 869 Ἀγάθυνον,
381 835 478 870 Κύριε,
503 836 531 863 ὲν
557 837 590 871 τῇ
613 835 723 871 εὐδοκία
748 844 795 863 σου
821 835 871 872 τὴν

958 833 1001 860 55.
1017 831 1135 867 Benigne
1156 831 1209 864 fac,
1226 830 1349 865 Domine,
1367 831 1394 858 in
1419 831 1490 860 bona
1502 833 1647 867 voluntate
1662 839 1707 864 tua

79 881 151 907 Σιών
161 889 167 895 ·

924 877 988 906 Sion
1002 888 1007 905 :

115 926 159 954 56.
177 927 234 953 Καὶ
247 927 452 964 οῑκοδομηθήτω
461 928 497 954 τὰ
511 928 587 964 τείχη
608 927 796 964 Ἰερουσαλήμ.

735 928 796 964 λήμ.
955 925 1001 953 56.
1017 924 1051 952 Ut
1064 924 1233 952 aedificentur
1249 923 1320 951 muri
1332 921 1491 952 Jerusalem.

114 972 159 999 57.
177 973 244 998 Τότε
263 968 420 1009 εὐδοκήσεις
436 965 730 1010 θυσῑανδικαιοσύνης,

955 971 1001 999 57.
1017 970 1094 999 Tunc
1108 970 1263 1005 acceptabis
1279 970 1445 998 sacriﬁcium
1459 971 1580 1006 justitiae,

113 1017 158 1044 58.
184 1017 338 1053 ’Λναφορέιν
352 1018 399 1045 καὶ
413 1017 626 1054 ὁλοκαυτώματα
635 1027 642 1035 ·

952 1018 1000 1054 58.
1015 1016 1172 1046 Oblationes
1183 1021 1210 1044 et
1221 1017 1381 1045 holocausta
1393 1027 1400 1044 :

113 1063 158 1091 39.
174 1063 241 1090 Τότε
257 1052 410 1092 ἀνοίσουσιν
435 1064 483 1092 ἐπὶ
496 1064 527 1092 τὺ
541 1052 732 1101 θνυσιαστήριόν
748 1073 795 1092 σου
817 1064 867 1100 μό-

951 1052 997 1092 39.
1014 1063 1091 1092 Tunc
1106 1063 1247 1099 imponent
1257 1070 1338 1099 super
1351 1064 1436 1092 altare
1449 1068 1524 1091 tuum
1538 1063 1650 1092 vitulos.

77 1118 168 1145 σχους.

638 1197 827 1226 ATHANASII
849 1195 1143 1225 INTERPRETATIO.

110 1275 156 1304 26.
173 1277 228 1304 Καὶ
241 1277 407 1312 διηγήσομαι
435 1279 491 1314 τ-οῖς
507 1278 544 1314 μὴ
558 1278 640 1305 εἰδόσι
654 1285 684 1304 σε
703 1277 752 1312 τὴν
777 1278 817 1308 εἰς
834 1276 864 1303 σὲ

951 1275 997 1304 26.
1014 1274 1048 1303 Et
1061 1275 1178 1304 narrabo
1193 1275 1377 1303 nescientibus
1393 1279 1419 1302 te
1434 1275 1514 1303 ﬁdem
1527 1274 1640 1304 tuam'et
1651 1275 1701 1303 mi-

72 1322 166 1350 uinw
178 1323 225 1350 καὶ
240 1323 271 1349 τὸ
283 1322 328 1350 σὺν
339 1323 425 1355 ἔλεος.

916 1323 1092 1351 sericordiam
1107 1327 1190 1350 tuam.

108 1367 154 1394 27.
174 1367 227 1395 Καὶ
246 1368 389 1400 ἀκούοντες
404 1367 526 1400 ἀσεϐεῖς,
550 1368 590 1395 ὅτι
606 1367 692 1401 οὕτως
714 1369 864 1404 συγχωρεῖς

950 1369 995 1396 27.
1012 1369 1046 1396 Et
1065 1369 1141 1404 impii
1161 1369 1313 1401 audientes.
1329 1369 1403 1404 quod
1422 1369 1459 1396 ita
1471 1369 1577 1397 veniam
1597 1368 1700 1405 praebes

71 1415 130 1445 τοῖς
143 1414 317 1441 πιστεύουσιν
337 1415 377 1446 εἰς
388 1415 430 1447 σὲ,
445 1415 653 1450 ἐπιστρέφουσιν
666 1415 716 1450 (1).

635 1424 653 1441 ,v
666 1415 716 1450 (i).
878 1435 899 1464 Ο
915 1415 1088 1444 credentibus
1103 1415 1129 1442 in
1142 1420 1178 1448 te.
1193 1419 1391 1443 convertentur.

107 1458 153 1485 28.
174 1459 269 1486 Ῥῦσαι
284 1468 317 1495 με
328 1460 361 1486 ὲκ
373 1459 426 1486 τῶν
441 1459 487 1485 τοῦ
502 1459 598 1495 ἐχθροῦ
615 1459 765 1496 δυνάμεων.

881 1458 899 1464 “
951 1460 997 1488 28.
1014 1459 1112 1488 Libera
1129 1468 1172 1488 me
1189 1468 1204 1487 a
1219 1461 1398 1496 potestatibus
1411 1459 1522 1488 inimici.

107 1506 153 1534 29.
171 1506 322 1541 Μελετήσει
338 1505 476 1541 ήγλῶσσά
490 1514 540 1540 μου
555 1506 588 1532 τὰ
598 1506 675 1540 λόγιά
690 1514 746 1533 σου.

948 1505 994 1534 29.
1010 1505 1146 1541 Cogitabit
1161 1507 1254 1542 lingua
1267 1514 1329 1535 mea
1340 1507 1449 1542 eloquia
1466 1513 1522 1534 tua.

106 1553 152 1580 30.
170 1553 317 1588 Πλὴρωσον
334 1552 368 1579 τὰ
381 1553 457 1587 χείλη
469 1552 518 1587 τῆς
531 1552 643 1588 καρδίας
659 1561 709 1589 μου
727 1553 775 1588 τῆς
788 1553 862 1588 χάρι-

950 1553 994 1579 50.
1012 1552 1095 1587 Imple
1104 1552 1174 1580 labia
1184 1553 1274 1581 cordis
1287 1554 1338 1581 mei
1351 1554 1437 1589 gratia
1450 1558 1507 1582 tua.
1522 1557 1551 1580 ut
1564 1560 1595 1580 os
1607 1560 1697 1581 meum

69 1600 117 1631 τός
130 1608 188 1631 σου,
199 1599 243 1625 ἵνα
258 1599 289 1625 τὸ
304 1599 390 1634 στόμα
404 1608 453 1634 μου
467 1599 612 1633 ἀναγγελεῖ
624 1599 674 1633 τὴν
687 1599 789 1627 αἴνεσίν
805 1608 825 1626 σε

521 1599 612 1633 γγελεῖ
624 1599 674 1633 τὴν
687 1599 789 1627 αἴνεσίν
805 1608 862 1627 σου.
914 1598 1056 1626 annuntiet
1069 1598 1176 1626 laudem
1194 1603 1277 1626 tuam.

104 1646 151 1672 5i.
167 1644 251 1672 Οὐδὲν
264 1644 399 1680 ἠθέλησας
412 1644 504 1672 λαϐεῖν
523 1645 588 1681 παρ’
604 1644 682 1680 ἐμοῦ,
701 1646 761 1672 ἐπεὶ
776 1645 860 1673 ἔδωκα

948 1643 993 1672 51.
1006 1643 1080 1671 Nihil
1093 1644 1204 1673 voluisti
1217 1653 1233 1672 a
1250 1652 1293 1672 me
1308 1644 1441 1679 accipere,
1458 1644 1586 1679 quoniam
1608 1644 1698 1672 dedis-

66 1690 103 1717 ἂν
121 1690 192 1726 ὑπὲρ
202 1690 256 1717 τῶν
271 1690 412 1726 ἁμαρτιῶν
424 1699 486 1726 μου.

913 1697 970 1717 sem
984 1690 1079 1725 utique
1092 1698 1141 1726 pro
1154 1691 1272 1726 peccatis
1286 1690 1363 1718 meis.

104 1737 150 1764 52.
167 1736 284 1763 Σεαυτδν
294 1736 348 1773 γὰρ
360 1737 466 1772 μέλλεις
483 1737 589 1773 σφαγὴν
608 1737 647 1773 (2)
676 1738 776 1765 διδόναι
793 1739 860 1776 ὑπὲρ

948 1735 993 1763 52.
1010 1735 1047 1762 Te
1074 1736 1165 1771 ipsum
1185 1736 1258 1764 enini
1276 1736 1427 1764 traditurus
1447 1743 1477 1763 es
1494 1735 1629 1763 victimam
1648 1743 1696 1771 pro

67 1782 160 1818 ⁴ἡμῶν.
767 1805 770 1807 μ

767 1805 770 1807 λ
912 1783 1001 1811 nobis.

104 1827 149 1855 55.
163 1827 372 1856 Ταπεινωθέντα
387 1837 421 1864 με
435 1828 683 1864 ἐξομολογήσασθαι
692 1829 729 1865 (5)
744 1839 795 1858 σοι.

692 1829 729 1865 (5)
744 1839 795 1858 σοι.
945 1830 989 1859 55.
1004 1829 1181 1858 Humiliatum
1197 1839 1240 1859 me
1250 1831 1372 1859 conﬁteri
1385 1831 1442 1860 tibi.

105 1872 280 1909 5Δ.Καρδίαν
294 1873 543 1910 ἐξομολογουμένην
556 1884 596 1903 σοι
605 1875 655 1902 οὐκ
669 1876 858 1912 ἀπορρίπτεις.

695 1876 858 1912 πορῤίπτεις,
945 1875 989 1903 54.
1004 1876 1058 1904 Cor
1075 1877 1123 1904 tibi
1136 1877 1268 1905 conﬁtens
1284 1884 1337 1904 non
1350 1877 1451 1912 rejieis.

103 1919 148 1947 35.
169 1919 306 1956 Ὑπακοὴν
321 1921 443 1957 ποίησον,
471 1922 568 1958 Κύριε,
599 1923 639 1958 τῷ
661 1923 794 1960 θελήματι
813 1933 858 1952 σου

945 1921 990 1949 35.
1005 1921 1069 1954 Fac,
1087 1922 1212 1956 Domine,
1228 1924 1418 1958 obtemperare
1434 1924 1567 1951 voluntati
1584 1927 1636 1953 tua:
1647 1931 1695 1952 cor

66 1965 119 1999 τὴν
138 1965 251 2000 καρδίαν
267 1974 327 2001 μου.
345 1967 422 1994 Σιὼν
449 1967 503 2003 γὰρ
526 1968 749 2004 σκοπευτήριον
774 1971 822 2006 Epp

939 1974 1010 1994 eum.
1027 1966 1091 1994 Sion
1114 1968 1186 1996 enim
1207 1968 1399 2003 interpretatur
1416 1969 1538 2003 specula,
1555 1969 1636 2004 quale
1652 1973 1694 1997 est

65 2010 186 2044 γεύεται,
201 2012 271 2048 ὅπερ
285 2012 359 2039 ἐστὶν
372 2013 391 2046 ἡ
414 2013 529 2047 καρδία.
909 2021 963 2040 cor.

103 2057 148 2084 56.
164 2058 219 2084 Καὶ
233 2059 261 2084 αἱ
275 2058 379 2086 ὲντολαί
391 2067 438 2086 σου
456 2059 636 2096 πληρωθῶσιν
657 2062 686 2088 ἐν
702 2063 735 2097 τῇ
755 2062 858 2098 διανοίᾳ

943 2059 986 2086 56.
1004 2057 1037 2085 Et
1055 2063 1187 2094 praecepta
1204 2064 1249 2087 tua
1271 2059 1437 2095 impleantur
1458 2061 1486 2089 in
1509 2066 1600 2090 mente
1621 2070 1690 2092 mea.

67 2112 133 2138 μου.
147 2104 348 2139 Ἰερουσαλὴμ
365 2105 419 2142 γὰρ
430 2101 610 2142 ἑρμηνεύεται
622 2107 697 2134 αὐτὸ
714 2108 751 2144 (4)
767 2116 823 2136 πνε

908 2105 1057 2134 Jerusalem
1071 2107 1143 2134 enim
1159 2106 1353 2142 interpretatur
1366 2108 1421 2141 ipse
1431 2109 1541 2143 spiritus
1557 2109 1658 2144 gratiae.

63 2158 109 2184 μα
125 2149 255 2185 χάριτος.

101 2196 145 2223 57.
159 2197 236 2230 Τότε,
255 2197 294 2224 ὅτ’
307 2198 340 2226 ἄν
352 2207 394 2230 τις
407 2198 537 2236 πληρώσῃ
555 2201 602 2234 τὰς
614 2202 723 2235 ἐντολάς
735 2211 792 2236 σου,
809 2204 854 2230 εὑ-

938 2195 984 2223 57.
1001 2195 1078 2224 Tunc
1094 2203 1155 2223 cum
1179 2197 1242 2231 quis
1261 2197 1414 2233 impleverit
1426 2203 1560 2234 praecepta
1571 2204 1628 2234 tua,
1645 2207 1689 2228 ac-

65 2241 230 2276 πρόσδεκτός
250 2243 324 2271 ἐστιν
339 2244 355 2280 ἡ
369 2244 436 2281 εὐχὴ
452 2245 490 2281 (5)
503 2247 586 2274 αὐτοῦ
603 2248 678 2284 παρὰ
695 2249 745 2275 σοι.

662 2248 678 2275 ἀ
695 2249 745 2275 σοι,
905 2241 1047 2276 ceptabilis
1062 2245 1103 2269 est
1120 2241 1208 2269 oratio
1221 2242 1280 2277 ejus
1295 2243 1367 2278 apud
1381 2247 1416 2271 te.

101 2289 143 2316 38.
157 2289 213 2317 Καὶ
229 2290 246 2325 ἡ
263 2292 400 2327 προσευχὴ
417 2301 485 2327 μου,
501 2293 550 2320 καὶ
574 2294 634 2327 ὅλος
658 2295 853 2331 εὐπρόώεκτὸς

940 2285 984 2312 58.
999 2285 1032 2312 Ει
1042 2286 1130 2313 oratio
1142 2293 1212 2320 mea,
1225 2291 1251 2315 et
1265 2295 1315 2323 ego
1329 2293 1402 2316 totus
1419 2289 1466 2317 tibi
1485 2294 1588 2324 gratus,
1602 2294 1629 2317 et
1638 2297 1689 2325 _ac-

65 2335 107 2361 σοί
123 2336 190 2371 εἶμι.

905 2331 1046 2366 ceptabilis
1058 2339 1129 2360 sum.

97 2381 138 2408 59.
154 2382 222 2409 Τότε
235 2383 417 2418 περιεστῶτες
431 2385 460 2412 ἐν
476 2386 515 2421 τῷ
531 2387 685 2423 ἐπουρανίῳ
706 2387 851 2424 θυσιαστη-

937 2378 982 2406 59.
1011 2377 1087 2406 Tunc
1109 2379 1317 2407 circumstantes
1346 2379 1372 2406 in
1400 2381 1586 2415 superetnlesti
1610 2382 1687 2410 altari

65 2426 112 2462 ρίῳ
122 2428 145 2454 οἱ
159 2428 233 2463 ἅγιοι
248 2429 358 2463 ἄγγελοί
369 2439 415 2457 σου
423 2430 563 2463 δοξάσουσι
572 2442 612 2466 σε,
627 2433 793 2469 ὃτιὴλέησάς
804 2443 821 2469 μ

931 2423 989 2450 ηηειί
1005 2424 1094 2459 angeli
1111 2424 1149 2452 tui
1163 2424 1353 2460 gloriﬁeabunt
1368 2428 1403 2458 te,
1419 2427 1547 2461 quoniam
1560 2427 1687 2456 misertus

902 2477 931 2496 es
946 2477 1008 2496 mei.

537 2563 689 2595 Addenda
706 2568 735 2596 et
748 2566 936 2606 corrigenda
949 2576 988 2599 ex
1004 2569 1073 2600 cod.
1092 2570 1190 2601 Vatic.

195 2641 338 2686 ἀσῆὃεῖςε..
351 2644 569 2686 ἐπιστρέφουσιν.
610 2682 615 2686 ⁸
938 2650 976 2686 (4)
992 2651 1090 2678 Αὑτοῦ.

145 2677 460 2725 ,μέλλεις
471 2677 513 2712 εις
530 2682 646 2717 σφαγήν,
661 2687 711 2711 etc.
989 2677 1188 2722 Εὖπρόσδεχτοί
1204 2688 1272 2715 εἰσιν
1283 2689 1310 2715 αἱ
1324 2689 1410 2725 εὐχαί.

91 2712 129 2747 (5)
145 2712 390 2749 Ἐξομολογεῖὰῡὰι.
