1916 3052
28 164 84 192 $37

69 221 118 250 12.
135 222 192 248 Καὶ
209 222 254 248 ἐπ’
267 223 347 250 αὑτὸν
363 224 531 258 γελάσονται,
544 226 589 252 καὶ
600 226 706 262 ἐροῦσιν
716 236 723 243 ·

71 267 119 294 15.
144 268 210 294 Ἰδοὺ
226 268 378 304 ἄνθρωπος,
399 270 428 302 ὃς
437 271 488 297 οὐκ
501 270 577 297 ἔθετο
591 272 636 298 τὸν
651 272 717 300 Θεὸν
733 272 827 308 βοηθὸν

33 322 125 340 αυτου
136 321 142 329 ⁸
648 332 651 337 κ

74 359 123 386 LL
147 359 216 386 Ἀλλ’
231 359 381 387 ἐπύλπισεν
400 361 446 388 ἐπὶ
459 361 498 388 τῶ
521 362 617 398 πλήθει
643 363 689 390 τοῦ
713 364 827 392 πλούτου

35 412 125 431 αυτου
136 412 144 419 ⁹

76 450 123 477 15.
141 449 196 476 Καὶ
212 449 398 486 ἐνεδυναμώθη
414 452 460 478 ἐπὶ
467 453 499 488 τῇ
517 445 677 489 ματαιότητι
689 455 782 482 αὑτοῦ.

73 495 121 522 16.
144 495 215 530 Ἐγὼ
230 495 258 522 δὲ
271 495 337 522 ὡσεὶ
354 496 431 523 ἐλαία
449 498 627 534 κατάκαρπος
650 501 679 527 ἐν
699 500 738 535 τῷ
761 501 829 536 οἴκῳ

36 542 86 569 τοῦ
98 541 170 568 Θεοῦ
181 549 188 555 ·

78 588 124 614 17.
141 587 260 614 Ἦλπισα
275 588 320 614 ἐπὶ
334 589 364 615 τὸ
376 588 449 621 ἔλεος
464 589 510 616 τοῦ
526 590 594 617 Θεοῦ
614 592 654 622 εἰς
671 591 716 618 τὸν
731 591 826 624 αἰῶνα,

35 633 84 660 καὶ
95 633 140 664 εἰς
149 632 194 659 τὸν
207 633 294 660 αῐῶνα
304 633 349 660 τοῦ
364 634 471 666 αἰῶνος.

73 677 120 705 18.
146 678 392 714 Ἐξομολογήσομαί
406 688 446 706 σοι
456 680 496 712 εἰς
510 681 555 708 τὸν
569 681 655 710 αἰῶνα
681 681 722 708 ὃτι
734 682 828 717 ὲποιηο

36 731 105 755 σας·
286 753 289 756 .

76 767 121 795 19.
139 768 192 794 Καὶ
207 767 335 804 ὑπομενῶ
349 769 380 796 τὺ
390 768 476 805 δνομά
488 779 546 804 σου,
558 771 600 799 ὅτι
635 771 732 798 οηστὸν
746 772 826 798 ἐναν-

35 813 94 839 τίον
113 812 169 839 τῶν
184 813 266 840 ὁσίων
288 821 345 840 σου.
573 807 581 815 ’

37 860 90 892 Εις
103 859 139 885 τὸ
155 859 243 893 τέλος
255 860 331 894 ὑπὲρ
350 860 477 893 Μαελὲθ,
494 862 647 896 συνέσεως
671 863 711 896 τῷ
726 865 825 892 Δαϐίδ.

353 908 440 934 ΨΑΛ.
453 908 519 934 NB'.

74 951 100 978 1.
116 949 201 978 Εἶπεν
218 952 312 988 ἄφρων
322 954 351 979 ἐν
366 953 465 988 καρδίᾳ
477 954 559 980 αὐτοῦ
569 963 575 969 -
593 955 650 981 Οὐκ
665 955 721 982 ἔστι
734 956 810 988 Θεός,

73 995 100 1023 Ξ.
117 996 318 1032 Διεφθάρησαν,
331 998 376 1024 καὶ
384 997 581 1034 ὲὸδελύχθησαν
598 999 627 1026 ὲν
638 1000 763 1035 ἁνομίαις
773 1010 780 1017 ·

75 1086 102 1115 5.
122 1087 180 1113 Οὐκ
192 1086 249 1113 ἔστι
265 1087 348 1114 ποιῶν
362 1087 473 1122 ἀγαθόν.

75 1133 101 1160 4.
127 1133 157 1159 '0
173 1133 238 1165 Θεὸς
251 1135 282 1160 ἐκ
294 1133 341 1163 τοῦ
352 1134 466 1171 οὐρανοῦ
481 1134 605 1171 διέκοψεν
617 1136 664 1162 ἐπὶ
675 1137 739 1168 τοὺς
749 1137 825 1170 υἱοὺς

38 1180 92 1207 τιῖιν
107 1179 156 1206 ἀνθ
160 1179 270 1214 ρώπων,

535 168 577 195 DE
595 168 730 197 TITULIS
749 170 973 201 PSALMORUM.
993 189 1027 194 —
1046 174 1142 202 PSAL.
1157 161 1212 203 ιιι.

1613 176 1664 204 858

842 237 867 264 Α
916 231 959 258 12.
977 231 1008 258 Ει
1023 240 1104 267 super
1120 240 1181 260 eum
1196 233 1332 266 ridebunt,
1344 238 1370 260 et
1386 233 1495 260 dicent:

911 277 954 304 15.
972 278 1040 305 Ecce
1053 279 1145 311 homo,
1162 279 1209 313 qui
1226 286 1279 305 non
1295 279 1386 313 posuit
1400 278 1486 306 Deum
1497 279 1662 313 adjutorium

879 330 957 350 Slllllll
968 333 973 349 2

913 369 957 395 M.
975 368 1027 396 Sed
1047 368 1165 403 speravit
1185 368 1212 396 in
1230 369 1403 396 multitudine
1423 369 1577 397 divitiarum
1598 377 1662 398 sua-

877 422 957 441 rum:

915 460 958 486 15.
974 460 1006 486 Et
1020 460 1160 494 praevaluit
1178 461 1204 488 in
1222 461 1339 488 vanitate
1357 468 1416 488 sua.

919 505 963 532 16.
983 505 1040 540 Ego
1065 510 1157 532 autem
1181 506 1252 533 sicut
1272 506 1340 532 oliva
1367 503 1505 533 fructifera
1530 507 1556 533 in
1579 507 1661 535 domo

878 551 924 579 Dei
939 560 946 578 :

915 597 958 624 17.
976 596 1087 631 Speravi
1111 597 1138 623 in
1160 596 1345 624 misericordia
1369 596 1414 624 Dei
1438 597 1464 623 in
1477 601 1618 631 aeternum,
1633 602 1662 626 et

879 642 906 670 in
922 643 1051 670 saeculum
1066 642 1167 669 sazculi.

913 689 957 716 18.
973 688 1129 715 Contitebor
1143 687 1192 715 tibi
1209 687 1236 715 in
1254 688 1394 720 saeculum,
1405 688 1468 724 quia
1482 687 1589 718 fecisti:

910 773 954 800 19.
970 772 1003 801 Et
1017 778 1183 809 exspectaoo
1199 782 1296 802 nomen
1312 779 1399 808 tuum,
1415 773 1542 808 quoniam
1558 773 1660 800 bonum

878 819 904 846 in
915 826 1063 854 conspectu
1079 825 1235 847 sanctorum
1254 825 1371 847 tuorum.

959 863 992 890 In
1006 864 1095 898 ﬁnem,
1110 872 1157 899 pro
1175 864 1299 896 Maeleth,
1319 863 1465 891 intellectus
1482 863 1577 892 Dauid.

1172 910 1274 938 PSAL.
1299 910 1362 938 LII.

915 956 940 982 1.
958 955 1029 983 Dixit
1046 956 1176 991 insipiens
1194 958 1221 983 in
1239 958 1320 984 corde
1332 965 1400 984 suo:
1416 955 1473 983 Non
1491 961 1532 983 est
1545 956 1624 983 Deus.

914 1001 941 1027 2.
958 1001 1085 1036 Corrupti
1110 1007 1184 1035 sunt,
1199 1007 1225 1029 et
1251 1002 1445 1030 abominabiles
1465 1002 1529 1029 facti
1548 1005 1611 1029 sunt
1632 1001 1660 1029 in

879 1047 1086 1080 iniquitatibus:

913 1094 939 1121 Ξῖ.
959 1093 1016 1119 Non
1032 1098 1073 1120 est
1085 1094 1130 1128 qui
1148 1092 1226 1120 faciat
1242 1093 1353 1120 bonum.

913 1139 939 1166 1.
957 1138 1027 1166 Deus
1046 1139 1079 1166 de
1095 1139 1165 1166 coelo
1178 1139 1317 1174 prospexit
1330 1147 1411 1174 super
1422 1139 1491 1168 ﬁlios
1508 1139 1660 1173 hominum.

598 1249 787 1279 ATHANASII
809 1251 1100 1281 INTEBPRETATIO.

74 1337 117 1364 12.
136 1338 284 1374 Χαίροντες
297 1338 410 1366 εῐπωσιν
421 1348 428 1355 ·

74 1383 117 1410 15.
137 1382 220 1416 Οὗτος
238 1383 273 1420 ἧν
285 1387 300 1412 ό
315 1385 511 1421 ἀνθιστάμενος
522 1387 562 1422 τῷ
578 1387 648 1423 Θεῷ.

75 1429 118 1456 η.
141 1430 211 1456 Ἀλλ’
232 1431 325 1466 ὲθάρει
345 1431 383 1467 (1)
400 1431 590 1470 [ἐθάρρησεν]
611 1434 657 1460 ἐπὶ
672 1434 705 1470 τῇ
730 1433 828 1466 ἀλαζο-

39 1475 100 1512 νείᾳ
115 1475 222 1504 ἑαυτοῦ.

77 1521 120 1548 15.
139 1523 193 1549 Καὶ
208 1522 317 1558 ἴσχυσεν
328 1524 356 1550 ὲν
369 1525 402 1559 τῇ
417 1524 527 1560 ἀνομίᾳ,
542 1524 575 1560 ἢν
590 1524 709 1561 ὲφηῦρεν
722 1525 771 1561 (Ξ).

78 1566 118 1594 16.
138 1567 167 1593 '0
181 1568 210 1594 δὲ
228 1568 308 1603 χορὸς
323 1568 376 1595 τῶν
405 1570 490 1604 ἁγίων
512 1569 618 1606 πλήρης
645 1571 719 1597 ἐστὶν
736 1571 828 1604 ἐλέους

41 1613 88 1640 καὶ
103 1613 218 1648 καρπῶν
233 1615 387 1650 εἰρηνικῶν.

77 1659 121 1686 17.
140 1659 332 1692 ’Δδιαλεὶπτως
346 1660 463 1688 πέποιθα
479 1662 524 1688 ἐπὶ
541 1662 572 1688 τὸ
588 1662 743 1698 ἀμέτρητον
754 1662 828 1694 ἕλεος

42 1705 88 1732 τοῦ
105 1705 184 1733 Θεοῦ.

79 1750 121 1777 18.
141 1749 250 1783 Δοξάσω
266 1758 296 1776 σε
316 1751 356 1782 εὶς
381 1750 426 1778 τὸν
439 1751 535 1785 αἰῶνα,
549 1753 591 1779 ὅτι
617 1751 655 1787 (ὅ)
688 1753 719 1779 σύ
736 1761 769 1788 με
786 1753 826 1784 εἰς

42 1795 120 1822 τοῦτο
130 1796 242 1830 ἤγαγες.

77 1841 119 1868 19.
133 1842 188 1868 Καὶ
202 1842 320 1877 διαμενῶ
333 1842 371 1878 (ιι)
383 1844 427 1870 ἀεὶ
449 1844 478 1869 ὲν
499 1843 537 1878 τῷ
566 1843 678 1879 ὀνόματί
700 1853 764 1877 σου,
785 1844 825 1870 ὅτι

42 1886 120 1913 τοῦτο
132 1887 234 1921 ἀγαθόν
248 1889 306 1914 ἐστι
322 1889 388 1916 πᾶσι
403 1890 460 1920 τοῖς
475 1889 561 1922 ἁγίοις
574 1897 631 1916 σου.

912 1343 955 1370 12.
970 1343 1125 1372 Caudentes
1139 1343 1229 1372 dicent

913 1390 957 1416 15.
973 1389 1022 1417 Hic
1036 1394 1104 1422 erat,
1116 1390 1162 1424 qui
1178 1389 1234 1416 Deo
1246 1389 1448 1417 adversabatur.

913 1435 957 1462 M.
974 1435 1026 1463 Sed
1041 1435 1161 1463 conﬁsus
1174 1438 1215 1463 est
1227 1435 1254 1462 in
1268 1434 1398 1470 jactantia
1408 1442 1466 1462 sua.

914 1521 958 1550 15.
977 1521 1010 1549 Et
1024 1522 1164 1558 praevaluit
1182 1522 1209 1550 in
1224 1522 1366 1557 iniquitate
1380 1529 1462 1557 quam
1477 1521 1589 1549 invenit.

912 1567 955 1596 16.
971 1568 1077 1595 Chorus
1088 1572 1179 1595 autem
1201 1573 1358 1596 sanctorum
1378 1568 1474 1603 plenus
1493 1571 1535 1595 cst
1553 1567 1663 1596 miseri-

877 1614 980 1646 cordia,
998 1619 1024 1641 et
1041 1613 1176 1641 fructibus
1190 1614 1321 1648 pacificis.

912 1660 955 1687 17.
971 1659 1158 1687 Ιιιᾱιιίίρίρηιοι·
1185 1660 1305 1687 conlisus
1329 1668 1389 1688 sum
1415 1661 1442 1687 in
1466 1659 1598 1687 immensa
1613 1657 1662 1686 Dei

877 1705 1070 1733 misericordia.

911 1750 955 1778 18.
971 1750 1134 1778 Gloriﬁcabo
1158 1754 1183 1777 te
1205 1750 1233 1777 iu
1259 1755 1400 1782 aeternum,
1416 1748 1543 1784 quoniam
1567 1751 1596 1774 tu
1617 1754 1662 1774 me

877 1796 931 1823 huc
946 1803 1033 1831 usque
1051 1795 1199 1823 adduxisti.

914 1842 956 1870 19.
971 1841 1004 1869 Ει
1017 1841 1182 1876 permanebo
1205 1848 1311 1875 semper
1331 1841 1359 1866 in
1380 1839 1491 1866 nomine
1512 1843 1568 1871 tuo,
1590 1845 1660 1872 quo-

879 1888 951 1916 niam
964 1888 1015 1915 hoc
1025 1887 1127 1915 bonum
1140 1891 1181 1914 est
1197 1886 1324 1914 omnibus
1341 1885 1442 1913 sanctis
1457 1885 1520 1912 tuis.

83 1943 115 1970 Ἠ
128 1943 294 1978 προκειμένη
313 1944 452 1979 ἐπιγραφὴ
468 1944 589 1979 περιέχει
604 1944 642 1979 (5)
655 1953 662 1960 ·
676 1945 729 1977 Εἷς
752 1944 784 1971 τὸ
803 1944 890 1975 τέλος
915 1942 991 1976 ὑπὲρ
1014 1941 1142 1973 Mus/1&0,
1171 1940 1324 1973 συνέσεως
1340 1939 1379 1972 τῷ
1404 1939 1502 1966 Δαϐίδ.
1520 1938 1603 1966 Τοῦτο
1615 1936 1662 1966 οὖν

44 1992 116 2018 ὲπιν
130 1990 162 2027 [ὂ
179 1991 270 2027 λέγει]
286 1992 331 2018 ἐπὶ
342 1992 413 2018 τέλει
427 1992 481 2019 τῶν
498 1991 602 2019 αἰώνων
619 1993 688 2028 ὑπὲρ
700 1992 746 2019 τοῦ
760 1993 863 2028 Κυρίου
876 1991 951 2025 λέγει
965 1992 980 2017 ὁ
995 1990 1113 2025 ψαλμὺς,
1124 1989 1182 2020 πῶς
1198 1988 1237 2024 (ϐ)
1249 1988 1406 2023 ἐπιστρέφει
1417 1987 1462 2013 τὸν
1474 1986 1536 2012 λαὸν
1547 1986 1661 2013 λυτρού-

46 2045 123 2070 μενος
136 2037 218 2063 αὺτδν
233 2037 266 2063 ὲκ
280 2037 330 2072 τῆς
344 2038 391 2064 τοῦ
409 2037 531 2065 διαϐόλου
551 2039 719 2070 δυναστείας.
743 2038 860 2066 Μαελὲθ
875 2037 930 2072 γὰρ
947 2036 1127 2073 ἑρμηνεύεται
1155 2034 1274 2069 ἀπαρχὴ
1285 2043 1292 2050 ·
1318 2033 1430 2069 ἀπαρχὴ
1444 2033 1472 2059 δὲ
1498 2034 1514 2060 ό
1535 2033 1662 2066 Χριστός

45 2082 124 2108 ἐστιν.
143 2083 195 2115 Εἰς
206 2083 335 2109 σύνεσιν·
349 2081 510 2119 [Συνέσεως]
523 2083 551 2110 δὲ
566 2082 605 2116 τῷ
623 2084 722 2116 Δαὸὶὸ,
737 2083 877 2110 τουτέστιν
891 2083 955 2109 ὅταν
975 2081 1039 2117 ἔλθῃ
1054 2083 1094 2112 εἰς
1107 2080 1215 2107 σύνεσιν
1232 2081 1245 2106 ό
1255 2079 1317 2111 λαὸς
1331 2080 1344 2105 ὁ
1365 2078 1553 2113 πεποθημένος
1563 2087 1569 2092 ·
1583 2076 1662 2103 τοῦτο

46 2130 98 2164 γὰρ
111 2129 290 2164 ἑρμηνεύεται
305 2131 321 2156 ό
332 2129 429 2156 Δαϐίδ.

79 2174 185 2202 Titulus
200 2175 360 2210 praepositus
373 2175 493 2204 continet
508 2184 514 2201 :
532 2174 566 2200 In
587 2174 665 2209 ﬁnem
688 2181 735 2208 pro
752 2173 873 2206 ηιαειειὴ,
899 2172 1048 2200 intellectus
1061 2173 1155 2200 Dauid.
1175 2172 1232 2201 Hoc
1244 2173 1326 2208 igitur
1340 2177 1382 2200 est
1393 2172 1476 2208 [quod
1497 2169 1659 2206 signiﬁcat]:

46 2219 167 2247 Psalmus
181 2220 302 2255 loquitur
317 2221 350 2248 de
361 2220 476 2248 Domino
494 2221 521 2248 in
538 2222 592 2248 ﬁne
608 2222 782 2255 saeculorum,
796 2220 932 2256 quomodo
948 2220 1081 2248 convertit
1101 2220 1242 2256 populum,
1260 2221 1379 2260 liberans
1395 2228 1456 2247 eum
1475 2227 1507 2247 ex
1531 2222 1662 2253 potestate

48 2266 154 2294 diaboli.
170 2266 285 2293 Maeleth
301 2267 374 2294 enim
387 2267 581 2302 interpretatur
594 2269 720 2302 primitiae
731 2276 740 2294 :
759 2267 885 2294 orimitia:
902 2271 992 2294 autem
1010 2266 1132 2293 Christus
1150 2272 1209 2294 est:
1227 2266 1379 2293 Intellectus
1392 2271 1482 2294 autem
1499 2264 1593 2298 David,
1608 2264 1662 2291 hoc

47 2317 96 2344 est,
110 2319 172 2340 cum
190 2313 217 2339 in
232 2313 398 2341 intellectum
414 2315 517 2342 venerit
532 2314 648 2349 populus
663 2314 851 2345 desideratus;
865 2313 902 2340 ita
914 2314 987 2346 enim
1005 2313 1184 2348 interpetatur
1200 2313 1293 2340 David.

81 2359 106 2385 1.
132 2359 161 2385 '0
173 2358 295 2390 διάϐολος
311 2361 358 2387 καὶ
375 2361 399 2386 οἱ
417 2360 499 2387 αὑτοῦ
514 2360 614 2392 πάντες
631 2361 695 2396 περὶ
716 2360 762 2386 τοῦ
783 2369 823 2386 τε-

916 2359 941 2386 1.
959 2358 1088 2386 Diabolus
1110 2363 1137 2386 et
1151 2367 1245 2388 omnes
1262 2361 1308 2396 qui
1327 2361 1386 2396 ejus
1402 2363 1465 2388 sunt
1481 2359 1607 2387 dixerunt
1629 2359 1663 2388 de

48 2405 152 2441 χθέντος
163 2406 195 2432 ἐκ
208 2406 258 2441 τῆς
272 2406 420 2442 Παρθένου.

80 2451 105 2478 Ξ.
120 2451 337 2487 Κατεφθάρησαν
351 2452 397 2478 καὶ
410 2452 584 2487 προσώζεσαν
598 2452 626 2478 ἐν
643 2451 799 2487 ἁμαρτίαις.

82 2497 107 2524 3.
120 2496 179 2523 Τῶν
194 2497 378 2524 ἀπειθούντων
394 2499 433 2534 τῷ
449 2498 508 2533 Θεῷ
524 2498 564 2533 τῷ
582 2498 686 2533 ἀγαθῷ,
706 2497 751 2524 καὶ
765 2497 826 2524 κο).-

50 2541 174 2576 ἲωμένοις
191 2542 229 2576 (7)
246 2542 285 2578 τῷ
298 2543 418 2578 πονηρῷ.

83 2586 106 2614 4.
123 2588 270 2615 Κατανοεῖν
283 2589 317 2615 τὰ
333 2589 400 2624 ἔργα
415 2589 468 2616 τῶν
482 2588 641 2625 ἀνθρώπων.

877 2409 941 2432 nato
959 2412 992 2431 et
1007 2404 1126 2439 Virgine.

911 2452 939 2478 ’2.
956 2450 1084 2486 Corrupti
1102 2455 1165 2478 sunt
1179 2454 1204 2477 et
1218 2454 1378 2485 pulruerunt
1391 2451 1418 2477 in
1434 2452 1562 2485 peccatis.

912 2498 939 2523 5.
956 2497 1056 2524 Eorum
1074 2497 1120 2532 qui
1145 2497 1200 2524 Deo
1215 2497 1317 2531 optimo
1333 2497 1472 2530 resistunt,
1486 2502 1511 2525 cl
1525 2498 1661 2525 adluerent

879 2543 960 2570 malo.

924 2588 948 2614 4.
962 2585 995 2614 Ut
1007 2592 1185 2618 cognosceret
1198 2594 1279 2622 opera
1292 2587 1440 2614 hominum.

528 2670 679 2704 Addenda
693 2673 723 2701 et
748 2669 934 2708 corrigenda
949 2675 988 2698 ex
1006 2668 1076 2699 cod.
1097 2668 1195 2699 Valic.

84 2750 121 2803 ΞΩ
135 2751 274 2803 me

135 2785 242 2823 Ἰσχύεν
253 2808 261 2823 Δ.
277 2806 285 2813 .
299 2807 304 2812 .
337 2787 459 2823 ἐφεῦρεν.

86 2820 122 2855 (5)
139 2820 342 2855 Σεᾶπαύστως,
356 2820 412 2855 ὅτι.
425 2828 477 2852 ctc.

87 2855 121 2891 (4)
137 2857 184 2883 Δια
188 2857 270 2892 μείνω

1021 2751 1065 2779 διὰ
1081 2753 1129 2788 τῆς
1141 2753 1323 2788 κινναϐάρεως
1337 2761 1399 2789 περ.

927 2788 954 2821 6)
971 2788 1029 2819 Ὃς.

929 2823 943 2848 7
948 2824 955 2840 \
968 2823 1163 2857 Κολλωμενων.
