1896 3052
38 157 79 186 375
453 153 496 182 DE
517 153 654 183 Tl'l'ULIS
675 151 896 185 PSALMORUM.
917 172 953 177 ~—
973 157 1072 191 PSAL.
1094 157 1161 186 LVI.
1578 159 1630 190 δτι

62 215 84 243 3.
101 214 149 242 Καὶ
160 215 188 241 ἐν
202 214 236 249 τῇ
256 214 319 250 σκιᾷ
334 213 388 240 τῶν
404 214 549 250 πτερύγων
565 223 613 241 σου
629 215 724 248 ὲλπιῶ,

61 260 153 292 ι.”Εως
164 256 194 287 οὗ
210 259 331 295 παρέλθῃ
345 260 362 295 ὴ
376 260 488 295 ἀνομία.

62 306 82 332 5.
99 305 266 341 stpﬁoyat
282 305 347 341 πρὸς
363 306 410 332 τὸν
425 305 491 332 Θεὸν
504 306 550 333 τὸν
564 305 686 342 ὕψιστον,

63 351 82 378 6.
99 351 143 377 Τὸν
155 351 218 378 Θεὸν
231 351 278 378 τὸν
291 352 511 388 εὐεργετήσαντά
527 361 571 388 με.

63 396 82 422 7.
93 396 285 428 Ἐξαπέστειλεν
300 397 330 429 ἐξ
344 397 469 433 οὐρανοῦ,
484 398 531 425 καὶ
547 397 633 424 ἔσωσέ
647 406 696 434 με⁸

63 442 195 470 8.¹Εδωκεν
208 443 248 474 εἰς
264 443 364 475 ὖνειδος
376 444 440 475 τοὺς
456 444 681 476 καταπατοῦντας
700 453 743 480 με.

811 221 835 249 Α
890 217 917 245 ὅ.
943 216 976 244 Et
989 217 1016 244 in
1033 217 1129 245 umbra
1148 217 1254 245 alarum
1271 222 1379 245 tuarum
1392 218 1517 254 sperabo,

883 264 909 290 4.
937 263 1029 290 Donec
1049 267 1170 291 transeat
1188 263 1332 298 iniquitas.

883 309 909 336 5.
931 309 1062 336 Clamabo
1077 310 1110 336 ad
1126 308 1217 345 Deum
1231 309 1395 338 altissimum
1413 319 1421 338 :

883 354 909 381 6.
937 353 1021 381 Deum
1034 353 1081 388 qui
1093 353 1229 382 benefecit
1244 354 1323 382 milii.

884 400 909 426 ’1.
936 399 1009 427 Misit
1023 399 1057 427 de
1073 400 1153 433 cmlo,
1170 404 1197 428 et
1215 401 1342 429 liberavit
1361 409 1404 429 me.
1422 410 1429 429 :

878 444 905 472 8.
935 444 1011 472 Dedit
1024 445 1051 472 in
1071 445 1246 481 opprobrium
1263 446 1456 474 conculcantes
1473 454 1525 475 me.

62 489 82 516 9.
93 488 286 521 Ἑξαπέστειλεν
307 489 322 515 ὸ
343 489 408 521 Θεὸς
428 489 459 516 τὸ
483 490 557 522 ἔλεος
579 491 672 522 αὑτοῦ,
685 491 732 518 καὶ
748 490 796 526 τὴν

38 535 137 570 ἀλήθειαν
149 534 229 562 αὐτοῦ
240 543 247 549 ·

879 545 900 564 m
919 545 996 565 suam
1014 546 1021 563 Ζ

62 582 94 608 10.
111 581 160 608 Καὶ
180 581 317 618 ἐρρύσατο
336 582 386 618 τὴν
407 582 496 618 ψυχήν
513 592 563 619 μου
580 584 612 611 ὲκ
635 585 717 620 μὲσου
732 585 788 612 σκύ‹

885 583 928 610 10.
954 582 986 610 Et
1003 583 1104 618 eripuit
1125 583 1244 610 animam
1263 591 1351 611 meam
1371 583 1404 610 de
1424 583 1512 610 medio
1529 583 1632 611 catulo-

39 638 92 662 μνων
100 637 105 643 ·

884 636 909 655 m
929 629 1040 655 leonum
1058 637 1065 655 :

64 675 96 701 ll.
113 674 270 710 Ἐκοιμήθην
285 676 497 711 τεταραγμένος.

884 675 928 702 11.
947 673 1067 702 Dormivi
1083 673 1272 701 conturbatus.

64 720 97 747 Ε.
110 721 163 747 Υἱοὶ
170 720 331 757 ἀνθρώπων,
340 722 363 748 οἱ
374 721 479 754 ὀδόντες
490 723 578 750 αὐτῶν
586 723 655 750 ὅπλα
664 724 710 750 καὶ
720 723 788 760 βέλη

884 720 926 747 12.
943 720 1003 748 Filii
1013 721 1165 752 hominum,
1177 720 1271 748 dentes
1283 727 1377 747 eorum
1392 728 1467 748 arma
1479 726 1505 749 et
1513 722 1631 755 sagittae.

64 765 96 792 15.
108 767 157 792 Καὶ
170 767 186 801 η
199 766 310 800 γλῶσσα
324 767 415 794 αὐτῶν
431 768 552 804 μάχαιρα
566 768 650 800 ὀξεῖα.

884 769 928 796 15.
943 768 977 796 Et
989 768 1080 803 lingua
1097 776 1192 796 eorum
1206 768 1312 803 gladius
1325 773 1421 796 acutus

63 811 95 838 ll.
112 811 241 848 ’Υψὼθητι
259 814 307 840 ἐπὶ
319 814 381 846 τοὺς
396 815 538 849 οὐρανοὺς,
551 815 565 840 ό
578 815 653 847 Ger};-

883 814 927 842 M.
942 814 1161 850 Exaltare,super
1176 813 1357 852 cmlosnDeus
1375 823 1381 840 :

65 857 98 884 15.
109 858 157 884 Καὶ
167 858 212 884 ἐπὶ
225 859 320 886 πᾶσαν
330 859 380 894 τὴν
393 860 446 896 γῆν
462 861 479 896 ὴ
493 860 556 894 δόξα
571 869 626 887 σου.

884 860 928 888 15.
944 859 978 887 Et
994 860 1021 887 in
1037 859 1111 887 omni
1128 863 1198 888 terra
1210 859 1296 895 gloria
1311 863 1368 892 tua.

64 904 96 931 16.
107 905 157 939 Παγ
166 905 206 932 ,δα
215 905 371 941 ἡτοίμασαν
384 907 442 939 τοῖς
457 907 521 934 ποσί
537 916 599 943 μου·

882 906 927 934 16.
942 906 1082 942 Laqueum
1096 909 1262 941 paraverunt
1274 906 1389 941 pedibus
1401 908 1470 935 meis
1487 916 1494 935 :

63 949 96 976 17.
107 951 155 977 Καὶ
170 951 351 987 κατέκαμψαν
363 951 412 988 τὴν
423 952 514 988 ψυχήν
530 962 592 988 μου.

886 952 929 979 17.
946 951 979 979 Et
992 952 1205 980 incurvaverunt
1219 952 1338 980 animam
1352 961 1452 981 meam.

65 995 96 1023 18.
110 996 218 1033 Ὤρυξαν
230 997 284 1032 πρὸ
302 997 448 1033 προσώπου
466 1007 516 1034 μου
532 999 636 1035 βόθρον·

65 1041 96 1069 l9.
107 1043 154 1069 Kal
165 1043 294 1071 ἐνέπεσον
310 1045 350 1076 εἰς
362 1045 454 1072 αὐτόν.

289 1090 448 1126 Auito-alga
462 1092 511 1126 (a).

62 1133 96 1159 20.
112 1135 212 1172 Ἐτοίμη
223 1137 240 1172 ἡ
255 1135 357 1172 καρδία
373 1145 434 1172 μου,
452 1138 466 1163 ὁ
481 1137 563 1168 Θεόςθ

64 1178 95 1205 9-1.
111 1180 209 1218 Ἑτοίμη
224 1183 241 1218 ἡ
259 1181 360 1217 καρδία
385 1191 447 1217 μου,
466 1182 576 1219 ᾄσομαι,
601 1184 647 1210 καὶ
668 1183 747 1218 ψαλῶ
763 1183 792 1210 ὲν

41 1224 62 1257 τῇ
133 1235 189 1261 μου.

65 1284 91 1318 (α)
101 1285 157 1313 Cod.
170 1284 252 1313 Palat.

883 491 910 518 9.
937 490 1010 519 Misit
1035 490 1105 519 Deus
1128 492 1346 520 misericordiam
1371 500 1460 525 suam,
1481 498 1510 521 et
1531 493 1631 521 verita-

883 997 928 1024 18.
943 997 1081 1025 Foderunt
1093 1003 1156 1025 ante
1170 997 1269 1026 faciem
1279 1005 1368 1026 meam
1384 998 1490 1028 foveam
1503 1008 1513 1028 ξ

882 1044 926 1072 19.
941 1043 974 1071 Ει
990 1044 1144 1072 inciderunt
1159 1045 1187 1072 in
1202 1052 1273 1072 eam.

1159 1090 1324 1126 Diapsalma.

881 1136 927 1164 20.
941 1135 1069 1164 Paratum
1088 1145 1136 1164 cor
1150 1145 1252 1170 meum,
1268 1137 1339 1166 Deus
1352 1147 1359 1166 :

879 1182 925 1210 ‘21.
940 1182 1069 1210 Paratum
1084 1190 1132 1210 cor
1147 1191 1246 1216 meum,
1262 1185 1387 1218 cantabo,
1403 1189 1430 1212 et
1444 1185 1578 1220 psalmum
1593 1185 1634 1214 di-

845 1235 904 1255 cam
921 1229 949 1256 in
966 1229 1051 1264 gloria
1066 1236 1137 1257 mea.

564 1314 753 1359 ATHANASlI
772 1329 1070 1358 INTERPRETATIO.

43 1404 69 1436 τῷ
82 1407 157 1434 αὐτὸν
168 1407 403 1442 ἀποδιδράσκειν
419 1409 478 1436 ἀπὸ
496 1409 658 1444 προσώπου
674 1408 774 1436 Σαοὺλ
788 1409 832 1442 εις
848 1408 881 1435 τὸ
899 1407 1063 1443 σπήλαιον.
1081 1407 1167 1434 Τοῦτο
1177 1404 1224 1434 οὖν
1242 1407 1326 1443 δηλοῖ,
1342 1407 1407 1434 ὃταν
1423 1416 1465 1439 τις
1478 1407 1567 1444 φεύγῃ
1582 1407 1635 1435 aut

44 1453 150 1487 πριοώτου
164 1456 246 1482 Σαοὺλ
261 1457 304 1486 εἰς
320 1456 366 1482 τὸν
383 1457 488 1493 μονήρη
506 1458 573 1493 βίον,
592 1457 691 1494 μηκέτι
702 1457 855 1493 διαφθείρει
874 1457 913 1492 (1)
927 1457 968 1488 είς
984 1455 1034 1492 τὴν
1052 1456 1098 1482 τοῦ
1114 1456 1217 1492 Κυρίου
1234 1456 1382 1489 πολιτείαν,
1399 1455 1468 1484 ἀλλὰ
1482 1456 1546 1492 βοᾷν

44 1502 90 1535 πρὸς
100 1503 166 1530 αὐτὸν
177 1504 220 1531 τὸν
237 1504 419 1540 προκείμενον
432 1505 548 1541 ψαλμόν.
565 1506 651 1533 Σαοὺλ
667 1505 721 1541 γὰρ
737 1506 778 1537 εἰς
789 1504 836 1531 τὸν
852 1503 974 1532 διάϐολον
990 1503 1186 1540 ἑρμηνεύεται,
1205 1503 1296 1536 καθὼς
1311 1503 1440 1536 πολλάκις
1456 1504 1617 1540 εἰρήκαμεν.

45 1548 90 1581 [uie
100 1549 153 1578 Saul
166 1553 192 1579 in
207 1553 371 1588 speluncam.
390 1551 446 1580 Hoc
464 1553 547 1588 igitur
559 1553 704 1588 signiﬁcat,
720 1560 782 1580 cum
800 1552 863 1588 quis
876 1551 945 1587 fugit
959 1559 975 1579 a
993 1551 1062 1579 facie
1077 1551 1142 1579 Saul
1160 1552 1187 1578 in
1203 1552 1287 1579 vitam
1312 1551 1473 1584 solitariam,
1499 1558 1554 1579 non
1576 1559 1633 1578 am-

45 1594 92 1626 llius
102 1599 237 1634 corrumpit
247 1597 488 1626 conversationem
505 1597 625 1632 Domini,
642 1598 690 1626 sed
709 1598 853 1626 clamando
866 1598 899 1626 ad
912 1605 974 1625 eum
992 1597 1147 1632 appositum
1161 1598 1297 1633 psalmum
1314 1597 1391 1626 dicit.
1409 1597 1474 1625 Saul
1495 1598 1569 1625 enim
1585 1604 1636 1633 pro

45 1640 122 1672 diabolo
133 1646 269 1682 accipitur,
287 1646 519 1681 quemadmodum
539 1654 611 1682 saepe
631 1646 764 1674 diximus.

67 1711 86 1738 5.
99 1713 143 1740 Καὶ
163 1715 190 1741 ὲν
207 1716 241 1750 τῇ
267 1714 422 1741 ἀναπαύσει
434 1713 488 1741 τῶν
502 1714 572 1742 δύων
592 1723 638 1742 σου
659 1713 788 1749 διαθηκῶπ

885 1713 911 1740 5.
938 1711 972 1739 Et
985 1713 1013 1738 in
1031 1711 1171 1747 refrigerio
1187 1711 1304 1739 duorum
1321 1715 1547 1741 testamentorum
1570 1716 1634 1741 tuo-

46 1763 104 1785 ειπιω
110 1768 116 1774 ³

67 1803 85 1830 6.
91 1805 149 1838 Ἕως
162 1804 189 1834 οὗ
203 1807 366 1843 συντελεσθῇ
382 1809 397 1835 ὁ
412 1807 523 1843 κόσμος-

68 1849 86 1877 5.
101 1852 263 1889 Δεηθήσομαι,
281 1854 365 1888 λέγει,
379 1853 426 1881 τοῦ
445 1853 513 1880 Θεοῦ
529 1852 576 1879 τοῦ
592 1852 704 1887 ὑψίστου
715 1860 722 1868 ⁵

68 1895 86 1921 6.
101 1897 142 1924 Τὸν
153 1899 340 1936 δωρησάμενον
355 1899 392 1935 (‘2)
406 1899 440 1926 τὰ
455 1899 552 1926 ἑαυτοῦ
567 1899 667 1926 πάντα.

68 1940 87 1968 7.
101 1943 142 1969 Τὸν
153 1943 213 1971 Θεὸν
228 1945 317 1980 Λόγον
331 1944 520 1978 ἐξαπέστειλεν
535 1945 549 1971 ὁ
562 1945 658 1980 Πατήρ

69 1987 87 2014 8.
102 1988 158 2021 Τοὺς
170 1990 297 2026 δαίμονας
310 1991 397 2026 λέγει.

69 2032 87 2059 9.
101 2034 143 2061 Τὸν
155 2036 213 2063 Υἱὸν
225 2036 321 2070 αὑτοῦ,
334 2037 382 2063 καὶ
395 2036 426 2063 τὺ
438 2035 550 2072 Πνεῦμα
567 2035 650 2062 αὑτοῦ
662 2034 693 2062 τὸ
705 2035 792 2069 ἆγιον.

71 2079 146 2108 10.Ἕκ
156 2083 233 2118 μέσου
245 2083 303 2110 τῶν
315 2083 460 2119 δαιμόνων.

73 2124 103 2153 ll.
119 2128 315 2166 ’Δνεπαυσάμην
335 2130 404 2166 μετὰ
424 2129 563 2164 φροντίδος
580 2128 635 2156 τῶν
653 2127 793 2164 ἁμαρτιῶν

51 2179 91 2202 μου.

72 2217 153 2248 ηἶΐῶν
162 2222 308 2258 ἀνθρώπων
316 2223 343 2250 αἱ
350 2222 518 2250 διδασκαλίαι
524 2220 705 2258 θανατηφόροι
714 2219 790 2246 εἰσίν.

72 2263 102 2291 15.
115 2267 189 2303 Καὶή
203 2269 281 2296 λαλιὰ
297 2268 387 2296 αὐτῶν
403 2268 558 2304 ὴκονημένη
575 2267 615 2300 είς
630 2266 713 2294 κακά.

74 2308 103 2336 ll.
114 2312 244 2351 Δοξάσθητι
259 2316 288 2342 ὲν
305 2315 360 2346 τοῖς
374 2314 461 2348 ἁγίοις
475 2322 532 2346 σου,
546 2314 560 2340 ὸ
574 2312 650 2344 Θεός.

74 2353 103 2382 15.
115 2357 160 2384 Καὶ
175 2359 202 2386 ὲν
219 2360 299 2387 παντὶ
311 2359 351 2395 τῷ
365 2359 460 2395 κόσμῳ
474 2359 491 2395 ἡ
509 2359 600 2390 πίστις
616 2366 672 2384 σου.

74 2397 104 2426 Ίῧ.
115 2401 141 2427 01
151 2402 269 2439 δαίμονες
280 2404 329 2440 τὴν
395 2403 544 2439 ἁμαρτίαν.

75 2443 106 2471 17.
116 2447 161 2475 Καὶ
173 2450 294 2478 εἵλκυσαν
311 2450 360 2485 τὴν
374 2449 462 2485 ψυχήν
478 2457 540 2484 μου·

76 2488 272 2530 18.11Ξιτρέπισάν
290 2505 336 2532 μοι
350 2495 397 2523 τοῦ
414 2495 508 2522 πεσεῖν
526 2495 566 2526 εἰς
580 2494 629 2530 τὴν
645 2493 791 2528 ἁμαρτιαν,

54 2534 83 2559 ui
94 2537 133 2572 ἐμὲ
145 2540 187 2574 μὲν
202 2542 323 2578 gmw.
511 2539 522 2550 ι

76 2579 107 2608 l9.
124 2584 224 2614 Ἐκεῖνοι
239 2588 266 2616 δὲ
282 2588 424 2624 ἐνέμειναν
438 2588 468 2614 ὲν
482 2587 560 2623 αὐτῇ.

77 2624 108 2652 Ἡ).
121 2629 159 2662 Εἰς
170 2633 197 2659 τὸ
207 2633 309 2670 θέλημά
325 2643 383 2661 σου.

69 2671 108 2722 '21.
123 2675 243 2713 ’Δνυμνῶν
258 2689 303 2707 σου
324 2680 371 2707 καὶ
390 2679 478 2714 λέγων
490 2680 539 2711 τὰς
555 2678 658 2714 δωρεὰς
676 2677 709 2710 ἃς
725 2677 791 2712 ἐχα-

56 2722 102 2747 ειςω
116 2729 159 2755 μοι.

845 1765 908 1785 rum
925 1757 1042 1792 sperabo
1059 1765 1066 1783 :

879 1803 906 1831 4.
933 1803 1025 1830 Donec
1047 1807 1255 1833 consummetur
1272 1802 1403 1830 mundus.

879 1850 906 1877 5.
929 1849 1111 1885 Deprecabar,
1124 1848 1223 1885 inquit,
1241 1848 1326 1876 Deum
1341 1849 1526 1877 altissimum:

880 1896 907 1924 6.
937 1895 988 1929 Qui
1002 1903 1052 1924 sua
1065 1895 1160 1923 omnia
1177 1894 1297 1923 donavit.

878 1942 903 1970 7.
930 1942 1014 1969 Deum
1028 1941 1148 1969 Verbum
1165 1941 1240 1968 misit
1257 1941 1352 1969 Pater.

878 1987 905 2015 8.
930 1987 1072 2016 Daemones
1088 1987 1235 2022 signiﬁcat.

879 2033 907 2061 9.
935 2033 1034 2061 Filium
1049 2041 1130 2061 suum
1147 2037 1174 2060 et
1192 2036 1317 2061 sanctum
1332 2038 1413 2059 suum
1433 2030 1577 2067 Spiritum.

880 2079 923 2107 10.
946 2079 985 2107 De
1004 2079 1094 2107 medio
1113 2079 1277 2107 daemonum.

881 2124 924 2152 11.
940 2124 1071 2160 Requievi
1084 2124 1217 2152 sollicitus
1236 2124 1270 2151 de
1286 2123 1405 2158 peccatis
1418 2123 1496 2151 meis.

879 2213 922 2240 12.
937 2212 1072 2240 Doctrina:
1083 2211 1224 2240 hominum
1237 2210 1383 2238 mortiferae
1393 2215 1466 2238 sunt.

880 2258 924 2285 i3.
939 2257 973 2284 Et
985 2257 1093 2292 loquela
1105 2265 1200 2284 eorum
1213 2262 1292 2284 acuta
1309 2257 1343 2284 ad
1357 2257 1470 2284 malum.

877 2303 921 2330 14.
939 2302 1098 2330 Gloritlcare
1115 2302 1142 2329 in
1158 2302 1261 2330 sanctis
1276 2302 1341 2334 tuis,
1353 2301 1436 2329 Deus.

877 2351 921 2379 15,
935 2350 968 2377 Ει
979 2351 1006 2378 in
1021 2351 1094 2378 omni
1106 2349 1210 2378 mundo
1223 2349 1290 2377 ﬁdes
1309 2355 1365 2378 tua.

881 2396 923 2424 16.
941 2397 1080 2424 Daamoncs
1093 2401 1244 2431 peccatum.

878 2442 921 2470 17.
937 2442 970 2469 Ει
987 2447 1127 2470 traxerunt
1143 2443 1261 2470 animam
1276 2450 1376 2470 meam.

877 2489 921 2516 18.
937 2488 1107 2516 Paraverunt
1125 2489 1192 2516 mihi
1206 2494 1235 2516 ut
1251 2489 1376 2517 caderem
1395 2489 1591 2524 inopeccatnm,
1603 2496 1630 2517 ct

842 2543 885 2563 me
897 2535 1006 2570 quidem
1021 2535 1154 2563 liberasti.

877 2581 919 2609 19.
936 2581 989 2616 Ipsi
1001 2588 1091 2609 autem
1109 2582 1136 2608 in
1150 2589 1183 2609 eo
1198 2586 1417 2616 permanserunt.

878 2626 924 2653 20.
939 2626 969 2654 1n
980 2627 1147 2654 voluntatem
1165 2631 1250 2654 tuam.

878 2673 922 2700 21.
941 2672 1068 2700 Laudans
1080 2677 1105 2700 et
1119 2681 1250 2701 onmrans
1264 2674 1334 2701 dona
1351 2678 1407 2707 tua,
1423 2679 1484 2707 quae
1499 2670 1628 2706 elargitus

844 2726 873 2746 es
887 2718 965 2745 inihi.

475 2791 629 2823 Addenda
645 2794 676 2822 et
699 2786 887 2827 corrigenda
903 2794 941 2816 ex
958 2786 1028 2816 cod.
1055 2785 1152 2816 Vatia.

80 2867 108 2903 (Ι)
123 2872 273 2912 Διαφθείρῃς.
399 2876 437 2908 (‘2)
455 2877 652 2913 Δωρησάμενὸν
671 2885 725 2911 μοι.

159 2919 280 2952 Ρηιιοι..
299 2922 357 2953 Gn.
376 2921 506 2953 XXVII.

869 2873 908 2908 (3)
926 2873 972 2904 Εις
983 2873 1043 2907 τήν.
