1916 3052
242 130 294 158 8ῗ5
661 131 688 159 5.
709 131 896 160 ATIIANASII
916 132 990 160 OPP.
1008 131 1097 160 PARS
1117 131 1163 159 III.
1182 146 1215 153 -
1232 130 1436 159 EXEGETICA.
1805 131 1854 160 876

276 188 321 214 22.
336 187 467 223 Exsurge,
487 187 571 223 gloria
588 196 646 216 mea
666 197 672 213 :

1039 192 1061 220 Α
1109 188 1154 216 22.
1167 188 1205 224 (ο)
1224 188 1406 224 Ἑξεγέρθητι,
1421 189 1438 224 ὴ
1452 187 1514 222 δόξα
1529 197 1578 224 μου
1589 196 1595 203 ·

275 234 319 261 25.
337 233 468 269 Exsurge,
482 234 639 269 psalterium
653 240 679 262 et
695 235 797 263 cithara
815 244 821 260 :

1111 234 1156 261 23.
1177 234 1360 270 Ἐξεγέρθητι,
1372 234 1520 270 ψαλτήριον
1534 234 1581 262 καὶ
1597 233 1708 270 κιθάρα..

276 279 321 306 24.
334 279 483 315 Exsurgam
497 280 624 308 diluculo.
674 306 684 316 ⁸

1111 279 1157 307 24.
1176 279 1404 316 Ἐξεγερθήσομαι
1417 280 1526 316 ὕρθρου.

275 325 320 352 25.
336 324 491 353 Confitebcr
503 326 549 352 tibi
564 326 591 353 in
604 326 720 361 populis,
735 325 856 354 Domine.

1110 325 1156 352 25.
1177 325 1421 360 Ἑξομολογήσομαί
1439 333 1480 352 σοι
1492 326 1522 352 ὲν
1537 325 1620 357 λαοῖς,
1633 325 1737 362 Κύριε·

275 371 319 397 26.
337 370 370 398 Et
386 371 519 406 psalmum
537 371 623 399 dicam
637 371 685 399 tibi
699 371 727 398 in
739 372 875 406 gentibus.

739 372 875 406 gentibus.
1110 372 1155 398 ‘26.
1170 371 1254 398 Ψαλῶ
1268 380 1309 398 σοι
1326 372 1354 397 ὲν
1371 370 1483 398 ἔθνεσιν.

275 416 320 443 27.
337 417 469 449 Quoniam
486 417 655 452 magniﬂwta
671 423 713 446 est
726 425 813 453 usque
827 417 859 445 ad
872 418 956 446 caelos
974 417 1019 445 mi-

1110 419 1155 445 27.
1174 418 1234 445 Ὅτι
1248 417 1421 453 ἐμεγαλύνθη
1445 418 1497 450 ἕως
1517 418 1572 445 τῶν
1595 417 1717 453 οὐρανῶν
1734 417 1763 444 τδ
1782 418 1853 449 ἔλεός

240 463 387 490 sericordia
401 467 446 490 tua
459 471 466 489 :
1077 471 1134 490 σου’

274 508 318 535 28.
335 508 367 535 Ει
382 516 467 543 usque
479 509 511 536 ad
527 509 613 537 nubes
624 509 725 537 veritas
740 513 797 537 tua.

1110 509 1154 536 28.
1168 509 1223 535 Kal
1236 509 1288 542 ἕως
1303 509 1357 537 τῶν
1372 509 1491 545 νεφελῶν
1509 510 1525 544 ἡ
1543 509 1657 545 ἀλήθειά
1672 518 1730 536 σου.

274 553 318 580 29.
335 553 459 581 Exaltare
473 562 555 588 super
569 555 662 587 caelos,
675 554 747 582 Deus
762 563 769 581 :

1110 555 1154 583 29.
1178 555 1314 591 ’Υψώθητι
1327 556 1374 584 ἐπὶ
1387 557 1449 587 τοὺς
1464 556 1604 591 οὐρανοὺς,
1618 557 1632 582 ὁ
1645 556 1711 588 826;
1720 564 1726 570 '

275 600 319 627 50.
338 599 370 627 Et
387 608 468 636 super
484 609 591 628 omnem
609 605 706 628 terram
721 601 806 637 gloria
824 606 881 629 tua.

1110 602 1154 628 50.
1169 602 1223 628 Kal
1236 602 1281 628 ἐπὶ
1297 602 1387 629 πᾶσαν
1399 601 1447 637 τὴν
1465 602 1516 637 γῆν
1531 602 1547 637 ή
1561 601 1623 634 δόξα
1640 610 1697 629 σου.

240 677 273 705 In
290 678 377 712 ﬁnem,
391 686 423 705 ne
437 678 583 713 disperdat,
596 677 681 704 David
692 679 719 705 in
732 679 803 705 tituli
816 679 996 713 inscriptione:

1096 679 1126 710 ’ίς
1144 677 1176 704 τὸ
1195 677 1294 711 τέλος,
1306 677 1350 713 μὴ
1367 677 1548 712 διαφθείρῃς,
1562 677 1603 710 τῷ
1622 678 1712 706 Δαϐίδ
1729 680 1771 713 είς
1785 688 1852 714 στη-

518 724 619 752 PSAL.
640 724 661 750 L
670 723 728 751 VII.

1283 725 1458 759 λοτραρίαν,
1477 725 1563 752 ΨΑΛ.
1576 725 1640 752 ΝΖ.

278 791 302 818 l.
320 792 348 818 Si
368 799 430 818 vere
444 791 536 826 utique
549 791 681 826 justitiam
697 791 839 826 loquimini
858 800 864 817 :

1111 792 1136 819 1.
1152 792 1184 819 Εί
1198 791 1304 828 ἀληθῶς
1320 791 1373 826 ἄρα
1384 791 1555 827 δικαιοσύνην
1567 791 1681 825 λαλεῖτε,

277 837 304 863 2.
320 835 402 864 Recta
414 837 532 872 iudicate
546 837 593 864 lilii
610 837 761 864 hominum.

1109 837 1136 863 ‘2.
1151 837 1264 868 Εὐθείας
1280 836 1402 872 κρίνατε,
1416 837 1468 863 υἱοὶ
1484 836 1537 862 τῶν
1550 836 1710 872 ἀνθρώπιον.

276 882 303 909 '5.
320 881 425 909 Etenim
437 881 464 908 in
476 881 557 909 corde
569 881 726 916 iniquitates
735 882 883 917 operamini
896 881 922 908 in
934 886 1022 909 terra:

1111 884 1138 910 5.
1155 884 1210 910 Kal
1222 883 1276 919 γὰρ
1286 884 1316 910 ὲν
1325 883 1424 918 καρδίᾳ
1436 882 1550 918 ἀνομίαν
1563 882 1711 918 ἐργάζεσθε
1725 884 1753 910 ἐν
1765 885 1796 919 τῇ
1807 886 1849 919 τῇ·

272 928 299 955 ι.
316 927 474 962 lnjustitiam
490 935 586 955 manus
599 932 695 955 vestrae
707 927 881 956 concinnant.

1111 930 1138 957 4,
1161 930 1278 958 Ἀδικίαν
1292 931 1319 957 αἱ
1333 931 1423 965 χεῖρες
1437 929 1513 964 ὑμῶν
1528 929 1738 964 συμπλέκουσιν.

275 973 302 1001 5.
319 973 436 1001 Alienati
451 977 516 1001 sunt
529 977 684 1008 peceatores
701 981 716 1000 a
732 973 810 1001 vulva
824 981 831 998 :

1111 975 1136 1003 5.
1159 975 1427 1012 Ἀπηλλοτριώθησαν
1442 976 1466 1002 οἱ
1481 975 1636 1010 ἁμαρτωλοὶ
1648 976 1702 1004 ἀπὺ
1716 976 1831 1012 μήτρας·

274 1063 314 1099 (α)
330 1061 406 1090 Vers.
422 1062 467 1094 22,
481 1063 609 1099 ’ᾼσομαι,
622 1063 669 1090 καὶ
687 1062 764 1098 ψαλῶ
779 1069 831 1089 σοι’
849 1061 925 1090 deest
947 1062 976 1087 ὲν
999 1062 1029 1096 τῇ

858 1061 925 1090 leest
947 1062 976 1087 ὲν
999 1062 1029 1096 τῇ
1045 1061 1108 1097 δόξῃ
1125 1069 1186 1096 μου.
1206 1061 1282 1089 Vere.
1297 1062 1343 1095 23,
1361 1061 1546 1096 Ἐξεγέρθητι,
1564 1066 1614 1090 etc.

793 1150 979 1179 ATIIANASII
1001 1150 1295 1178 INTERPRETATIO.

273 1243 319 1272 22.
334 1243 427 1272 Gratia
441 1236 498 1270 tua.

1107 1239 1151 1266 22.
1173 1239 1206 1265 'H
1223 1239 1302 1275 χάρις
1314 1247 1371 1266 σου.

274 1290 320 1317 25.
338 1289 455 1324 Spiritus
473 1293 585 1316 sanctus
601 1293 674 1315 tuus.

1105 1285 1150 1312 25.
1169 1285 1205 1311 Τὸ
1218 1285 1331 1320 Πνεῦμά
1344 1294 1390 1312 σου
1405 1285 1435 1312 τὸ
1446 1286 1533 1320 ἅγιον.

273 1336 319 1363 24.
335 1335 364 1362 In
381 1336 440 1362 luce
456 1339 513 1362 tua.

1105 1330 1151 1357 24.
1172 1330 1216 1357 Ἐν
1229 1329 1268 1366 τῷ
1283 1331 1352 1365 φωτί
1366 1339 1423 1359 σου.

273 1382 320 1410 25.
336 1381 498 1409 Glorilicabo
513 1386 550 1413 te,
561 1380 637 1408 dicit.

1050 1397 1056 1401 .
1106 1374 1151 1402 25.
1165 1375 1273 1408 Δοξάσω
1293 1376 1432 1412 σε,·λέγει.

275 1426 319 1453 26.
335 1425 402 1453 Cum
418 1425 565 1453 cruciﬁxus
577 1432 607 1453 es
621 1431 672 1460 pro
684 1424 813 1452 universo
827 1423 938 1451 mundo.

1104 1421 1148 1448 26.
1164 1421 1249 1448 Ὅταν
1264 1421 1302 1457 (1)
1318 1423 1482 1459 σταυρωθεὶς
1504 1422 1686 1462 [σταυρωθῇς]
1704 1426 1770 1462 ὑπὲρ
1784 1436 1854 1454 παν-

1069 1467 1115 1498 τὸς
1129 1467 1175 1493 τοῦ
1188 1467 1303 1503 κόσμου.

272 1516 318 1543 2⁸1.
333 1514 467 1548 Quoniam
482 1514 630 1550 gloriﬁcata
640 1518 682 1542 est
694 1521 708 1541 a
723 1518 794 1541 terra
810 1520 898 1548 usque
915 1513 948 1540 ad
963 1519 1018 1540 c03-

1103 1512 1149 1540 27.
1163 1513 1225 1540 Ὅτι
1251 1513 1380 1551 ἐδοξάσθη
1396 1515 1450 1542 ἀπὸ
1462 1515 1512 1551 τῆς
1529 1517 1579 1552 γῆς
1594 1517 1646 1549 ἕως
1665 1518 1720 1546 τῶν
1732 1519 1858 1555 οὐρανῶν

241 1561 283 1589 los
295 1561 386 1596 passio
399 1565 455 1588 tua.

1034 1567 1058 1597 ο
1071 1557 1101 1584 τὸ
1115 1558 1200 1590 πάθος
1217 1567 1274 1586 σου.

273 1608 317 1635 28.
335 1606 368 1634 Et
384 1607 451 1634 ﬁdes
464 1611 510 1634 tua
525 1606 553 1634 in
568 1610 687 1635 sanctos.

1105 1605 1151 1632 28.
1166 1605 1220 1632 Kal
1234 1606 1251 1641 ἠ
1267 1606 1356 1638 πίστις
1370 1606 1407 1642 (2)
1420 1615 1466 1634 σου
1481 1608 1519 1639 εἰς
1534 1609 1712 1644 τοὺς.ἁγίους.

273 1653 319 1681 9.9.
337 1653 459 1681 Ascende
475 1653 502 1680 in
519 1653 603 1680 caelos
617 1661 623 1678 :

1105 1651 1149 1679 29.
1171 1652 1351 1688 Ἀναλήφθητι
1364 1654 1405 1685 είς
1421 1655 1484 1686 τοὺς
1501 1655 1631 1690 οὐρανούς
1646 1657 1694 1692 (5).

272 1700 316 1727 30.
333 1699 366 1726 Et
381 1700 408 1726 in
427 1699 501 1726 omni
518 1703 589 1726 terra
604 1698 693 1733 passio
706 1702 751 1725 tua
764 1697 971 1732 gloriﬁcabitur.

1106 1697 1150 1724 50.
1163 1697 1217 1725 Kal
1230 1699 1259 1725 ὲν
1275 1699 1306 1734 τῇ
1319 1700 1353 1734 γῇ
1368 1700 1442 1736 πάσῃ
1452 1700 1483 1726 τὸ
1493 1700 1578 1733 πάθος
1590 1710 1636 1728 σου
1650 1703 1847 1740 δοξασθήσεται

277 1787 310 1814 Ἦ
324 1787 489 1823 προκειμένη
515 1785 652 1822 ἐπιγραφὴ
674 1784 794 1821 περιέχει
810 1784 847 1820 (4)
859 1792 866 1799 ·
885 1785 937 1817 Είς
960 1783 993 1810 τὸ
1013 1783 1110 1816 τέλος,
1131 1784 1174 1819 μὴ
1197 1784 1379 1820 διαφθείρῃς,
1395 1785 1434 1818 τῷ
1454 1787 1542 1813 Δαϐίδ
1556 1789 1599 1821 είς
1619 1791 1859 1825 στηλογραςςίαν.

241 1837 322 1864 Ῑοῡτο
334 1834 381 1863 οὖν
395 1836 485 1869 λέγει’
505 1834 556 1866 ἕως
576 1834 667 1865 τέλους
688 1833 726 1869 μὴ
745 1831 902 1869 διαφθείρῃς
919 1832 989 1858 κατὰ
1008 1831 1046 1866 (5)
1061 1830 1126 1858 Θεόν
1144 1840 1190 1858 σου
1206 1831 1358 1859 πολιτείαν·
1375 1833 1412 1865 ὡς
1428 1833 1482 1870 γὰρ
1507 1835 1634 1868 πολλάκις
1656 1837 1820 1874 εἰρηκαμεν,
1841 1842 1857 1876 ἡ

240 1883 423 1919 πηλογραφία
438 1882 477 1913 είς
490 1881 538 1917 τὴν
553 1879 688 1907 πολιτείαν
705 1879 857 1914 θεωρεῖται.

272 1953 379 1981 Titulus
393 1952 552 1989 praepositus
570 1950 691 1978 continet
708 1957 714 1974 :
732 1948 765 1975 In
783 1948 872 1983 ﬁnem,
888 1955 920 1974 ne
940 1954 1104 1981 corrumpas,
1127 1946 1213 1973 Dauid
1228 1947 1255 1974 in
1272 1947 1344 1974 tituli
1365 1948 1572 1984 inscriptionem.
1597 1950 1653 1979 [loc
1671 1952 1750 1987 igitur
1768 1953 1859 1988 signi-

239 2001 300 2028 ﬁcat
315 2007 405 2034 usque
425 1999 453 2026 in
466 1998 557 2030 linem,
572 2006 607 2025 ne
623 2003 782 2032 corrumpas
797 1997 945 2024 secundum
961 1994 1046 2023 Deum
1061 1994 1294 2022 conversationem
1314 2000 1388 2023 tuam
1404 2006 1410 2023 :
1430 2001 1459 2024 ut
1472 1998 1544 2025 enim
1563 2006 1634 2034 saepe
1648 1999 1768 2028 diximus
1782 2002 1859 2029 tituli

239 2045 377 2080 inscriptio
390 2045 532 2080 allegorice
544 2043 693 2079 explicatur
706 2042 739 2070 de
755 2041 961 2069 conversatione
977 2048 1025 2068 seu
1036 2041 1098 2068 vitae
1110 2040 1291 2069 institutione.

272 2137 298 2162 1.
313 2134 340 2162 Si
356 2141 449 2162 revera
460 2132 527 2161 estis
538 2131 685 2160 Christiani
701 2138 708 2156 :

1107 2128 1132 2155 1.
1146 2128 1178 2155 Et
1191 2128 1260 2156 κατὰ
1271 2128 1400 2166 ἀλήθειαν
1412 2133 1570 2167 Ζίριστιανοί
1584 2134 1655 2168 ἐστε,

270 2181 298 2208 2.
312 2180 388 2209 Justa
401 2185 427 2208 et
440 2179 521 2215 digna
533 2179 567 2207 de
580 2185 628 2206 vos
645 2177 711 2212 ipsis
723 2175 866 2204 consulite.

1103 2174 1131 2201 2.
1146 2175 1242 2221 Δίπαια
1259 2176 1306 2202 καὶ
1333 2176 1397 2210 ἄξια
1416 2177 1573 2213 βουλεύεσθε
1605 2181 1669 2217 περὶ
1688 2182 1786 2210 ἑαυτοῦ
1820 2185 1859 2221 (6)

1070 2219 1206 2257 [ἑαυτῶν].

271 2270 298 2297 5.
313 2269 417 2296 Etenim
441 2268 468 2295 in
484 2267 640 2295 hominibus
662 2266 832 2294 extrinsecus
852 2264 919 2300 justi
933 2272 1016 2299 appa-

1104 2266 1130 2293 5.
1148 2267 1202 2294 Καὶ
1218 2267 1272 2305 γὰρ
1287 2269 1342 2300 τοῖς
1354 2268 1506 2305 ἀνθρώποις
1528 2273 1654 2308 φαίνεσθε
1673 2276 1772 2304 δίκαιοι
1785 2277 1855 2310 ἔξω·

238 2317 316 2348 retis;
332 2316 405 2342 intus
418 2321 483 2341 vero
498 2320 606 2340 omnem
619 2319 741 2340 errorem
757 2311 856 2339 colitis.

1032 2310 1052 2317 ν
1067 2310 1123 2357 θεν·
1138 2311 1238 2339 ἔσωθεν
1253 2313 1281 2340 δὲ
1293 2314 1386 2349 νέμετε
1400 2315 1439 2351 (7)
1453 2317 1542 2354 πάσης
1557 2320 1669 2357 πλάνης.

271 2363 297 2389 4.
313 2361 346 2388 Ει
359 2360 441 2388 corda
459 2363 547 2386 vestra
567 2358 770 2386 adinventiones
792 2357 924 2392 quasdam
940 2363 1016 2384 com-

1102 2356 1129 2384 4.
1147 2358 1201 2384 Kal.
1212 2359 1239 2385 αἱ
1257 2359 1365 2395 καρδίαι
1379 2361 1455 2397 ὑμῶν
1467 2356 1652 2401 ὲξερευνήσεις
1666 2367 1742 2400 τινὰς
1759 2377 1852 2396 συντι-

237 2414 349 2444 ροιιιιιιι.

1067 2401 1152 2429 θεῖσιν
1164 2403 1211 2438 (8).

272 2455 297 2482 5.
315 2453 395 2482 Tales
409 2452 551 2480 abalienati
563 2456 627 2480 sunt
639 2458 655 2478 a
669 2457 730 2478 meo
744 2450 863 2478 lavacro.

1103 2449 1128 2476 5.
1146 2450 1177 2476 Ol
1193 2451 1306 2478 τοιοῦτοι
1327 2453 1584 2493 ὰπηλλοτριώθησαν
1599 2460 1646 2487 ἀπ’
1666 2460 1731 2498 ἐμοῦ
1747 2461 1799 2498 τῆς
1814 2461 1855 2498 (9)

1099 2494 1266 2521 ιλυμῦήθοας.
1352 2517 1362 2521 -

1068 2502 1266 2531 κολυμοηυρας,

705 2574 860 2606 Addenda
877 2579 907 2606 et
922 2575 1112 2615 corrigenda
1130 2585 1169 2608 ex
1185 2577 1257 2609 cod.
1273 2579 1374 2612 Vatic.

270 2664 436 2701 (0,10po-
591 2699 608 2701 _.
662 2699 669 2701 μ
715 2698 720 2701 .
835 2696 876 2701 ..
969 2696 982 2701 -

662 2699 669 2701 ν
715 2698 720 2701 _
835 2697 841 2701 _
870 2696 876 2701 .
969 2696 982 2701 _
1106 2663 1143 2701 (i5)
1159 2665 1213 2698 Τὴν
1230 2666 1310 2697 κατά,
1323 2672 1375 2696 etc.

269 2696 308 2735 (‘2')
323 2696 382 2735 Τὴν
389 2696 489 2732 πίστιν,
503 2703 531 2735 at
547 2699 644 2727 melius
657 2699 674 2734 ἡ
690 2698 813 2730 πίστις...
829 2696 922 2730 ἁγίους
937 2696 994 2723 σοῦ.

503 2703 531 2735 at
547 2699 644 2727 melius
657 2699 674 2734 ἡ
690 2698 813 2730 πίστις...
829 2696 922 2730 ἁγίους
937 2696 994 2723 σοῦ.
1103 2699 1141 2735 (β)
1161 2696 1252 2734 Ἐμοί),

269 2736 307 2770 (5)
323 2734 470 2770 οὖρανοὺς,
482 2736 496 2761 ὸ
511 2734 603 2770 Θεόςῖ
766 2767 771 2770 _
940 2768 944 2770 Δ
991 2767 996 2770 _
1102 2734 1140 2768 (7)
1157 2735 1268 2770 Γέμετε.

269 2767 307 2805 (λι)
328 2767 416 2805 ’Πδιὲι
431 2771 479 2805 τῆς
495 2769 678 2805 κινναὸάρεως
695 2767 832 2803 περιέχει·
850 2769 902 2797 El“
919 2768 948 2795 τὸ
966 2767 1012 2795 τέ’
1103 2771 1140 2805 (δ’
1156 2767 1338 2799 Συθτίθουσιι

236 2807 297 2835 λος,
313 2804 352 2837 τῷ
365 2804 463 2837 Aucta;
475 2810 526 2832 etc.
611 2804 614 2805 ν

611 2804 614 2805 ⁷
1101 2804 1139 2839 (9)
1165 2805 1227 2832 Ἀπὸ
1239 2806 1298 2839 τῆς,
1312 2814 1363 2835 etc.
