1896 3052
67 139 109 166 877
488 140 532 168 DE
551 139 688 168 TITULIS
706 139 931 169 PSALMORUM.
951 157 984 162 —-
1004 141 1101 169 PSAL.
1119 141 1210 170 LVll.‘

1617 142 1668 170 878

93 197 116 225 ϐ.
133 197 336 233 Ἐπλανήοησαν
350 198 404 225 ἀπὸ
420 199 547 236 γαστρὸς,
559 200 694 236 ἐλάλησαν
708 200 803 236 ψευδῆ.

920 201 946 228 6.
963 201 1128 230 Erraverunt
1142 201 1177 230 ab
1190 206 1279 236 utero,
1294 201 1376 230 locuti
1393 206 1457 230 sunt
1469 201 1548 229 falsa.

97 243 118 270 7.
129 243 215 278 Θυμὺς
230 244 320 275 αὐτοῖς
333 243 403 270 κατά
415 243 464 280 τὴν
477 244 606 279 ὁμοίωσιν
622 245 670 272 τοῦ
684 245 782 281 ὄφεως,

96 288 118 315 8.
136 289 204 315 Ὠσε).
213 289 324 321 ἀσπίδος
334 290 438 325 κωφῆς,
449 290 496 317 καὶ
507 290 623 327 βυούσης
633 291 667 318 τὰ
675 289 732 318 ὦτα
742 292 835 328 αὐτῆς

96 335 118 362 9.
134 336 210 367 Ἤτις
223 335 274 362 οὐκ
289 335 475 362 είσακούσεται
489 336 581 372 φωνῆς
591 338 754 373 ἐπᾳδόντων,
767 347 836 374 φαρ-

69 389 142 414 pum
153 389 192 412 τε,

95 425 132 452 10.
148 425 184 460 (α)
195 425 427 461 Φαρμακευομένη
442 425 516 462 παρὰ
529 425 620 461 σοφοῦ.

96 470 133 497 11.
152 471 180 497 '0
194 471 259 502 Θεὸς
273 470 412 506 συντρίψει
434 472 497 503 τοὺς
512 471 621 504 ὀδόντας
639 473 729 500 αὐτῶν
749 474 778 500 ἐν
797 474 837 510 τῷ

68 517 166 552 στόματι
179 517 269 543 αὐτῶν
277 524 284 531 ·

96 562 132 589 12.
143 562 196 593 Τὰς
209 562 295 598 μύλας
307 562 362 589 τῶν
375 562 490 590 λεόντων
504 563 664 591 συνέθλασεν
676 565 691 591 6
701 564 812 600 Κύριος.

96 609 132 636 13.
150 608 422 644 Ἐξουόενωθήσονται
435 609 500 636 ὡσεὶ
512 609 584 646 ὕδωρ
595 610 818 646 διαπορευόμενον
827 619 834 626 ⁸

94 655 131 680 11.
153 655 269 681 Ἐντενεῖ
279 654 310 681 τὸ
325 654 401 687 τόξον
417 655 509 689 αὐτοϋ,
524 656 575 687 ἕως
589 654 619 683 οὗ
632 656 834 692 ἀσθενήσουσιν.

93 699 130 727 15.
148 700 218 726 Ὠσεὶ
229 700 314 736 κηρὸς
328 700 431 733 τακεὶς,
445 701 729 737 ἀνταναιρεθήσονται·

91 746 128 773 16.
145 747 245 773 Ἔπεσε
255 746 314 784 πῦρ
325 748 368 773 ἐπ’
379 748 486 779 αὐτοὺς,
499 748 545 775 καὶ
555 748 604 774 οὐκ
617 746 685 775 εἶδον
695 749 740 775 τὸν
749 749 834 784 ἥλιον.

94 792 131 819 17.
152 793 208 828 Πρὸ
233 793 280 819 τοῦ
307 794 427 820 συνιέναι
459 794 509 826 τὰς
535 794 654 826 ἀκάνθας
683 794 759 829 ὑμῶν
787 795 836 831 τὴν

66 838 162 873 ῥάμνον·

924 248 949 275 7.
963 247 1051 276 Furor
1062 249 1116 276 illis
1128 248 1277 276 secundum
1291 249 1497 277 similitudinem
1513 249 1646 284 serpentis
1661 258 1669 276 :

923 293 950 320 8.
970 292 1046 321 Sicut
1061 294 1164 330 aspidis
1179 294 1277 327 surdae,
1289 298 1317 321 et
1332 294 1485 322 obturantis
1495 301 1576 322 aures
1588 302 1670 323 suas:

922 339 949 366 9.
968 339 1035 373 Quae
1055 347 1112 368 non
1133 340 1259 368 exaudiet
1283 348 1377 368 vocem
1404 341 1620 374 incanlautium,
1645 345 1671 369 et

886 386 1009 418 veneﬁci,

924 431 967 459 10.
979 431 1045 465 Quae
1059 432 1212 460 incantatur
1226 440 1242 460 a
1259 432 1388 468 sapiente.

922 477 964 504 11.
981 476 1052 504 Deus
1066 481 1186 505 conteret
1198 477 1291 505 dentes
1304 485 1399 505 eorum
1416 477 1443 504 in
1461 485 1508 505 ore
1522 477 1642 512 ipsorum
1660 484 1667 504 ε

923 564 966 592 12.
984 564 1070 592 Molas
1082 565 1191 592 leonum
1207 564 1340 600 confregit
1358 563 1499 593 Dominus.

923 609 967 636 15.
977 609 1018 638 Ad
1026 609 1139 638 nihilum
1148 610 1289 638 devenient
1298 615 1426 645 tanquam
1433 617 1503 645 aqua
1511 609 1670 639 decurrens.

922 654 965 682 14.
979 654 1100 683 lntendet
1113 663 1206 684 arcum
1218 663 1309 687 suum,
1322 655 1408 682 donec
1420 655 1599 682 inﬁrmentur.

921 698 965 728 15.
980 698 1058 729 Sicut
1070 709 1132 729 cera
1143 709 1204 736 quae
1216 700 1285 733 ﬂuit,
1298 701 1456 728 auferentur
1474 710 1480 728 :

922 747 964 774 16.
979 747 1081 775 Cecidit
1090 747 1160 782 ignis
1169 755 1250 782 super
1261 755 1320 781 eos,
1331 752 1357 774 et
1370 755 1424 775 non
1434 747 1561 774 viderunt
1572 747 1669 775 solem.

922 793 966 821 17.
978 792 1141 828 Priusquam
1162 792 1342 829 intelligerent
1362 793 1447 829 spinae
1463 792 1559 821 vestra:
1577 792 1670 821 rham-

887 846 951 866 num
968 848 975 866 ἰ

95 883 130 910 18.
151 883 222 910 Ὦσεὶ
244 883 358 916 ζῶντας,
379 883 446 911 ὡσεὶ
467 885 496 912 ὲν
513 885 582 921 ὀργῇ
603 885 764 912 καταπίεται
788 885 832 912 αὺ-

924 881 966 910 18.
984 883 1061 911 Sicut
1077 884 1208 917 viventes,
1224 883 1294 911 sicut
1307 883 1333 910 in
1349 883 1389 910 ira
1406 883 1533 911 absorbet
1548 891 1606 912 eos.

65 929 115 961 ws;
128 929 173 964 (b).

92 975 128 1002 19.
147 975 369 1011 E6;puv0ﬁo’szat
382 976 495 1007 δίκαιος,
512 977 576 1003 ὅταν
591 976 632 1012 ῐδῃ
644 976 796 1011 ἐκδίκησιν·

91 1021 130 1048 ΞΟ.
145 1021 198 1053 Τὰς
215 1024 309 1058 χεῖρας
329 1021 411 1049 αὑτοῦ
438 1022 543 1057 νίψεται
571 1024 600 1049 ἐν
616 1022 655 1057 τῷ
671 1022 766 1058 αἵματι
785 1023 832 1049 τοῦ

66 1066 211 1102 ἀμαρτωλοῦ
216 1090 222 1095 .

92 1112 131 1138 9.1.
146 1114 198 1140 Καὶ
213 1112 271 1149 ἐρεί
283 1111 439 1148 ἄνθρωπος·
457 1114 488 1140 Εἰ
501 1113 555 1148 ἄρα
579 1112 639 1139 ἐστὶ
667 1113 772 1148 καρπὸς
795 1113 833 1148 τῷ

66 1157 146 1184 δικαίω
155 1168 161 1174 -

92 1203 130 1231 22.
145 1205 215 1240 Ἀρα
230 1204 305 1231 ἐστὶν
320 1206 335 1231 6
352 1203 418 1237 Θεὸς
430 1204 531 1239 κρίνων
542 1204 640 1236 αὐτοὺς
656 1205 684 1231 ὲν
697 1205 729 1240 τῇ
744 1205 788 1239 γῇ.

94 1311 126 1348 (ᾳ)
139 1310 214 1348 _Vers.
233 1311 275 1345 10,
286 1311 434 1348 Φαρμακοῦ
445 1320 486 1345 τε,
499 1318 564 1347 etc.,
582 1313 674 1348 σοφοῦ.

95 1345 127 1380 tb)
139 1346 166 1373 In
180 1354 267 1383 marg.
283 1345 353 1374 codi
363 1347 445 1383 ὑμᾶς.

920 974 962 1003 19.
978 974 1126 1002 Laetabitur
1139 974 1230 1010 justus
1249 983 1310 1002 cum
1327 974 1424 1002 viderit
1435 973 1581 1001 vindictam
1596 983 1602 1001 :

919 1019 965 1046 ΞΟ.
981 1019 1077 1047 Manus
1091 1027 1155 1048 suas
1170 1019 1271 1047 levabit
1285 1019 1311 1047 in
1329 1019 1462 1054 sanguine
1472 1019 1632 1054 peccatoris.

919 1111 964 1137 21.
981 1110 1014 1137 Et
1026 1110 1097 1138 dicet
1111 1110 1192 1138 homo
1210 1120 1217 1138 ;
1235 1110 1263 1137 Si
1278 1111 1371 1145 utique
1390 1115 1430 1138 est
1446 1109 1551 1138 fructus
1569 1109 1644 1145 justo
1659 1115 1668 1137 :

923 1202 966 1230 2‘2.
984 1201 1085 1238 Utique
1097 1207 1137 1230 est
1152 1201 1223 1230 Deus
1234 1201 1360 1238 judicans
1377 1208 1425 1229 eos
1441 1201 1469 1228 in
1480 1204 1562 1228 terra.

608 1445 797 1474 ATHANAS“
814 1446 1108 1476 INTERPRETATIO.

95 1547 116 1574 6.
129 1547 231 1584 Πλάνην
246 1548 300 1584 γὰρ
317 1548 355 1584 (1)
370 1548 464 1576 ἔλαϐον
479 1549 533 1576 ἀπὺ
547 1549 593 1576 τοῦ
607 1549 803 1585 βαπτίσματος.

95 1593 116 1620 7.
123 1594 152 1620 Ἦ
159 1595 249 1630 διδαχὴ
258 1595 348 1622 αὐτῶν
356 1595 589 1632 θανατηφόρος,ὠς
597 1597 611 1622 6
618 1596 673 1628 υἱὸς
681 1596 727 1622 τοῦ
736 1596 833 1631 ὕφεως.

95 1639 116 1664 8.
135 1641 197 1666 ’Δπὺ
209 1641 258 1676 τῆς
272 1641 399 1676 ἀληθείας
410 1642 458 1678 τὴν
473 1641 556 1678 ἀκοὴν
572 1642 801 1677 ἀποστρέψουσιν.

95 1684 118 1710 9.
137 1685 225 1717 Οὕτως
250 1685 309 1712 οὐδὲ
332 1682 405 1712 οὗτοι
429 1686 556 1713 ἀκούουσι
579 1686 634 1713 τῶν
657 1679 836 1713 διδασκόντων

68 1729 149 1762 αὐτοὺς
161 1732 208 1766 τὴν
221 1731 361 1767 ἀλήθειαν.

98 1775 134 1802 10.
152 1778 180 1803 Ol
204 1777 357 1804 διδάσκαλοι
379 1777 468 1804 αὐτῶν
493 1778 527 1814 τῇ
556 1777 637 1814 σοφία
660 1777 707 1804 τοῦ
732 1778 835 1814 κόσμου

69 1821 147 1849 τούτου
166 1823 306 1850 ἀπατῶσιν
320 1824 430 1856 αὐτούς.
528 1827 535 1834 ⁸

99 1866 133 1893 11.
149 1868 202 1900 Τὰς
214 1869 389 1902 διδασκαλίας
407 1869 508 1896 αὐτῶν.

97 1912 132 1940 13.
147 1914 214 1946 Τοὺς
229 1915 395 1951 ἡγουμένους
409 1915 510 1942 αὐτῶν.

98 1959 133 1987 15.
153 1961 184 1988 Ἦ
200 1962 294 1997 ἡμέρα
307 1962 345 1997 (‘2)
359 1962 408 1997 τῆς
421 1962 538 1998 κρίσεως
553 1961 700 1998 ἀποῤῥίψει
714 1962 823 1994 αὐτούς.

98 2003 133 2031 11.
152 2004 301 2041 Ὲνισχύσει
324 2006 369 2033 τὸν
388 2006 466 2040 λόγον
483 2006 530 2033 τοῦ
553 2006 731 2042 κηρύγματος
753 2007 835 2034 αὐτοῦ

71 2047 110 2080 ίως
120 2051 164 2086 τῆς
178 2051 343 2083 συντελείας.

98 2095 132 2123 15.
153 2097 195 2129 Ὧς
208 2098 222 2123 6
245 2098 330 2134 κηρὸς
344 2097 383 2134 (5)
403 2099 432 2125 ἐν
450 2097 490 2134 τῷ
506 2098 572 2134 πυρὶ
587 2098 769 2132 ἀναλίσκεται,
789 2098 836 2126 οὖν

72 2147 111 2172 τως
121 2142 191 2169 ἔσται
206 2144 223 2179 ή
238 2143 362 2170 ἀπώλεια
375 2143 478 2170 αὐτῶν

100 2186 132 2214 16.
157 2189 373 2224 Κατεκυρίευσεν
397 2189 485 2216 αὐτῶν
511 2191 525 2217 6
546 2191 684 2224 Σατανᾶς,
713 2191 760 2218 καὶ
787 2191 837 2218 οὐκ

73 2231 171 2265 ἔγνωσαν
184 2234 228 2261 τὸν
241 2234 355 2270 Κύριον.

100 2277 134 2310 17,
150 2280 189 2306 18.
205 2280 262 2316 Πρὸ
276 2280 323 2306 τοῦ
334 2280 384 2312 τὰς
399 2280 513 2316 ἀνομίας
523 2281 599 2316 ὑμῶν
610 2280 833 2316 κεκολλῆσθαιτῷ

74 2324 174 2360 ;.α6ν1λῳ,
189 2326 225 2358 ὡς
237 2327 276 2353 ἔτι
288 2326 351 2354 ἐστὲ
363 2326 472 2359 ζῶντες,
488 2328 516 2355 ἐν
529 2328 560 2363 τῇ
576 2328 644 2363 ὀργῇ
664 2327 747 2354 αὐτοῦ
768 2335 834 2354 κατι

75 2369 132 2396 ἑπιεν
147 2372 213 2406 ὑμᾶς
225 2372 270 2399 διὰ
285 2372 334 2407 τὴν
350 2372 454 2408 πλάνην
467 2372 516 2408 τῆς
533 2373 664 2409 αἱρέσεως
675 2373 762 2408 ὑμῶν.

102 2415 136 2442 l9.
156 2417 196 2444 Ἐν
209 2417 248 2453 τῷ
263 2417 352 2454 καιρῷ
367 2418 416 2454 τῆς
428 2419 643 2450 ἀνταποδόσεως.

99 2460 137 2489 20.
156 2463 250 2490 ’Δϐὦον
262 2464 357 2491 ἑαυτὸν
368 2463 449 2497 δείξει
464 2464 501 2499 (4)
513 2464 567 2492 ἀπὸ
581 2465 630 2500 τῆς
644 2463 790 2499 ἁμαρτίας.

100 2507 138 2535 21.
151 2509 201 2536 Καὶ
214 2511 270 2545 ἐρεῖ
283 2510 398 2542 ἕκαστος
407 2518 415 2526 '
434 2511 537 2543 Ὄντως
545 2510 618 2537 ἐστὶν
634 2507 832 2546 μισθαποδοσία

77 2551 106 2586 τῷ
115 2552 210 2590 δικαίῳ.

101 2598 140 2625 22.
151 2601 248 2634 Ὄντως
263 2602 337 2629 ἐστὶν
350 2602 364 2628 6
383 2603 466 2630 ποιῶν
481 2600 571 2629 αὐτῶν
582 2601 631 2637 τὴν
645 2600 796 2636 ἐκδίκησιν.

848 1558 871 1589 c
921 1549 948 1577 6.
965 1550 988 1576 Δ
1000 1549 1135 1585 baptismo
1150 1549 1223 1577 enim
1239 1555 1361 1576 errorem
1378 1547 1494 1584 amplexi
1509 1553 1582 1576 sum.

923 1596 949 1622 7.
966 1595 1093 1623 Doctrina
1106 1602 1199 1623 eorum
1222 1593 1374 1626 mortifera,
1393 1599 1424 1621 ut
1437 1594 1509 1622 ﬁlius
1523 1595 1669 1629 serpentis.

921 1641 949 1668 8.
963 1641 1094 1668 Avertunt
1105 1640 1226 1668 auditum
1238 1648 1254 1667 a
1266 1640 1388 1667 veritate.

922 1684 949 1712 9.
971 1684 1010 1712 ita
1032 1692 1120 1719 neque
1143 1684 1188 1712 isti
1212 1684 1326 1712 audiunt
1351 1684 1480 1712 docentes
1501 1691 1550 1712 eos
1573 1684 1672 1712 verita-

888 1735 953 1758 tem.
1329 1754 1341 1758 s

922 1775 967 1802 10.
981 1775 1101 1811 Magistri
1115 1782 1211 1802 eorum
1226 1774 1357 1810 sapientia
1382 1773 1464 1810 hujus
1479 1774 1574 1802 mundi
1596 1775 1670 1803 deci-

886 1821 965 1857 piunt
979 1829 1036 1849 eos.

924 1867 966 1895 11.
984 1867 1105 1902 Ipsorum
1120 1866 1267 1894 doctrinas.

924 1913 968 1942 12.
983 1913 1070 1940 Duces
1086 1920 1192 1940 eorum.

922 1959 966 1986 15.
983 1958 1045 1986 Dies
1057 1957 1153 1992 iudicii
1169 1957 1294 1994 projiciet
1305 1964 1363 1985 eos.

922 2005 966 2032 11.
989 2005 1183 2033 Corroborabit
1206 2011 1360 2032 sermonem
1386 2003 1587 2039 praedicationis
1614 2012 1670 2032 suae

888 2059 974 2087 usque
987 2052 1021 2079 ad
1037 2051 1310 2079 consummationem.

924 2097 968 2124 15.
993 2097 1026 2124 Ut
1043 2104 1104 2125 cera
1127 2096 1189 2132 igne
1211 2096 1392 2130 consumitur,
1415 2095 1456 2124 sic
1480 2095 1532 2123 erit
1554 2095 1670 2131 perditio

887 2151 993 2171 eorum.

924 2189 967 2217 16.
984 2188 1144 2217 Dominatus
1162 2192 1205 2216 est
1221 2189 1262 2216 eis
1285 2187 1413 2222 Satanas,
1429 2192 1456 2216 et
1468 2196 1521 2216 non
1536 2196 1671 2224 cognove-

886 2241 952 2264 runt
968 2236 1124 2263 Dominum.

921 2283 967 2316 17,
981 2282 1024 2310 18.
1040 2282 1203 2316 Priusquam
1226 2285 1323 2309 vestrae
1342 2280 1500 2316 iniquitates
1516 2281 1671 2309 adhazreant

886 2328 1004 2361 diabolo,
1025 2332 1056 2356 ut
1078 2328 1167 2355 adhuc
1182 2327 1302 2355 viventes
1315 2327 1391 2360 estis,
1409 2327 1438 2354 in
1456 2327 1497 2355 ira
1518 2335 1567 2355 sua
1589 2330 1672 2356 devo-

887 2375 960 2402 rabit
976 2381 1026 2402 vos
1037 2378 1146 2409 propter
1161 2380 1281 2401 errorem
1295 2372 1407 2400 haeresis
1424 2376 1532 2400 vestrae.

924 2419 969 2447 19.
985 2419 1014 2446 ln
1027 2423 1146 2454 tempore
1158 2418 1354 2446 retributionis.

920 2465 965 2492 9.0.
983 2465 1085 2492 Purum
1101 2472 1131 2492 se
1147 2464 1236 2499 ipsum
1251 2464 1378 2491 ostendet
1394 2470 1409 2490 a
1425 2468 1549 2499 peccato.

920 2511 965 2538 21.
982 2510 1015 2538 Et
1032 2510 1105 2538 dicet
1128 2509 1334 2545 unusquisque:
1353 2508 1420 2537 Vere
1440 2514 1483 2537 est
1495 2509 1570 2544 justo
1591 2509 1672 2537 retri-

885 2556 972 2584 butio.

919 2601 964 2630 22.
980 2600 1108 2629 Profecto
1125 2605 1168 2628 est
1183 2600 1286 2628 faciens
1299 2607 1394 2629 eorum
1410 2599 1566 2627 vindictam.

521 2705 672 2736 Addenda
690 2707 720 2736 et
733 2702 920 2743 corrigenda
942 2710 982 2733 ex
1006 2701 1076 2732 cod.
1095 2701 1196 2733 Vatic.

105 2806 135 2845 ρ)
146 2808 254 2845 Ηλάνην,
271 2809 304 2845 ἢν
319 2807 483 2845 παρέλαβον.

105 2840 137 2876 (2)
148 2843 183 2878 τῇ
197 2840 321 2880 enipi...
337 2840 507 2879 ἀξιορρίψεις.

920 2804 959 2876 (3;
975 2805 1046 2832 Ὤσεὶ
1059 2804 1154 2839 κηρός,
1170 2810 1222 2833 etc.

921 2840 948 2876 (4
982 2839 1140 2872 Ἀποδείξει,

921 2839 959 2877 (Α)
982 2839 1140 2872 Ἀποδείξει,
