1916 3052
84 161 135 189 831
534 161 577 188 DE
598 161 737 190 TITULYS
757 162 980 191 PSALMORUM.
1000 179 1034 184 —
1050 163 1147 192 PSAL.
1169 164 1259 192 LVIII.
1665 167 1717 194 882

368 217 528 253 Διάψαλμα
544 222 593 254 (a).
892 226 914 252 Α

892 226 914 252 Α
1234 221 1397 257 Diapsalma.

70 259 74 262 ⁴
122 263 166 291 15.
188 263 414 298 Ἐπιστρέψουσιν
427 264 467 295 εἰς
491 265 629 299 ἑσπέραν,
657 264 817 300 λιμώξουσιν

969 268 1011 295 15.
1028 268 1227 296 Convertentur
1245 269 1279 296 ad
1290 276 1446 303 vesperam.
1464 269 1563 297 famem
1579 275 1716 301 patientur

84 308 161 334 κύων
171 328 179 341 ,
194 308 242 334 καὶ
257 308 428 335 κυκλώσουσι
444 309 531 336 πόλιν.

933 319 959 341 ιιι
972 315 1059 347 canis,
1072 319 1099 342 et
1114 315 1269 343 circuibunt
1285 308 1432 355 civitatem.

124 354 167 380 14.
184 354 249 381 Ἰδοὺ
260 354 338 381 αὐτοὶ
346 354 562 390 ἀποφθέγξονται
569 355 642 391 ἐντῷ
650 356 763 392 στόματι
772 355 862 383 αὐτῶν

751 355 862 383 ιαύτῶν
967 360 1009 386 14.
1025 360 1094 388 Ecce
1109 361 1159 395 ipsi
1176 361 1323 396 loquentur
1336 361 1362 388 in
1375 369 1421 388 ore
1438 369 1507 388 suo:

122 401 168 428 15.
187 400 223 436 (ὁ)
241 401 295 427 Kal
313 400 434 436 ῥομφαία
451 401 479 427 ὲν
490 402 546 433 τοίς
561 402 678 436 χείλεσιν
690 402 778 429 αὐτῶν
789 410 796 417 ”

690 402 778 429 αὐτῶν
789 410 796 417 ”
965 408 1009 435 15.
1026 407 1059 435 Ει
1074 408 1181 443 gladius
1194 407 1220 434 in
1236 407 1318 435 labiis
1328 414 1422 434 eorum
1439 414 1445 434 :

122 446 166 474 16.
183 447 245 473 Ὀτι
262 447 303 478 ¹τίς
314 447 429 482 ἡκουσε;
447 447 504 473 Kal
516 448 563 481 σὺ,
592 447 679 483 Κύριε
692 468 700 481 ,
720 448 877 483 ὲκγελάσεις

964 454 1008 481 16.
1026 454 1159 487 Quoniam
1177 454 1238 488 quis
1255 453 1377 480 audivit?
1393 452 1426 480 Et
1439 456 1483 484 lu.
1497 452 1625 485 Domine,
1641 452 1713 479 deri-

84 493 188 525 αὺτούς
199 502 207 509 ·

927 500 1002 528 debis
1018 508 1065 528 eos
1082 509 1088 526 :

122 539 165 565 17.
188 538 391 572 Ἐξουδενωσεις
405 539 495 566 πάντα
511 540 545 566 τὰ
560 540 633 576 ἔθνη.

962 546 1006 574 17.
1025 545 1064 572 Ad
1078 545 1192 572 nihilum
1208 545 1326 572 deduccs
1340 552 1436 572 omnes
1446 548 1548 580 gentes.

119 584 164 610 18.
180 585 216 610 Τὸ
229 585 329 620 κράτος
349 594 401 620 μου
419 585 486 621 πρὸς
504 587 532 612 σὲ
544 586 664 620 φυλάξω·

964 592 1007 620 18.
1026 591 1225 619 Fortitudinem
1240 599 1327 618 meam
1345 591 1378 617 ad
1395 595 1420 617 te
1434 590 1586 617 custodiam
1600 599 1605 616 :

121 629 165 656 19.
185 629 245 656 Ὀτι
259 631 302 663 σὺ,
321 631 335 657 6
349 630 424 663 Θεὸς,
443 631 619 668 ἀντιλήπτωρ
632 641 684 668 μου
699 630 734 660 εἷ.

961 640 1002 666 19.
1020 638 1088 671 Quia
1101 643 1140 669 tu,
1154 637 1234 671 Deus,
1252 641 1393 672 susceptor
1405 645 1482 664 meus
1497 644 1535 663 es.

119 675 166 702 20.
187 675 217 702 '0
228 675 294 708 Θεὸς
308 685 369 712 μου,
384 677 414 703 τὸ
425 677 498 709 ἕλεος
509 678 590 704 αὑτοῦ
605 679 755 714 προφϐἀσει
769 688 802 715 με
814 687 820 694 ·

959 684 1004 711 20.
1022 683 1094 711 Deus
1109 691 1198 717 meus,
1218 683 1406 711 misericordia
1418 687 1464 710 tua
1487 682 1633 718 praeveniet
1647 690 1689 709 me
1704 691 1710 710 :

118 721 164 748 2I.
188 721 217 748 '0
232 721 298 753 Θεός
315 730 366 757 μου
382 723 462 756 δείξει
478 732 522 759 μοι
537 725 566 751 ὲν
585 726 641 756 τοῖς
651 726 756 762 ἐχθροῖς
774 735 835 761 μου.

957 732 1001 759 21.
1019 731 1091 759 Deus
1103 739 1179 758 meus
1187 731 1385 759 ostendetmihi
1402 730 1616 765 superinimieos
1626 737 1708 757 meos.

180 767 226 803 Μὴ
246 768 411 805 ἀποκτείνῃς
427 769 540 803 αὐτοὺς,
566 771 670 807 μήποτε
692 772 872 800 ἐπιλάθωνται

955 777 1001 804 22.
1020 777 1058 805 Ne
1072 777 1182 805 occidas
1192 785 1251 809 eos,
1265 784 1299 805 ne
1311 776 1421 812 quando
1432 776 1630 804 obliviscantur
1645 776 1710 810 legis

80 811 129 838 τοῦ
139 811 224 847 νόμου
238 821 295 839 σου.
923 828 985 851 tuae.

115 858 162 885 23.
178 859 377 896 Διασκόρπισον
391 861 489 893 αὐτοὺς
505 862 534 888 ἐν
550 864 583 898 τῇ
596 863 710 899 δυνάμει
728 873 791 892 σουο

728 873 791 892 σου”
959 866 1003 893 25.
1020 864 1150 901 Disperge
1165 864 1225 892 illos
1241 865 1268 892 in
1283 865 1381 892 virtute
1398 869 1444 891 tua
1462 874 1466 890 :

115 903 162 931 24.
179 905 234 931 Kal
262 907 402 941 κατάγαγε
423 908 530 942 αὐτοὺς,
553 910 568 935 6
595 910 800 948 ὑπερασπιστὴς
819 921 870 947 μου

887 902 908 928 Β
957 912 1001 939 24.
1021 911 1054 939 Ει
1071 912 1176 947 depone
1190 919 1252 943 eos,
1269 915 1408 946 protector
1420 918 1497 938 meus
1514 909 1636 937 Domine.

80 950 182 986 Κύριε.

115 997 162 1026 25.
182 998 319 1035 Ἀμαρτία
339 1001 471 1036 στόματος
495 1002 584 1029 αὐτῶν
598 1002 676 1038 λόγος
692 1003 802 1040 χειλέων
821 1006 870 1032 αὑ-

956 1002 1001 1030 25.
1020 1002 1154 1030 Delictum
1170 1003 1227 1030 oris
1241 1010 1337 1030 eorum
1349 1021 1356 1034 ,
1374 1009 1465 1029 sermo
1485 1001 1618 1028 labiorum
1635 1000 1708 1036 ipso-

79 1053 135 1071 των
144 1052 152 1059 “

919 1057 1003 1076 rum:

112 1089 159 1117 26.
177 1091 232 1118 Καὶ
242 1091 472 1128 συλληφθήτωσαν
488 1093 517 1120 ὲν
531 1095 564 1130 τῇ
577 1094 751 1130 ὑπερηφανίᾳ
764 1096 863 1122 αὐτῶν.

858 1117 863 1122 .
954 1095 999 1122 26.
1016 1095 1049 1123 Et
1062 1095 1329 1131 comprehendantur
1343 1095 1370 1121 in
1387 1093 1513 1129 superbia
1532 1100 1582 1120 sua
1595 1094 1611 1119 :‘

115 1136 161 1164 27.
173 1137 228 1163 Kal
241 1137 270 1170 ὲξ
284 1138 354 1173 ἀρᾶς
377 1138 423 1165 καὶ
445 1139 560 1174 ψεύδους
585 1140 808 1176 διαγγελήσονται
840 1144 868 1170 ἐν

953 1142 998 1169 27.
1017 1141 1050 1169 Et
1068 1143 1101 1169 de
1119 1142 1324 1172 exsecratione.
1347 1145 1375 1168 et
1395 1139 1539 1168 mendacio
1560 1138 1706 1166 annuntia-

80 1181 234 1217 συντελείᾳ,

917 1189 1021 1217 buntur
1036 1189 1064 1216 in
1077 1188 1332 1221 consummatione,

115 1226 160 1253 28.
181 1227 225 1254 Ἐν
237 1228 304 1264 ὀργῇ
331 1229 494 1263 συντελείας,
509 1231 555 1257 καὶ
569 1232 606 1258 οὐι
616 1232 652 1268 μὴ
663 1233 812 1269 ὑπάρξωσι.

953 1234 998 1261 28.
1015 1233 1044 1261 In
1062 1234 1102 1261 ira
1120 1233 1374 1266 consummationis,
1391 1236 1418 1260 et
1429 1239 1482 1259 non
1498 1235 1587 1259 erunt.

114 1271 158 1299 29.
177 1273 233 1299 Kal
249 1273 409 1307 γνώσονται,
420 1275 460 1301 ὅτι
472 1276 486 1301 6
507 1275 573 1308 Θεὸς
592 1276 716 1310 δεσπόζει
736 1278 783 1305 τοῦ
816 1279 868 1305 Ἰα-

954 1279 1001 1307 29.
1020 1279 1054 1307 Et
1070 1280 1167 1313 scient,
1184 1280 1249 1314 quia
1263 1279 1334 1307 Deus
1348 1279 1506 1306 dominatur
1521 1277 1616 1310 Jacob,
1632 1280 1659 1304 ct
1673 1276 1705 1302 Ii-

77 1316 147 1350 κὼὸ,
162 1318 210 1344 καὶ
227 1318 281 1345 τῶν
294 1319 419 1355 περάτων
436 1321 486 1356 τῆς
497 1322 558 1357 γῆς.

344 1319 419 1347 ιάτων
436 1321 486 1356 τῆς
497 1322 558 1357 γῆς.
918 1326 995 1354 nium
1013 1331 1100 1354 terrae.

116 1363 154 1398 (a)
167 1364 233 1392 Cod.
256 1364 341 1392 Palat.

115 1399 153 1434 (b)
169 1399 246 1429 Vers.
264 1400 307 1428 15.
321 1401 377 1428 Kal
387 1403 518 1437 ῥομφαία,
530 1408 595 1437 etc.,
608 1405 719 1440 ἤκουσε,
735 1405 812 1434 Vers.
824 1407 866 1441 16,

446 1403 518 1437 pala.
530 1408 595 1437 etc.,
608 1405 719 1440 ἤκουσε.
735 1405 812 1434 Vers.
824 1407 866 1441 16,
883 1407 939 1435 Kal
955 1407 998 1439 σὺ,
1013 1413 1077 1439 etc.,
1093 1405 1202 1437 αὐτούς.

651 1474 837 1503 ATHANASII
857 1474 1146 1504 INTERPRETATIO.

115 1524 158 1552 13.
177 1525 322 1561 Ἔρχονται
338 1528 367 1554 ἐν
396 1528 485 1555 σκότει
512 1530 675 1564 κυκλοῦντες
695 1533 744 1569 τὴν
765 1534 864 1570 ψυχὴν,

955 1534 999 1562 15.
1014 1533 1134 1561 Veniunt
1158 1533 1185 1560 in
1209 1532 1328 1560 tenebris
1348 1530 1550 1558 circumdantes
1573 1529 1704 1561 animam.

78 1570 125 1597 καὶ
141 1573 294 1600 κατεσθίειν
310 1573 435 1609 ζητοῦσιν
447 1575 484 1606 ὡς
498 1576 588 1608 κύνες.

918 1585 945 1607 et
956 1580 1087 1607 devorare
1102 1583 1228 1615 quarunt
1243 1583 1273 1606 ut
1287 1586 1379 1605 canes.

167 1618 232 1665 ’ίδοὺ
244 1619 320 1646 αὐτοὶ
332 1617 405 1647 οὗτοι
413 1622 608 1660 πειθανύτητάς
616 1633 692 1657 τινας
700 1625 810 1653 λαλοῦσι
817 1627 864 1662 (1).

957 1627 999 1654 11.
1020 1626 1089 1655 Ecce
1105 1627 1134 1653 hi
1155 1627 1207 1661 ipsi
1230 1625 1384 1662 plausibilia
1403 1624 1527 1660 quaedam
1543 1622 1713 1665 laquunlur.‘

114 1663 158 1691 15.
173 1664 228 1691 Kal
238 1665 395 1702 ἀναιροῦσιν
408 1668 436 1694 ἐν
447 1670 504 1700 τοῖς
510 1669 600 1704 λόγοις
612 1671 700 1698 αὐτῶν
710 1673 772 1704 τοὺς
785 1672 866 1699 ἀκού-

954 1675 996 1701 15.
1013 1673 1045 1701 Et
1056 1673 1184 1701 occidunt
1195 1673 1221 1700 in
1235 1672 1407 1700 sermonibus
1419 1671 1476 1699 suis
1488 1671 1630 1698 audientes
1642 1663 1701 1698 eos.

77 1717 158 1742 οντας
169 1711 268 1738 αὐτῶν.

114 1755 159 1785 16.
174 1757 230 1784 Καὶ
247 1758 290 1790 σὺ,
304 1758 556 1794 Κύριε,ὰπελάσεις
571 1762 680 1795 αὐτούς.

953 1761 995 1789 16.
1011 1761 1045 1788 Ει
1057 1766 1096 1794 ιιι,
1111 1761 1237 1793 Domine,
1255 1760 1365 1796 dejicies
1381 1768 1436 1788 e05.

114 1802 219 1842 17._Ta
236 1803 299 1839 ἔθνη
317 1804 387 1831 αὐτὰ
403 1805 500 1833 ταῦτα,

952 1807 994 1834 17.
1013 1807 1114 1835 Gentes
1132 1807 1300 1842 hujusmodi.

113 1848 158 1875 18.
175 1849 232 1885 Τὴν
245 1849 369 1885 βοήθειάν
391 1859 442 1886 μου
454 1852 530 1886 παρὰ
545 1852 590 1879 σοῦ
606 1853 721 1890 αἰτήσω.

953 1853 996 1880 18.
1014 1853 1154 1880 Auxilium
1167 1860 1257 1880 meum
1271 1857 1322 1879 ate
1338 1851 1488 1887 postulabo.

113 1894 156 1922 19.
176 1895 238 1922 Ὀτι
258 1897 290 1924 σὺ
306 1898 439 1934 ὑπάρχεις
453 1899 520 1930 Θεός
531 1908 592 1934 μου.

952 1899 995 1927 19.
1013 1898 1146 1932 Quoniam
1163 1902 1190 1925 tu
1205 1905 1235 1925 es
1245 1897 1316 1925 Deus
1331 1905 1418 1924 meus.

110 1941 155 1968 20.
181 1942 209 1968 '0
220 1941 316 1978 ἔφορος
325 1952 376 1978 μου
391 1944 441 1979 (2),
451 1944 481 1970 τὸ
489 1945 563 1977 ἕλεος
575 1946 657 1972 αὑτοῦ
673 1946 804 1974 σκεπάσει
820 1956 862 1977 με.

950 1944 995 1972 20.
1005 1943 1166 1979 Prospector
1175 1951 1262 1975 meus,
1269 1943 1453 1970 misericordia
1463 1947 1506 1970 tua
1516 1945 1637 1976 proteget
1648 1949 1700 1968 mc.

113 1987 158 2015 2|.
177 1989 239 2021 Τοῖς
255 1989 364 2024 δαίμοσι

947 1989 992 2017 21.
1011 1989 1194 2017 Daantonibus.

111 2034 156 2062 22.
171 2035 218 2071 Μὴ
230 2037 369 2068 παντελῶς
379 2039 496 2074 ποιήσῃς
507 2039 605 2070 αὐτοὺς
619 2039 655 2075 μὴ
668 2037 748 2072 εἶναι,
761 2040 865 2075 μήποτε

949 2035 994 2062 22.
1010 2035 1050 2063 Ne
1062 2035 1148 2063 Iacias
1161 2043 1208 2063 eos
1219 2042 1332 2070 prorsus
1341 2043 1395 2062 non
1403 2034 1546 2067 exsistere,
1559 2032 1702 2068 nequando

77 2080 117 2109 ὼς
131 2081 169 2117 μὴ
189 2081 357 2117 ὑπάρχοντες
372 2083 421 2110 οὐκ
437 2083 476 2110 ἔτι
490 2084 705 2120 μνημονεύσουσι
720 2085 775 2112 τῶν
786 2086 833 2112 κολ

947 2087 1010 2118 pote
1037 2090 1092 2109 non
1109 2082 1272 2110 exsislentes
1300 2089 1355 2108 non
1381 2080 1560 2108 recordentur
1587 2079 1703 2115 amplius

78 2134 157 2158 σεων,
174 2123 212 2153 ὧν
224 2127 336 2162 ἐπάγεις
347 2128 448 2160 αὐτοῖς.

915 2129 1113 2165 suppliciorum
1129 2136 1190 2164 qua:
1203 2128 1269 2163 ipsis
1280 2127 1374 2155 infers.

113 2174 157 2200 25.
179 2173 259 2200 Ἀλλὰ
272 2173 466 2210 διασκὸρπισον
480 2176 626 2208 αὑτοὺςείς
638 2177 668 2203 τὺ
683 2176 739 2213 πῦρ
754 2177 785 2204 τὸ
799 2177 864 2204 aldi-

839 2177 864 2204 ἱι-
951 2176 996 2203 25.
1012 2175 1065 2204 Sed
1081 2175 1207 2211 disperge
1226 2174 1288 2202 illos
1303 2174 1331 2201 in
1349 2175 1437 2209 ignem
1453 2177 1595 2202 aeternum.

77 2227 142 2246 νιον.
878 2216 901 2244 D

112 2265 156 2292 24.
174 2266 230 2292 Kal
245 2267 285 2297 el;
296 2267 419 2303 τάρταρα
435 2267 485 2302 τῆς
501 2267 552 2303 γῆς
571 2268 709 2303 κατάγαγε
724 2270 831 2302 αὐτούς.

724 2270 831 2302 αὺτούς,
947 2265 994 2292 24.
1012 2265 1046 2292 Ει
1059 2266 1086 2292 in
1103 2270 1203 2293 tartara
1224 2269 1304 2293 terrae
1317 2265 1405 2293 deduc
1419 2273 1475 2293 eos.

109 2312 154 2340 25.
170 2312 220 2339 Διὰ
238 2313 287 2345 τὰς
301 2313 439 2349 ἁμαρτίας
460 2313 506 2340 τοῦ
537 2315 671 2349 στόματος
695 2315 783 2343 αὐτῶν
794 2337 802 2345 .
817 2317 864 2343 καὶ

949 2311 994 2339 25.
1010 2311 1125 2347 Propter
1144 2317 1255 2347 peccata
1275 2312 1331 2340 oris
1360 2312 1494 2347 ipsorum,
1514 2317 1541 2340 et
1561 2319 1701 2340 sermones

76 2358 138 2390 τοὺς
151 2358 247 2392 λόγους
265 2358 302 2394 (4)
317 2358 363 2391 οὓς
379 2359 512 2395 ἐλάλησαν
529 2361 599 2388 κατὰ
613 2361 671 2387 σοῦ.

613 2361 671 2387 σοῦ.
913 2366 983 2390 quos
995 2358 1078 2386 locuti
1096 2362 1162 2386 sunt
1177 2359 1309 2387 adversus
1324 2362 1359 2386 te.

111 2404 156 2431 26.
177 2404 232 2431 Kal
245 2405 477 2432 καταδικασθῶσιν
488 2407 517 2432 ὲν
526 2407 559 2442 τῇ
577 2407 826 2443 ἀνταρσίᾳηιύτῶν.

792 2409 826 2435 iv.
948 2405 992 2432 26.
1010 2405 1043 2433 Et
1053 2405 1270 2433 condemnentur
1284 2405 1313 2432 in
1326 2405 1474 2433 rebellione
1489 2413 1548 2433 sua.

111 2449 157 2476 27.
170 2450 226 2476 Kal
238 2450 289 2485 τῆς
301 2450 423 2485 ὲκκοπῆς
438 2451 486 2486 (5),
498 2452 546 2479 καὶ
559 2451 607 2478 τοῦ
615 2452 739 2487 ψεύδους,
754 2451 784 2480 οὗ
801 2454 863 2481 ἐλά-

946 2451 992 2478 27.
1009 2451 1042 2478 Et
1064 2451 1099 2479 de
1121 2451 1297 2479 eﬂ‘renatione
1318 2451 1394 2484 oris,
1422 2457 1449 2479 et
1470 2451 1612 2479 mendacio
1629 2451 1701 2486 quod

78 2496 171 2533 λησαν,
189 2497 237 2524 καὶ
247 2496 369 2529 ἐδίδαξαν
385 2498 414 2524 ὲν
432 2498 471 2534 τῷ
480 2498 582 2534 κόσμῳ.

913 2497 998 2526 locuti
1012 2503 1086 2531 sunt,
1100 2502 1127 2525 et
1140 2497 1295 2525 docuerunt
1307 2498 1334 2526 in
1347 2497 1457 2525 mundo.

110 2543 153 2571 28.
163 2544 219 2571 Kal
227 2544 256 2570 ἐν
264 2544 296 2579 τῇ
304 2544 371 2579 ὀργῇ
384 2544 431 2580 τῆς
441 2545 596 2577 συντελείας
603 2545 633 2572 οὑ
646 2546 683 2582 μὴ
695 2546 861 2582 ὑπάρξωσον.

948 2544 993 2571 28.
1011 2543 1044 2571 Ει
1057 2544 1085 2571 in
1101 2544 1142 2570 ira
1156 2544 1405 2572 consummationis
1420 2551 1473 2570 non
1493 2543 1651 2571 subsistent.

111 2589 155 2617 29.
176 2590 231 2616 Kal
242 2589 304 2616 τότε
319 2589 478 2624 γνώσονται,
498 2591 539 2618 ὃτι
556 2591 596 2627 τῷ
614 2591 673 2627 Θεῷ
694 2592 862 2620 δουλεύσουσι

948 2591 994 2618 29.
1012 2589 1045 2617 Et
1058 2594 1123 2617 tunc
1137 2595 1320 2626 cognoscent,
1345 2589 1418 2625 quod
1437 2589 1493 2616 Deo
1510 2589 1629 2616 servient
1643 2595 1701 2614 om-

80 2637 163 2663 πᾶσαι
175 2636 257 2671 φυλαὶ
269 2635 390 2671 γλῶσσαι
409 2636 456 2672 (6).

914 2645 963 2665 nes
975 2637 1063 2664 tribus
1073 2642 1100 2665 et
1114 2637 1221 2672 lingure.

555 2693 707 2726 Addenda
723 2698 753 2726 et
767 2695 956 2735 corrigenda
969 2704 1008 2727 ex
1035 2695 1105 2726 cod.
1123 2695 1223 2726 Vatis.

113 2753 150 2792 (1)
165 2754 328 2792 1911mm-
376 2789 391 2792 -
527 2789 542 2792 μ
589 2791 593 2792 ,

532 2789 542 2792 μ
589 2791 593 2792 ν
951 2757 990 2792 (4)
1005 2758 1108 2792 Λόγους
1123 2758 1222 2787 αὐτῶν.
1237 2762 1288 2785 etc.

115 2788 152 2823 (2)
163 2788 260 2816 Αὐτοῦ.
273 2790 319 2816 sed
330 2789 423 2818 melius
438 2798 502 2829 μου⁵
521 2789 609 2819 Paulo
625 2798 682 2828 post
707 2793 860 2829 προφθάσει

950 2788 988 2829 (δὶ
1009 2788 1340 2829 Ἐλὶκοτέῆςῖτοῦψειέδοξις-
1436 2827 1441 2829 ,
1496 2824 1534 2829 ..
1586 2825 1591 2829 .
1631 2823 1662 2829 .-

83 2830 147 2864 l“2..
172 2859 178 2864 .
208 2859 213 2864 .
291 2859 299 2864 .
313 2859 319 2864 .
440 2823 445 2826 '
494 2823 502 2829 ’
625 2823 630 2828 ’
731 2823 736 2829 ’
769 2823 774 2829 ’
1003 2828 1062 2855 ’Ὁτι
1084 2823 1170 2864 Ἰησοῦ
1197 2823 1234 2863 τῷ
1257 2827 1316 2862 Θεῷ
1329 2847 1335 2855 .
1350 2847 1355 2854 .
1372 2846 1396 2853 ..
1416 2827 1442 2853 αἱ
1459 2824 1539 2859 φυλαὶ
1551 2825 1597 2851 xal
1612 2823 1699 2859 γλῶσ-

115 2858 150 2894 (3)
165 2859 279 2895 Δαίμοσι
291 2859 373 2894 λέγει.
917 2858 969 2891 σαὶ.
