1916 3052
80 151 133 180 885

114 209 142 236 2.
161 207 316 244 Ὠργῖσθης,
332 208 379 234 καὶ
395 207 565 244 ῲκτείρησας
580 209 663 244 ἡμᾶς.

112 255 140 281 3.
156 253 318 285 Συνέσεισας
331 253 380 288 τὴν
400 254 462 288 γῆν.
478 254 524 280 καὶ
538 254 720 289 συνετάραξας
741 255 836 291 αὑτήν·

116 299 144 326 4.
160 299 250 326 Ἰασαι
262 299 296 325 τὰ
309 299 500 334 συντρίμματα
517 299 612 334 αὐτῆς,
626 300 667 326 ὅτι
682 300 823 336 ἐσαλεύθη.

116 346 144 373 5.
161 345 283 378 Ἔδειξας
291 345 330 380 τῷ
346 344 402 380 λαῷ
420 353 466 371 σου
478 345 593 381 σκληρά.

115 391 142 418 6.
162 391 307 423 Ἐπότισας
320 391 393 427 ἡμᾶς
409 388 480 417 οἶνον
490 391 673 423 κατανύξεως.

119 437 146 465 7.
162 437 287 468 Ἔδωκας
298 438 355 468 τοῖς
372 436 549 471 φοϐουμένοις
563 445 592 463 σε
608 437 814 474 σημείωσιν,(ιι)
824 440 870 466 τοῦ

82 485 179 518 φυγεῖν
198 484 251 510 ἀπὸ
264 483 410 519 προσώπου
423 483 509 516 τόξου.

533 152 577 180 DE
599 152 733 180 TlTULlS
751 153 974 182 PSALMORUM.
993 169 1027 175 —
1046 153 1142 182 PSAL‘.
1164 153 1232 182 LIX.

1652 154 1704 181 886

888 217 911 240 Α
958 211 985 238 2.
999 210 1086 238 lratus
1099 219 1139 244 es,
1154 216 1180 238 et
1198 212 1325 240 misertus
1338 219 1368 239 es
1385 211 1474 239 nobis.

958 258 986 284 5.
1004 256 1182 285 Commovisti
1198 262 1308 290 terram,
1327 262 1354 284 et
1368 257 1537 284 conturbasti
1553 264 1612 283 eam
1627 276 1633 283 .

958 303 984 330 ι.
1001 303 1072 330 Sana
1087 304 1263 331 contritiones
1282 303 1356 339 ejus;
1368 303 1431 338 quia
1449 307 1583 331 commota
1600 306 1651 329 cst.

957 349 984 376 5.
1002 349 1151 377 Ostendisti
1166 350 1266 384 populo
1281 354 1328 377 tuo
1345 350 1431 378 dura:

961 395 987 423 6.
1000 394 1104 423 Potasti
1122 403 1173 423 nos
1188 396 1253 423 vino
1266 397 1494 431 conpunctionis.

959 441 986 470 7.
1001 441 1102 469 Dedisti
1119 442 1303 470 metuentibus
1320 446 1345 469 te
1361 442 1586 477 signiﬁcationem
1597 465 1604 478 ,
1618 451 1647 473 ut
1662 445 1704 473 lu-

923 487 997 522 giant
1013 495 1028 514 a
1043 486 1110 514 facie
1121 495 1210 515 arcus.

116 530 145 557 8.
162 530 256 562 Ὅπως
266 529 298 557 ἂν
312 529 445 565 ρυσθῶσιν
460 530 484 555 οἱ
498 530 632 565 ἀγαπητοί
643 539 700 558 σου.

115 576 145 603 9.
157 576 247 602 Σῶσον
261 577 293 611 τῇ
310 576 384 611 δεξιᾷ
399 584 457 607 σου,
477 576 525 602 καὶ
537 576 688 603 ὲπάκουσόν
704 586 764 612 μου.

117 622 163 649 10.
184 622 212 649 Ὀ
225 621 290 654 Θεὸς
303 621 430 657 ἐλάλησεν
441 623 469 648 ὲν
485 621 524 657 τῷ
539 622 608 658 ἁγίῳ
622 623 715 649 αὑτοῦ·

118 667 164 694 Η.
182 668 401 703 Ἀγαλλιάσομαι,
417 669 463 695 καὶ
478 669 611 705 διαμεριῶ
622 669 731 704 Σίκιμα·

118 714 164 741 12.
183 714 238 741 Καὶ
250 714 299 750 τὴν
316 714 426 741 κοιλάδα
441 715 495 742 τῶν
511 715 619 750 σκηνῶν
635 715 818 750 διαμετρήσω.

119 761 164 788 13.
181 760 261 796 Ἐμός
275 761 332 787 ἐστι
347 759 462 792 Γαλαὰδ,
481 761 528 788 καὶ
542 761 607 796 ἐμός
621 762 677 788 ἐστι
695 761 854 796 Μανασσῆς*

958 532 985 559 8.
1005 531 1039 560 Ut
1049 533 1199 561 liberentur
1211 534 1302 563 dilecti
1320 535 1358 562 tui
1372 544 1380 563 ε

958 579 985 606 9.
1002 579 1112 606 Salvum
1127 579 1170 608 l‘ac
1184 581 1294 609 dextera
1313 586 1368 616 tua,
1383 587 1410 610 et
1423 584 1520 611 exaudi
1536 592 1589 612 me.

960 625 1002 652 10.
1016 625 1087 653 Deus
1099 625 1206 654 locutus
1218 632 1260 655 est
1276 628 1302 654 in
1318 634 1412 656 sancto
1427 637 1477 656 suo
1491 639 1497 657 :

958 670 1000 697 ll.
1016 670 1152 705 Lmtabor,
1163 675 1190 699 et
1204 673 1326 707 partibor
1342 673 1490 702 Sichimam
1504 685 1511 702 :

959 716 1004 744 12.
1020 716 1054 744 Et
1070 718 1220 746 convallem
1236 719 1473 748 tabernaculorum
1489 721 1615 750 metibor.

962 763 1005 790 l5.
1020 762 1096 792 Meus
1108 762 1275 799 esl'Galaad,
1290 770 1317 793 et
1333 774 1409 794 meus
1425 771 1466 794 est
1479 767 1632 795 Manasses:

118 850 160 885 (α)
174 849 256 878 Vers.
269 850 298 882 8,
314 849 401 877 Τοῦ...
416 850 448 876 Υ.
466 849 492 882 9,
510 849 613 881 Ὅπως.

645 937 834 966 ATHANASII
853 938 1149 967 .lNTERPRETATlO.

83 1047 138 1073 γει,
152 1039 195 1066 ὄτι
208 1040 255 1066 ἐπὶ
269 1040 341 1067 τέλει
361 1041 386 1067 οἱ
407 1040 603 1076 ἀλλοιούμενοι,
621 1040 761 1067 τουτέστιν
781 1041 805 1066 οξ
825 1040 1052 1076 μεταϐαλλόμενοι
1066 1041 1120 1068 ἀπὸ
1137 1040 1184 1067 τοῦ
1204 1040 1288 1067 κακοῦ
1317 1042 1357 1073 εἰς
1371 1040 1401 1067 τδ
1417 1040 1529 1075 ἀγαθὸν,
1553 1042 1592 1074 εἰς
1612 1041 1706 1078 στηλο-

82 1086 204 1121 γραφίαν
217 1086 351 1121 ἔρχονται,
363 1086 434 1121 λέγω
447 1087 479 1122 δὴ
490 1087 529 1118 εἰς
544 1086 592 1121 τὴν
604 1087 730 1121 ἐνάρετον
740 1086 887 1114 πολιτείαν·
903 1085 971 1113 εἶτα·
991 1086 1032 1119 Τῷ
1059 1087 1149 1115 Δαϐὶδ
1161 1088 1205 1120 εἰς
1227 1086 1366 1122 διδαχὴν,
1392 1087 1464 1123 φημὶ
1480 1087 1526 1114 καὶ
1543 1088 1582 1119 εἰς
1596 1087 1705 1122 διδαχὴν

83 1132 138 1159 τοῦ
150 1132 254 1159 ἱκανοῦ
268 1131 305 1167 τῇ
319 1133 403 1167 χειρὶ,
413 1133 481 1169 ὅπερ
496 1134 536 1165 εἰς
544 1133 588 1160 τὸν
598 1133 699 1168 Κύριον
716 1133 881 1169 ἀναφέρεται
898 1141 905 1149 ·
919 1133 966 1159 καὶ
980 1133 1071 1160 λοιπὸν
1094 1134 1254 1167 ἐνεπύρισε
1266 1133 1315 1170 τὴν
1330 1133 1444 1169 ἔπαρσιν
1457 1133 1503 1160 τοῦ
1519 1135 1705 1170 μετεωρισμοῦ

83 1176 186 1204 ὡσανεὶ
199 1177 249 1213 τὴν
265 1178 412 1214 ἁμαρτίαν,
425 1179 530 1206 καὶτὸν
555 1179 742 1215 μετεωρισμὺν
759 1179 808 1214 τῆς
823 1179 961 1214 ἁμαρτίας
986 1179 1034 1206 καὶ
1057 1179 1246 1214 παλαιώσεως,
1262 1179 1384 1208 τουτέστι
1401 1180 1446 1208 τὸν
1457 1180 1580 1208 θάνατον’
1594 1180 1706 1207 δώδεκα

83 1222 140 1259 γὰρ
154 1224 287 1257 χιλιάδες
302 1223 444 1262 [χιλιάδας]
455 1223 514 1252 εἷπε
530 1225 573 1252 διὰ
590 1225 621 1252 τὸ
636 1226 690 1253 πᾶν
703 1226 753 1261 τῆς
767 1226 904 1262 ἁμαρτίας
921 1226 967 1253 τοῦ
984 1226 1110 1254 θανάτου.

85 1290 212 1318 feruntur
226 1299 241 1318 a
258 1291 331 1318 malo
347 1292 375 1319 in
392 1292 505 1326 bonum,
521 1293 634 1320 veniunt
650 1292 678 1319 in
695 1292 764 1320 tituli
784 1292 1000 1327 inscriptionem,
1014 1293 1076 1321 dico
1091 1296 1181 1321 autem
1197 1293 1230 1321 ad
1243 1293 1342 1321 bonam
1354 1293 1416 1321 vitae
1431 1293 1640 1322 institutionem.
1653 1294 1705 1322 De-

84 1339 167 1366 inde:
188 1338 272 1366 Dauid
286 1339 313 1366 in
328 1339 486 1371 doctrinam,
500 1343 526 1367 et
539 1340 567 1367 in
581 1339 743 1373 doctrinam,
761 1339 883 1375 inquam,
897 1348 978 1367 manu
989 1340 1085 1376 fortis;
1098 1340 1171 1375 quod
1187 1340 1221 1368 ad
1234 1340 1379 1368 Dominum
1394 1340 1519 1369 refertur.
1534 1341 1568 1369 Et
1577 1342 1684 1370 demum
1698 1353 1703 1369 :

84 1384 227 1412 Succendit
241 1385 417 1413 elevationem
429 1385 620 1419 sublimitatis;
636 1393 732 1421 nempe
743 1391 894 1422 peccatum,
911 1391 939 1415 et.
954 1388 1148 1415 sublimitatem
1166 1388 1272 1423 peccati
1285 1392 1313 1415 et
1328 1388 1471 1416 vetustatis
1487 1398 1495 1416 :
1508 1388 1559 1417 hoc
1576 1394 1618 1417 est
1632 1399 1705 1419 mor-

85 1437 140 1461 tem
158 1442 165 1460 :
180 1432 328 1459 Duodecim
342 1433 410 1460 enim
423 1433 509 1460 millia
523 1433 601 1466 dixit,
618 1438 728 1469 propter
742 1441 822 1462 omne
835 1443 921 1470 genus
936 1436 1040 1470 peccati
1053 1435 1189 1464 mortalis.

121 1533 149 1560 2.
160 1533 217 1560 Οὐκ
228 1534 267 1565 εις
280 1533 357 1565 τελος
367 1533 555 1570 ἀπεστράφης,
567 1533 627 1560 οὐδὲ
640 1533 773 1562 ἐπελάθου
784 1534 868 1570 ἡμῶν.

959 1536 986 1563 2.
1002 1536 1062 1564 Non
1081 1537 1107 1564 in
1125 1537 1205 1565 ﬁnem
1230 1543 1370 1566 aversatus
1384 1545 1423 1572 es,
1437 1546 1526 1574 neque
1547 1538 1649 1567 oblitus
1675 1547 1704 1567 es

121 1622 148 1649 5.
163 1623 195 1649 Οἱ
209 1622 239 1654 ἐξ
249 1623 334 1649 ἐθνῶν
346 1622 384 1658 (l)
397 1622 561 1654 ἀκούσαντες
570 1623 614 1649 διὰ
623 1624 671 1650 τού
685 1623 871 1660 κηρύγματος,

82 1668 126 1694 ὅτι
143 1668 259 1703 ἑατησας
273 1669 389 1704 ἡμέραν,
398 1669 427 1695 ὲν
472 1669 577 1704 μέλλεις
587 1670 676 1705 κρῖναι
689 1670 737 1705 τὴν
748 1671 874 1706 οἰκουμέ-

82 1723 135 1749 νην
150 1714 179 1740 ἐν
189 1713 358 1751 δικαιοσύνῃ.

118 1761 147 1787 ι.
165 1761 254 1788 Ἰασαι
267 1762 301 1788 τὰ
314 1761 505 1797 συντριμματα
516 1762 609 1797 αὐτῆς,
618 1763 658 1789 ὅτι
672 1762 810 1798 ὑπήκουσᾶ
821 1771 872 1791 σοι.

121 1807 147 1834 5.
165 1808 255 1834 Πάντα
267 1808 302 1834 τὰ
316 1808 512 1844 προστάγματά
526 1817 582 1837 σου.

121 1852 148 1879 6.
164 1853 219 1888 Τὴν
231 1853 309 1888 χάριν
321 1862 367 1878 σου
379 1854 418 1885 εἰς
433 1854 598 1889 ἐπιστροφήν

121 1897 148 1924 7.
166 1898 228 1929 Τοῖς
243 1898 281 1933 (2)
297 1900 402 1930 πιστοῖς
425 1898 535 1933 γνῶσιν,
559 1898 605 1924 τοῦ
633 1899 727 1933 φυγεῖν
751 1899 805 1926 ἀπὸ
825 1901 874 1935 τῆς

83 1943 234 1978 ἁμαρτίας.

120 1989 148 2016 8.
170 1989 231 2015 Ἀπ’
244 1989 329 2024 αὐτῆς
340 1989 378 2026 (5)
393 1989 442 2024 τῆς
460 1990 606 2025 ἁμαρτίας.

120 2035 147 2063 9.
172 2035 338 2062 Ἐπάκουσόν
357 2045 418 2071 μου,
434 2037 482 2063 καὶ
499 2036 584 2063 σῶσον
598 2038 626 2063 ὲν
642 2036 680 2072 τῷ
696 2036 754 2072 Υιῷ
767 2045 824 2063 σου.

117 2081 164 2108 10.
185 2080 214 2108 ’0
229 2081 324 2117 Πατὴρ
339 2082 368 2108 ἐν
378 2081 416 2117 τῷ
438 2081 504 2117 Υἰῷ.

121 2127 167 2153 il.
189 2127 296 2162 Σίκιμα
309 2127 489 2163 ἑρμηνεύεται
516 2128 732 2155 ἀναϐαίνουσα.
755 2127 810 2163 Τὴν
829 2126 874 2155 οὖν

83 2172 280 2199 ἁναϐαἰνουσαν
296 2172 385 2209 ψυχὴν
406 2173 473 2208 πρὸς
485 2173 528 2208 μὲ,
553 2173 570 2208 ἢ
587 2172 670 2208 αὐτὴν
692 2172 729 2208 (4)
744 2172 792 2209 τὴν
816 2173 875 2199 Ἐκ-

84 2219 202 2254 κλησίαν
215 2219 378 2255 ἀποχωρίσω
393 2219 446 2246 ἀπὸ
460 2219 505 2246 τοῦ
517 2219 619 2254 κόσμου
634 2218 754 2254 ἐμαυτῷ.

121 2265 165 2292 12.
182 2266 236 2292 Καὶ
249 2266 278 2291 ὲν
293 2267 326 2301 τῇ
344 2265 415 2301 ψυχῇ
430 2265 484 2292 τῶν
500 2265 537 2301 (5)
556 2265 690 2292 ταπεινῶν
717 2265 872 2300 ἐμπεριπα-

83 2312 170 2348 metu.

121 2358 167 2385 l5.
188 2357 312 2385 Γαλαὰδ
341 2358 521 2394 ἑρμηνεύεται
550 2358 684 2385 κατοικία
706 2359 871 2393 μαρτυρίου

85 2403 136 2439 (6).
163 2404 334 2438 Μανασσῆς
373 2405 554 2440 ἑρμηνεύεται
588 2405 870 2439 ἐπιλανθανόμενος.

85 2449 171 2475 Τοῦτο
200 2447 247 2476 οὗν
268 2449 352 2484 λέγει·
376 2450 462 2484 Ἐμός
478 2449 544 2476 ἐστι
567 2449 700 2482 Γαλαὰδ,
713 2449 728 2474 ό
744 2449 798 2475 ἀπὸ
822 2449 872 2484 τῆς

85 2496 223 2532 ἁμαρτιας
239 2496 363 2531 μέτοικος
377 2496 518 2531 γινόμενος
542 2495 611 2531 πρὸς
627 2495 678 2530 ἐμὲ
692 2495 720 2520 ὲν
736 2495 873 2530 μαρτυρίᾳ

86 2542 136 2579 (Ζ)-
150 2543 198 2570 ut
211 2543 282 2578 ἐμός
304 2543 369 2570 ἐστι
393 2542 574 2577 Μανασσῆς,
594 2543 609 2569 ὀ
630 2541 872 2576 ἐπιλανθανόμενος

85 2588 141 2616 τῶν
156 2589 298 2625 προτέρων
311 2589 392 2616 αὒτοῦ
405 2588 528 2624 πονηρῶν
544 2588 679 2624 πράξεων.

923 1584 1021 1610 nostri.

958 1630 983 1657 ὅ.
1001 1629 1053 1663 Qui
1072 1638 1105 1658 ex
1124 1630 1249 1665 gentibus
1268 1635 1333 1659 sunt
1353 1630 1494 1658 audientes
1510 1638 1558 1665 per
1576 1631 1706 1665 praedica-

924 1676 1034 1710 tionem,
1048 1677 1120 1712 quod
1143 1677 1261 1705 statuisti
1280 1677 1363 1711 diem,
1379 1677 1405 1703 in
1420 1683 1475 1712 quo
1488 1676 1660 1711 judicaturus
1675 1684 1705 1704 es

924 1724 1016 1751 orbem
1032 1724 1058 1751 in
1071 1725 1188 1760 justitia.

956 1770 982 1796 4.
1003 1769 1073 1797 Sana
1088 1771 1263 1798 contritiones
1276 1771 1346 1806 ejus,
1360 1771 1490 1806 quoniam
1503 1770 1624 1798 obedivit
1644 1770 1702 1797 tibi.

959 1816 986 1843 5.
1002 1815 1100 1843 Omnia
1113 1817 1238 1844 mandata
1257 1821 1312 1844 tua.

959 1862 984 1889 6.
1002 1861 1093 1889 Gratia
1107 1867 1152 1890 tua
1167 1863 1201 1890 ad
1218 1865 1435 1892 conversionem.

961 1908 986 1935 7.
1000 1907 1138 1935 Fidelibus
1154 1909 1337 1943 cognitionem
1349 1929 1356 1941 ,
1375 1914 1404 1936 ut
1424 1909 1530 1944 fugiant
1549 1918 1563 1937 a
1585 1915 1703 1945 peccato.

959 1995 985 2022 8.
1005 1995 1046 2022 Ab
1060 1995 1118 2031 ipso
1132 2000 1251 2030 peccato.

957 2040 984 2067 9.
1002 2040 1107 2068 Exaudi
1120 2048 1173 2074 me,
1187 2045 1214 2068 et
1226 2041 1299 2069 salva
1314 2043 1340 2069 in
1356 2042 1424 2071 Filio
1439 2047 1484 2071 tuo

961 2086 1004 2113 10.
1021 2085 1101 2114 Pater
1114 2087 1140 2114 in
1153 2086 1233 2115 Filio.

959 2132 987 2158 ll
996 2152 1002 2158 .
1017 2131 1133 2159 Siehima
1146 2133 1336 2167 interpretatur
1348 2133 1497 2162 ascendens.
1510 2133 1705 2162 Ascendenlmn

925 2177 1007 2213 igitur
1032 2178 1150 2205 animam
1168 2177 1202 2205 ad
1215 2185 1272 2210 me,
1288 2186 1337 2206 seu
1359 2179 1445 2213 ipsam
1466 2179 1612 2206 Ecclesium
1629 2188 1708 2215 sepa-

926 2223 992 2251 rabo
1005 2223 1071 2250 mihi
1084 2231 1099 2250 a
1112 2223 1225 2251 mundo.

962 2270 1006 2298 12.
1023 2269 1057 2297 Et
1069 2270 1095 2296 in
1110 2269 1201 2297 anima
1218 2269 1360 2297 humilium
1373 2269 1556 2298 inambulabo.

961 2358 1005 2385 l5.
1030 2357 1133 2384 Galaad
1157 2357 1349 2392 interpretatur
1371 2357 1530 2385 iit/«abitalia
1553 2361 1704 2387 testimonii.

926 2405 1061 2432 Manassae
1078 2405 1270 2439 interpretatur
1281 2404 1387 2431 oblitus.
1402 2404 1458 2433 Hoc
1470 2407 1551 2441 igitur
1563 2407 1707 2442 signiﬁcat,

926 2451 1000 2478 Meus
1012 2456 1050 2478 est
1065 2450 1169 2478 Gulaad
1181 2459 1191 2478 :
1203 2451 1249 2486 qui
1265 2459 1281 2478 a
1296 2456 1405 2486 peccato
1427 2453 1660 2488 transmigraverit
1674 2455 1708 2480 ad

925 2505 968 2525 me
981 2497 1006 2524 in
1021 2497 1176 2524 testimonio
1190 2505 1196 2522 :
1208 2498 1250 2529 et,"
1260 2505 1332 2524 meus
1342 2501 1381 2524 est
1394 2496 1540 2530 Manium,
1553 2498 1600 2533 qui
1608 2498 1706 2527 oblitus

924 2547 967 2571 est
982 2543 1156 2578 pristinarum
1169 2550 1280 2570 suarum
1293 2543 1425 2570 malarum
1443 2544 1591 2571 actionum.

559 2662 714 2693 Addenda
732 2664 762 2692 ct
778 2660 969 2699 corrigenda
986 2668 1024 2690 ex
1040 2660 1110 2690 cod.
1131 2659 1231 2691 Vatic.

77 2781 79 2788 ι
120 2752 159 2786 (1)
175 2754 206 2780 οι
222 2753 252 2786 ἐξ
263 2754 347 2783 ἐθνῶν
358 2754 460 2781 desunt.

122 2787 159 2822 (Ξ)
177 2789 300 2821 Ἕδωκας
311 2791 376 2822 τοῖς,
389 2794 441 2817 etc.

187 2824 240 2851 Τοῦ
264 2825 362 2859 φυγεῖν
383 2825 435 2851 ἀπὸ
461 2825 510 2860 τῆς
539 2824 683 2860 ἁμαρτίας.
701 2823 732 2852 Ν.
754 2825 780 2852 9.
805 2823 870 2850 ’Δπὸ

88 2866 119 2884 ctu
136 2867 176 2894 ης.

959 2752 996 2783 (4)
1012 2752 1082 2786 Πρὸς
1101 2752 1150 2787 μὲν
1160 2751 1208 2787 τὴν
1223 2751 1318 2787 αὐτήν,
1331 2755 1384 2778 etc.

961 2761 996 2783 [ιιι
1012 2761 1082 2786 ιιρος
1122 2761 1150 2778 εν
1160 2761 1208 2787 την
1223 2761 1318 2786 αυιιτην¹
1331 2761 1373 2778 etc

961 2787 998 2822 (5)
1015 2788 1069 2814 Καὶ
1083 2761 1130 2821 τςν
1143 2787 1229 2822 ψυχὴν
1243 2786 1309 2818 τῶν,
1323 2790 1375 2815 ctu.

957 2823 995 2857 (ϐ)
1011 2823 1141 2849 Merenda
1153 2822 1314 2857 μαρτυρίας.

958 2858 995 2894 (7)
1010 2858 1055 2890 Εἰς
1073 2857 1232 2894 μαρτυρίαν.
