1916 3052
18 136 68 162 889

51 193 78 220 2.
96 193 219 229 Πρόσχες
232 195 265 230 τῇ
284 195 421 230 προσευχῇ
438 203 499 230 μου.

49 240 75 268 5.
100 239 166 266 Ἀπὸ
182 239 237 266 τῶν
254 239 380 276 περάτων
392 240 444 275 τῆς
458 241 510 276 γῆς
526 240 594 276 πρὸς
614 241 645 268 σὲ
658 242 804 279 ἐκέκραξα,

19 284 46 312 ὲν
63 284 103 320 τῷ
113 284 150 320 (a)
168 285 316 320 ἀκηδιάσαι
328 285 378 321 τὴν
392 286 506 321 καρδίαν
525 293 591 321 μαψ

52 331 78 357 4.
99 331 143 357 Ἐν
158 331 248 367 πέτρᾳ
264 330 376 366 ὓψωσάς
392 340 437 367 με.

51 377 76 403 5.
101 377 253 413 Ὠδὴγησάς
269 386 313 412 με,
325 378 366 404 ὅτι
383 379 516 415 ὲγενήθης
530 380 608 412 ἐλπίς
625 388 692 415 μου,

51 423 77 450 6.
94 424 203 459 Πύργος
219 423 311 460 ἰσχύος
329 424 384 451 ἀπὸ
398 424 543 461 προσώπου
559 426 667 462 ἐχθροῦ.

299 471 458 507 Διάψαλμα
471 473 520 508 (ὁ).

50 516 77 542 ’1.
89 516 253 552 Παροικήσω
260 516 289 543 ὲν
297 517 336 552 τῷ
347 517 506 554 σκηνώματί
516 527 561 545 σου
572 519 612 550 εἰς
619 519 682 550 τοὺς
693 517 805 550 αἰῶνας.

48 562 75 590 8.
94 563 326 598 Σκεπασθήσομαι
340 564 369 590 ἐν
382 566 414 600 τῇ
429 565 516 600 σκέπῃ
527 564 581 592 τῶν
594 565 737 600 πτερύγων
748 574 805 591 σου.

48 609 76 636 9.
95 609 158 635 Ὅτι
176 609 220 641 σὺ,
234 610 249 635 ὁ
267 608 346 642 Θεὸς,
362 611 524 644 εἰσήκουσας
540 610 594 637 τῶν
609 610 696 646 εὐχῶν
712 613 761 646 μου
773 618 779 625 ·

48 655 94 682 10.
112 655 237 687 Ἔδωκας
251 655 433 692 κληρονομίαν
447 658 502 688 τοῖς
519 656 694 692 φοϐουμένοις
709 657 740 683 τὸ
750 657 806 683 ὅνο-

20 702 54 737 μὰ
72 710 133 729 σου.

49 748 93 774 11.
109 747 234 783 Ἡμέρας
250 748 293 784 ἐφ’
308 748 414 784 ἡμέρας
427 748 474 776 τοῦ
489 748 621 784 βασιλέως
633 748 807 784 προσθήσεις,

48 793 94 821 12.
115 793 158 820 Τὰ
178 794 227 830 ἐτη
243 795 325 822 αὑτοῦ
342 796 394 827 ἕως
408 796 515 831 ἡμέρας
530 797 627 830 γενεᾶς
637 795 685 822 καὶ
698 796 805 830 γενεᾶς.

48 883 92 910 15.
109 884 239 919 Διαμενεί
253 885 294 915 εις
308 884 354 911 τὸν
371 883 457 911 αἰῶνα
471 884 585 911 ἐνώπιον
598 884 645 910 τοῦ
657 883 736 911 Θεοῦ.

47 928 93 955 14.
111 929 207 961 Ἔλεος
223 929 271 956 καὶ
284 929 415 965 ἀλήθειαν
428 929 510 957 αὑτοῦ
528 929 572 961 τίς
589 929 753 965 ὲκζητήσει;

49 975 93 1002 15.
108 975 190 1002 Οὕτω
202 975 280 1011 ψαλῶ
298 975 337 1012 τῷ
355 975 468 1012 ὀνόματί
496 984 543 1002 σου
564 976 604 1007 εἰς
620 976 684 1007 τοὺς
708 975 808 1007 αἰῶνας

20 1020 70 1056 [τὸν
84 1021 194 1058 ultima].

49 1068 94 1095 16.
119 1066 174 1094 Τοῦ
190 1067 338 1095 ἀποδοῦναι
357 1076 391 1103 με
414 1066 465 1100 τὰς
480 1068 563 1104 εὐχάς
586 1076 636 1103 μου
652 1067 760 1103 ἡμέραν
779 1067 809 1099 ἐξ

19 1114 131 1150 ἡμέρας·

47 1171 85 1203 (a)
103 1170 224 1206 νει-δέ,
247 1171 292 1197 Ἐν
309 1170 360 1205 τῷ,
375 1175 441 1204 etc.,
454 1169 566 1206 ὕψωσάς
583 1179 628 1206 με.

49 1205 86 1241 (b)
102 1206 173 1233 Cod.
188 1204 278 1234 Palat.
300 1204 427 1234 ut'inl‘ra.

461 135 506 162 DE
526 135 666 164 TITL'LIS
685 130 909 166 PSALMORUM.
929 155 963 159 —
980 139 1078 167 PSAL.
1099 140 1154 168 LX.

1594 141 1648 170 890

820 200 844 228 Α
892 199 918 226 2.
935 199 1045 227 intende
1060 200 1177 227 orationi
1191 207 1276 228 meae:

895 245 921 272 3.
939 246 961 272 A
974 246 1075 274 ﬁnibus
1090 251 1170 274 terra:
1182 246 1216 273 ad
1231 250 1258 274 te
1271 245 1398 279 clamavi,
1412 246 1477 274 dum
1489 247 1648 275 anxiaretur

860 299 907 319 COI‘
924 300 1013 319 meum
1027 302 1034 320 2

893 339 920 366 1.
935 338 964 366 In
980 344 1054 374 petra
1071 340 1197 368 exaltasti
1214 348 1267 368 me.

897 386 922 413 5.
936 385 1077 414 Deduxisti
1094 393 1147 420 me,
1167 387 1229 421 quia
1247 386 1335 415 factus
1347 394 1377 415 es
1390 393 1452 422 spes
1468 394 1539 419 mea,

896 431 923 457 6.
941 430 1036 459 Turris
1050 430 1217 459 fortitudinis
1233 440 1247 460 a
1263 431 1334 460 facie
1351 432 1466 459 inimici.

1161 477 1331 512 Diapsalma.

898 522 922 549 7.
939 522 1099 550 lnhabitabo
1112 522 1138 549 in
1152 522 1330 550 tabernaculo
1348 527 1396 550 tuo
1410 522 1438 550 in
1453 523 1569 550 saecula-

894 569 921 596 8.
936 567 1066 604 Protegar
1080 569 1108 595 in
1121 569 1273 596 velamento
1290 569 1394 596 alarum
1405 574 1526 597 tuarum.

898 615 924 642 9.
935 614 1070 647 Quoniam
1085 619 1126 647 tu,
1138 614 1220 647 Deus,
1229 615 1364 643 exaudisti
1376 615 1528 643 orationem
1540 623 1644 643 meam:

894 661 938 688 10.
953 660 1055 689 Dedisti
1070 660 1256 689 haereditatcm
1268 661 1428 689 timentibus
1443 669 1540 689 nomen
1559 666 1646 689 tuum.

897 752 940 779 11.
958 751 1019 780 Dies
1032 759 1113 787 super
1125 751 1185 779 dies
1197 753 1270 788 regis
1285 753 1408 788 adjicies,

895 798 939 825 1‘2.
957 798 1049 826 Annos
1071 799 1131 834 ejus
1154 807 1242 834 usque
1266 799 1294 825 in
1315 799 1387 826 diem
1412 798 1596 834 generationis
1621 803 1649 826 et

861 845 1055 880 generationis.

824 883 846 913 Β
898 891 941 919 15.
960 891 1136 919 Permanebit
1151 891 1178 918 in
1196 895 1330 928 aeternum
1347 891 1375 919 in
1392 894 1542 927 Conspectu
1557 891 1615 919 Dei.

898 938 941 965 11.
951 937 1163 965 Misericordiam
1177 942 1205 965 et
1213 938 1354 965 veritatem
1367 937 1428 973 ejus
1439 938 1502 973 quis
1510 938 1649 974 requiret?

897 984 940 1011 15.
960 983 1006 1010 Sic
1026 983 1162 1019 psalmum
1187 984 1278 1012 dicam
1303 984 1408 1012 nomini
1430 988 1479 1012 tuo
1500 984 1529 1012 in
1549 985 1647 1013 saecula

865 1030 1017 1066 [smculum]
1029 1039 1035 1057 :

898 1077 942 1105 16.
956 1077 992 1105 Ut
1007 1078 1118 1107 reddam
1131 1082 1195 1107 vota
1211 1085 1271 1107 mea
1287 1077 1321 1106 de
1334 1078 1378 1106 die
1389 1079 1418 1106 in
1432 1078 1515 1107 diem.

578 1272 768 1300 ATHANASII
788 1272 1084 1302 INTERPRETATIO.

20 1345 95 1381 μέχρι
111 1344 207 1376 τέλους
220 1345 261 1377 εἰς
276 1344 361 1380 ⁹ὑμνον
372 1345 478 1381 εἴρηται
495 1343 535 1377 τῷ
548 1343 640 1377 ἱκανῷ
653 1343 690 1379 τῇ
701 1344 788 1379 χειρὶ,
801 1344 926 1372 τουτέστι
944 1345 982 1381 τῷ
994 1344 1053 1381 Υἱῷ
1066 1344 1113 1372 τοῦ
1125 1343 1203 1371 Θεοῦ.
1218 1343 1308 1371 Δαόὶδ
1321 1342 1375 1380 γὰρ
1393 1340 1572 1377 ἑρμηνεύεται
1586 1342 1651 1368 ικα-

18 1394 66 1426 γὸς
82 1393 170 1427 χειρὶ,
192 1393 230 1424 ὡς
247 1393 346 1429 εἴρηκα
359 1394 397 1428 (1)
412 1392 551 1424 πολλάκις.

20 1446 78 1464 num
92 1438 185 1465 dictus
193 1443 235 1465 est
246 1437 374 1466 Psalmus
386 1447 465 1466 manu
479 1439 553 1473 forti,
564 1439 618 1467 hoc
631 1439 750 1467 estFilio
767 1438 824 1466 Dei.
835 1438 920 1466 David
929 1439 1003 1466 enim
1013 1439 1210 1474 interpretatur
1226 1445 1306 1465 manu
1332 1437 1420 1472 fortis,
1435 1441 1466 1464 ut
1475 1436 1573 1472 saepius
1581 1436 1648 1464 dixi.

50 1486 76 1512 2.
95 1485 144 1521 Μὴ
162 1486 343 1521 ἀποστραφῇς
359 1487 408 1522 τὴν
425 1487 577 1523 προσευχήν
595 1496 654 1523 μου.

51 1532 76 1558 3.
91 1531 182 1557 Ὄλων
194 1531 249 1557 τῶν
264 1531 367 1567 γηίνων
383 1532 437 1558 τῶν
453 1533 482 1560 ὲν
494 1532 532 1568 τῷ
548 1533 643 1568 κόσμῳ
658 1532 810 1569 καθαρίσας

21 1577 63 1611 τὴν
79 1577 203 1604 διάνοιάν
221 1586 271 1613 μου
283 1597 290 1610 ,
304 1578 392 1610 οὕτως
409 1579 522 1615 ἐδεήθην
538 1587 595 1606 σου.

54 1665 79 1691 ι.
103 1665 148 1692 Ἐν
160 1664 201 1700 τῷ
217 1659 348 1698 νυστάξαι
365 1666 404 1697 εἰς
420 1665 470 1702 τὴν
484 1665 622 1702 ἁμαρτίαν
636 1665 687 1700 τὴν
698 1664 811 1701 καρδίαν

26 1718 83 1745 μου,
100 1710 130 1737 ἐν
141 1712 203 1742 ταῖς
216 1710 337 1742 ἐντολαῖς
353 1719 400 1737 σου
418 1710 601 1746 ἐθεμελίωσας
619 1719 662 1746 με.

55 1756 79 1784 5.
102 1757 148 1783 Ἐν
161 1756 200 1792 τῷ
218 1757 288 1790 φωτὶ
304 1756 353 1792 τῆς
366 1756 476 1792 χάριτός
491 1764 537 1782 σου
553 1755 698 1790 ὡδήγησάς
713 1764 757 1790 με.

56 1803 82 1830 6.
101 1803 197 1838 Τεῖχος
219 1803 328 1839 ἰσχυρόν
346 1811 390 1838 μοι
407 1803 446 1838 (2)
465 1803 597 1838 ὑπάρχεις
614 1801 741 1836 φεύγοντι
759 1801 812 1828 ἀπὸ

22 1849 67 1884 τῆς
84 1848 237 1884 ἁμαρτίας.

54 1895 81 1920 7.
101 1895 148 1921 Ἐν
163 1895 221 1925 τοῖς
236 1894 403 1930 δικαιώμασί
414 1903 461 1921 σου
475 1893 597 1930 διαμένω
609 1892 648 1929 (5)
668 1891 813 1928 [διαμενῶ]

23 1941 41 1966 δί
48 1940 175 1971 ιπαντάς.

56 1986 80 2013 8.
95 1986 308 2021 Φυλαχθήσομαι
324 1984 376 2010 ὑπὸ
399 1983 454 2010 τῶν
470 1983 517 2010 δύο
532 1981 676 2018 Διαθηκῶν
693 1990 741 2008 σου
763 1982 812 2017 (4).

57 2032 82 2059 9.
97 2031 250 2068 Πληρώσας
266 2039 300 2066 με
313 2029 360 2056 τοῦ
375 2029 515 2065 φωτισμοῦ
532 2039 589 2058 σου.

56 2078 98 2106 10.
110 2079 167 2112 Τὴν
180 2077 320 2112 βασιλείαν
332 2076 385 2103 τῶν
396 2076 517 2112 οὐρανῶν
527 2076 631 2109 ἔδωκας
638 2077 694 2108 τοῖς
708 2073 814 2102 ποιοῦσι

25 2124 52 2150 τὸ
68 2124 177 2159 θέλημὰ
194 2132 252 2150 σου.

822 1489 844 1518 c
895 1486 924 1514 2.
939 1485 979 1515 Ne
995 1486 1130 1514 averseris
1145 1485 1298 1514 orationem
1314 1492 1413 1512 meam.

895 1533 923 1561 5.
938 1533 1006 1561 Cum
1017 1533 1052 1561 ab
1064 1532 1191 1561 omnibus
1204 1532 1285 1560 rebus
1296 1530 1423 1563 terrenis,
1436 1538 1497 1566 quae
1509 1530 1535 1558 in
1546 1531 1650 1558 mundo

862 1583 936 1611 sunt,
952 1579 1115 1607 mundasses
1136 1582 1369 1610 mentemmeam,
1390 1577 1427 1604 ita
1450 1580 1476 1603 te
1489 1576 1650 1612 deprecatus

862 1633 935 1653 sum.

897 1670 924 1697 ι.
938 1669 1007 1697 Cum
1023 1668 1184 1696 domitam
1203 1667 1230 1695 in
1241 1671 1353 1702 peccato
1368 1674 1416 1695 cor
1427 1674 1517 1694 meum
1535 1666 1563 1693 in
1580 1674 1650 1701 pra:-

863 1716 949 1750 ceptis
962 1714 1017 1742 tuis
1030 1713 1151 1741 fundasti
1166 1721 1219 1741 me.

897 1761 924 1788 5.
938 1760 967 1787 In
980 1759 1041 1787 luce
1056 1759 1151 1794 gratiae
1168 1763 1221 1786 tuae
1237 1759 1374 1787 deduxisti
1388 1766 1442 1787 me.

898 1805 925 1832 6.
938 1803 1032 1832 Murus
1046 1803 1214 1832 fortissimus
1229 1804 1297 1831 mihi
1310 1812 1340 1832 es
1351 1804 1465 1840 fugienti
1479 1812 1495 1832 a
1507 1808 1630 1839 peccato.

901 1895 927 1923 7.
942 1895 971 1922 ln
982 1894 1227 1930 justiﬁcalionibus
1237 1894 1294 1922 tuis
1306 1893 1473 1930 permanebo
1489 1899 1608 1928 semper.

900 1983 927 2010 8.
944 1982 1089 2010 Custodiar
1105 1982 1156 2010 sub
1171 1982 1278 2011 duobus
1292 1980 1475 2010 Testamentis
1491 1979 1556 2008 tuis.

901 2029 928 2056 9.
944 2028 1061 2063 Replens
1074 2036 1118 2056 me
1134 2028 1335 2056 illuminatione
1349 2031 1406 2055 tua.

903 2075 945 2102 10.
962 2074 1086 2110 Regnum
1108 2075 1241 2102 cmlorum
1258 2073 1356 2103 dedisti
1373 2072 1538 2100 facientibus
1556 2070 1652 2098 volun-

866 2125 948 2149 tatem
964 2126 1048 2148 tuam.

59 2171 102 2197 11.
118 2171 175 2197 Καὶ
197 2169 237 2205 τῷ
261 2168 402 2201 ἀξιωθέντι
417 2168 505 2204 πιστῷ
521 2177 568 2195 σου
584 2168 641 2203 λαῷ
665 2169 693 2194 ἐν
709 2167 748 2203 τῷ
768 2166 809 2194 νῦν

903 2167 947 2194 11.
965 2166 1000 2193 Et
1013 2165 1112 2202 populo
1123 2170 1170 2192 tuo
1180 2164 1263 2196 ﬁdeli,
1276 2164 1323 2200 qui
1339 2164 1367 2192 in
1381 2163 1433 2191 hoc
1445 2162 1543 2191 saeculo
1553 2162 1653 2198 dignus

27 2217 103 2244 αἰῶνι
116 2216 164 2243 τοῦ
179 2215 268 2251 φωτὸς
287 2215 336 2251 τῆς
355 2214 465 2251 χαριτός
484 2223 530 2241 σου
555 2213 720 2250 προσθήσεις
742 2212 809 2248 αὑτᾷ

891 2218 957 2242 ictus
968 2218 1011 2241 est
1026 2213 1087 2240 luce
1100 2212 1195 2247 gratiae
1212 2215 1276 2244 tuae,
1293 2210 1403 2245 adjicies
1419 2209 1470 2244 ipsi
1486 2208 1567 2236 etiam
1586 2207 1654 2236 frui-

27 2264 70 2289 καὶ
81 2262 130 2289 τοῦ
142 2262 227 2289 ἀϊδίου
240 2261 329 2296 φωτὸς
343 2260 495 2287 ἀπολαῦσαι
506 2260 535 2286 ἐν
544 2259 583 2295 τῷ
597 2259 718 2295 μέλλοντι
728 2257 816 2286 αἰῶνι.

61 2309 105 2336 1‘2.
123 2309 178 2336 Καὶ
193 2309 210 2344 ὴ
226 2307 281 2343 ζωὴ
293 2306 375 2333 αὑτοῦ
388 2306 564 2342 ἀτελεύτητός
578 2307 650 2332 ἐστιν
661 2305 710 2340 (5).

62 2356 104 2384 13.
114 2355 168 2381 Καὶ
176 2353 328 2390 ἀχώριστὸς
344 2354 402 2379 ἐστι
410 2352 456 2379 τοῦ
465 2353 533 2388 ὁρᾷν
541 2352 589 2387 τὴν
599 2350 676 2383 δόξαν
683 2350 730 2378 τοῦ
737 2349 817 2378 Θεοῦ.

62 2402 106 2429 1A.
122 2400 178 2436 Τὴν
195 2398 401 2434 εὐσπλαγχνίαν
408 2397 492 2425 αὐτοῦ
504 2398 551 2424 καὶ
563 2397 613 2433 τὴν
622 2397 818 2432 δικαιοκρισιαν

28 2448 66 2479 τὶς
81 2448 121 2482 (6)
137 2446 278 2482 Μταλάὸῃ
287 2454 295 2478 ;

64 2493 107 2521 15.
120 2492 213 2524 Οὒτως
226 2491 305 2527 ψαλῶ
322 2499 363 2518 σοι
379 2490 417 2526 (7)
429 2489 586 2521 ἀπαύστως,
602 2488 639 2521 ὡς
652 2488 776 2524 ὀφείλων,
789 2489 818 2516 ἐν

30 2539 226 2575 εὖχιρισ-ιίαις.

64 2587 108 2612 16.
131 2585 271 2621 ’Δνυμνεῖν
287 2592 319 2610 σι
333 2583 382 2610 καὶ
404 2583 433 2610 ὲν
445 2582 484 2618 τῷ
508 2581 555 2610 νῦν
571 2581 648 2609 αἰῶνι
669 2581 715 2608 καὶ
735 2581 764 2608 ἐν
782 2579 820 2616 τῷ

34 2633 167 2668 μέλλοντι.

869 2260 972 2287 tionem
986 2263 1093 2286 aeternae
1109 2258 1178 2285 lucis
1193 2257 1222 2284 in
1237 2260 1353 2284 venturo
1365 2255 1477 2284 saaculo.

907 2305 950 2332 12.
966 2304 999 2330 Ει
1017 2304 1071 2331 vita
1085 2303 1145 2338 ejus
1161 2302 1325 2337 sempiterna
1337 2304 1388 2328 est.

907 2351 949 2378 1'5.
965 2349 998 2377 Et
1014 2349 1202 2385 inseparabilis
1215 2351 1258 2376 est
1274 2355 1289 2374 a
1301 2347 1407 2375 visione
1420 2346 1514 2382 gloriae
1526 2345 1583 2372 Dci.

906 2397 950 2425 11.
967 2396 1167 2424 Miserationem
1190 2394 1251 2431 ejus
1273 2397 1302 2422 et
1319 2393 1423 2429 justum
1446 2391 1577 2427 judicium
1594 2389 1657 2425 quis

870 2442 1101 2478 comprehendet?

906 2490 950 2517 15.
967 2489 1013 2517 Sic
1026 2488 1160 2523 psalmum
1171 2487 1260 2516 dicam
1270 2486 1317 2515 tibi
1328 2486 1506 2517 incessanter,
1519 2487 1549 2511 ut
1560 2483 1657 2513 debeo,

872 2536 899 2563 in
915 2535 1061 2570 gratiarum
1074 2534 1238 2561 actionibus.

908 2582 952 2609 16.
968 2581 1003 2609 Ut
1015 2581 1123 2609 laudem
1141 2585 1166 2608 te
1185 2586 1211 2608 et
1226 2579 1255 2608 in
1268 2578 1396 2616 praesenti
1413 2576 1513 2607 saeculo
1525 2580 1552 2604 et
1573 2583 1601 2602 in
1615 2574 1657 2603 1u~

873 2633 946 2655 ιυτο.

508 2686 665 2719 Addenda
679 2690 711 2718 et
723 2685 913 2725 corrigenda
935 2693 974 2715 ex
991 2683 1061 2714 cod.
1081 2683 1180 2715 Vatia.

62 2753 103 2788 (1)
123 2752 253 2785 Πολλάκις
271 2752 432 2788 εἰρήκαμεν.

64 2787 104 2817 ('3)
119 2787 185 2814 Μου.

63 2823 104 2858 (5)
118 2823 260 2858 Διαμεξνω.

68 2857 106 2891 (1)
126 2857 172 2884 ω
189 2858 275 2886 deest.

915 2748 942 2781 5)
955 2748 1062 2775 Ἔσται.

914 2783 941 2819 6)
960 2782 1046 2819 Αὑτοῦ
1060 2783 1109 2814 τις.

906 2814 944 2854 (7)
956 2819 1000 2845 Σοι
1014 2817 1099 2851 deest,
1115 2816 1262 2848 ἀπαύστως
1274 2814 1369 2850 ὄφελον
1384 2815 1424 2847 ὲν,
1442 2816 1495 2841 etc.
