1916 3052
256 146 306 176 891
680 151 710 180 S.
731 153 917 182 ATIIANASII
940 156 1015 185 OPP.
1036 157 1126 185 PARS
1144 157 1187 186 lll‘.
1206 171 1240 178 —
1258 158 1464 187 EXEGETICA.
1828 162 1879 189 δεῖ

360 203 393 233 In
407 206 496 241 ﬁnem,
510 215 557 242 pro
576 207 691 235 ldithum
714 210 833 243 psalmus
851 211 944 238 David.

551 254 650 282 ρδΑι.
672 255 750 284 LXI.

293 298 319 326 l.
334 297 428 326 Nonne
439 298 494 326 Deo
509 300 629 335 subjecta
643 301 694 328 erit
707 303 798 330 anima
812 303 892 330 mea?

290 345 319 372 2.
336 345 377 372 ΑΙ)
390 345 450 380 ipso
466 346 538 373 enim
555 346 678 375 Salutare
694 356 795 375 meum.

292 391 320 418 5.
334 390 401 419 Nam
415 396 441 418 et
453 392 510 427 ipse
525 392 597 420 Deus
611 401 687 421 meus
700 398 727 420 et
740 393 876 422 Salutaris
891 402 978 428 meus,

292 437 318 464 1.
335 437 482 472 Susceptor
496 447 586 471 meus,
603 447 656 466 non
673 440 802 466 movebor
817 440 945 475 amplius.

294 483 321 510 5.
339 483 489 519 Quousque
505 484 610 513 irruitis
625 485 652 512 in
667 485 803 512 hominem
813 485 826 512 ?

293 528 320 556 6.
336 529 491 557 Interllcitis
507 531 626 558 universi
642 538 707 558 vos:

293 575 320 603 7.
338 573 479 610 Tanquam
503 576 599 611 parieti
625 577 755 604 inclinato
795 581 822 605 et
849 577 975 605 maceria:
997 577 1044 605 de-

1058 218 1080 245 Α
1093 215 1144 249 Εἰς
1160 217 1192 243 τὸ
1207 216 1310 249 τέλος,
1327 216 1404 250 ὑπὲρ
1426 215 1554 250 Ἰδιθοὺμ
1574 217 1696 251 ψαλμὸς
1719 217 1760 250 τῷ
1781 220 1876 247 Δαϐἰό.

1388 265 1476 291 ΨΑΛ.
1506 263 1578 290 EA’.

1130 309 1154 336 1.
1173 309 1240 344 Οὐχὶ
1256 308 1295 344 τῷ
1311 308 1370 344 Θεῷ
1387 310 1589 345 ὑποταγήσεται
1605 311 1621 346 ἡ
1635 310 1707 347 ψυχή
1727 320 1797 346 μους

1127 355 1155 381 ‘2.
1174 354 1243 390 [Iap'
1260 354 1334 390 αὺτῷ
1349 354 1403 390 γὰρ
1418 355 1448 381 τὸ
1465 355 1604 391 Σωτήριόν
1618 364 1679 391 μου.

1129 401 1155 428 5.
1173 401 1228 427 Καὶ
1243 401 1296 436 γὰρ
1313 401 1393 432 αὐτὸς
1407 401 1473 433 Θεός
1488 410 1537 436 μου
1553 403 1599 428 καὶ
1613 403 1710 438 Σωτήρ
1725 412 1786 439 μου,

1130 447 1157 474 ι.
1178 447 1364 483 ’Δντιλήπτωρ
1380 456 1448 483 μου,
1461 448 1491 474 οὑ
1514 447 1551 483 μὴ
1574 448 1696 476 σαλευθῶ
1714 451 1760 476 ἐπὶ
1777 451 1875 477 πλεῖον.

1128 493 1154 520 5.
1167 494 1237 526 Ἕως
1251 494 1315 520 πότε
1331 493 1483 521 ἐπιτίθεσθε
1501 495 1544 520 ἐπ’
1561 494 1721 530 ἄνθρωπον;

1131 540 1156 565 6.
1170 539 1298 566 Φονεύετε
1311 539 1411 572 πάντες
1427 541 1516 575 ὑμεῖς,

1132 586 1157 612 7.
1181 586 1224 618 Ὠς
1240 586 1320 622 τοίχῳ
1337 587 1507 623 κεκλισμένῳ
1520 587 1566 613 καὶ
1582 587 1703 622 φραγμῷ
1716 587 1846 623 ὼσμένῳ;

256 621 360 657 pulsae?

294 666 321 694 8.
341 665 535 694 Verumtamen
552 666 669 702 pretium
686 675 775 696 meum
793 669 980 706 cogitaverunt
1003 676 1044 696 re-

1131 673 1158 701 8.
1176 674 1250 710 Πλὴν
1269 675 1318 710 τὴν
1331 676 1413 710 τιμήν
1430 684 1480 711 μου
1496 675 1689 703 ἐϐουλεύσαντο
1711 676 1878 703 ἀπώσασθαι.

258 712 368 747 pellere.

293 757 320 785 9.
333 757 449 786 Cucurri
463 759 490 786 in
508 759 553 786 siti
564 779 572 786 .

1131 762 1157 789 9.
1174 761 1310 798 Ἔδραμον
1324 763 1352 789 ὲν
1366 763 1440 799 δίψῃ.

296 803 339 831 lo.
355 803 408 832 Ore
431 812 481 832 suo
503 805 709 839 benediccbant,
721 806 802 834 corde
813 805 852 842 [et
868 805 961 839 corde,
978 805 1044 842 etc.]

1133 807 1176 834 10.
1190 807 1235 842 Τῷ
1248 808 1361 843 στόματι
1371 808 1460 836 αὐτῶν
1472 809 1610 845 εὐλόγουν,
1622 811 1656 846 τῇ
1675 810 1776 846 καρδίᾳ
1795 811 1880 838 αὐτῶν

259 858 309 879 suo
320 851 527 878 maledicebant.

1130 862 1167 889 ιτη
1172 854 1266 890 ρῶντο.

522 923 528 929 ,
573 897 739 932 Diapmlma.

1373 899 1531 936 Διάψιιλμα
1548 901 1596 936 (α)-

294 942 338 970 ll.
355 942 548 971 Verumtamen
565 943 619 971 Deo
631 943 752 978 subjecta
765 947 835 974 esto.
852 943 943 970 anima
967 951 1044 971 mea:

1133 945 1176 972 11.
1191 946 1264 980 Πλὴν
1281 945 1320 981 τῷ
1337 946 1395 982 Θεῷ
1411 947 1572 983 ὑποτάγηθι,
1587 949 1604 984 ἡ
1618 947 1690 984 ψυχή
1709 956 1779 984 μου”

295 988 338 1015 12.
356 988 490 1021 Quoniam
507 989 541 1016 ab
556 990 616 1024 ipso
630 990 757 1024 patientia
775 997 845 1017 mea.

1131 991 1174 1018 12.
1195 991 1256 1018 Ὅτι
1271 994 1335 1027 παρ’
1351 993 1424 1028 αὐτῷ
1439 994 1456 1029 ἡ
1476 994 1598 1030 ὑπομονὴ
1616 1003 1677 1030 μου.

295 1033 338 1060 15.
351 1033 423 1066 Quin
438 1034 494 1069 ipse
510 1033 581 1062 Deus
597 1042 674 1062 meus
688 1039 715 1062 et
730 1034 855 1062 Salvator
866 1043 962 1062 meus:

1133 1038 1176 1065 l3.
1198 1039 1258 1065 ’Ότι
1272 1039 1352 1070 αὐτὸς
1368 1039 1434 1071 Θεός
1449 1049 1499 1075 μου
1512 1040 1559 1066 καὶ
1574 1041 1670 1076 Σωτήρ
1683 1049 1735 1076 μου
1747 1049 1756 1057 ”

293 1080 338 1108 14.
352 1081 466 1116 Adjutor
477 1089 566 1115 meus,
582 1088 635 1109 non
649 1081 800 1116 emigrabo.

1133 1083 1175 1109 M.
1196 1083 1382 1121 Ἀντιλήπτωρ
1397 1093 1459 1120 μου,
1476 1085 1507 1111 οὐ
1524 1086 1562 1121 μὴ
1576 1085 1788 1120 μεταναστεύσυ

295 1146 334 1183 (ιι)
347 1146 439 1175 Codex
452 1147 540 1175 Palat.

822 1225 1009 1254 ATHANASII
1026 1225 1319 1254 INTERPRETATIO.

298 1303 331 1330 Ἦ
344 1303 512 1339 προκειμένη
528 1303 668 1340 ἐπιγραφὴ
691 1303 813 1340 πριὲχει
837 1303 892 1339 (1)·
907 1304 959 1337 Eli;
972 1303 1005 1330 τὸ
1020 1303 1106 1337 τέλος
1119 1324 1126 1335 ,
1145 1303 1222 1337 ὑπὲρ
1244 1302 1368 1337 Ἰὃιθοὺμ
1398 1303 1519 1338 ψαλμὸς
1552 1302 1592 1335 τῷ
1605 1302 1694 1330 Δαϐίδ
1705 1311 1713 1318 ·
1741 1303 1818 1330 τοῦτο
1838 1302 1884 1330 οὖν

260 1349 351 1384 λέγει·
363 1349 409 1375 ἐπὶ
418 1349 490 1375 τέλει
509 1349 562 1375 τῶν
577 1349 683 1377 αἰώνων
693 1350 763 1386 ὑπὲρ
777 1349 830 1376 τοῦ
843 1350 913 1382 ἑνὸς
924 1350 1025 1384 κριτοῦ
1037 1348 1090 1376 τοῦ
1102 1348 1266 1383 ἐρχομένου
1277 1358 1284 1364 ·
1299 1348 1379 1375 τοῦτο
1395 1348 1448 1384 γὰρ
1466 1349 1645 1384 ἑρμηνεύεται
1661 1349 1783 1385 Ίδιθούμ
1792 1358 1799 1364 ·
1815 1348 1882 1376 εἶτα·

264 1395 388 1429 Ψαλμὸς
400 1394 440 1426 τῷ
453 1394 551 1426 Δαϐὶδ,
561 1394 684 1421 τουτέστι
696 1394 812 1430 ψαλμδς,
828 1393 867 1427 τῷ
878 1393 972 1426 ἱκανῷ
984 1393 1020 1427 τῇ
1033 1395 1110 1428 χειρί
1119 1401 1126 1407 -
1140 1393 1218 1419 τοῦτο
1233 1393 1287 1428 γὰρ
1303 1392 1483 1429 ἑρμηνεύεται
1494 1393 1585 1420 Δαὸίδ.
1595 1394 1699 1421 Οὐκοῦν
1712 1394 1805 1429 σαφῶς
1814 1395 1885 1428 λέγει

261 1442 326 1478 περὶ
336 1442 382 1468 τοῦ
396 1441 461 1468 Υἱοῦ
478 1441 525 1468 τοῦ
541 1442 620 1476 Θεοῦ,
638 1443 684 1469 τοῦ
700 1442 759 1474 ἑνὸς
774 1442 869 1478 κριτοῦ
883 1443 1032 1477 ἐρχομένου
1046 1441 1152 1468 ἱκανοῦ
1167 1441 1242 1476 χειρὶ
1257 1441 1344 1474 ὄντος
1358 1441 1406 1476 (2).

298 1487 405 1515 Titulus
419 1489 583 1523 praepositus
600 1490 723 1516 continet
736 1498 741 1516 :
755 1488 788 1515 In
803 1489 892 1523 ﬁnem,
910 1497 958 1523 pro
973 1488 1094 1514 Idithum
1108 1487 1227 1521 psalmus
1240 1487 1334 1514 David.
1351 1486 1408 1514 Hoc
1425 1487 1508 1522 igitur
1522 1488 1678 1524 signiﬁcat:
1693 1488 1721 1515 in
1738 1488 1792 1515 line
1803 1496 1887 1516 saecu-

261 1533 351 1561 lorum
364 1541 414 1569 pro
425 1543 477 1562 uno
488 1535 578 1569 judice
591 1541 716 1566 venturo;
730 1535 767 1562 ita
787 1535 859 1562 enim
877 1535 1073 1570 interpretatur
1092 1533 1223 1561 Idithum.
1241 1533 1343 1561 Deinde
1357 1542 1363 1560 :
1380 1533 1505 1561 Psalmus
1529 1533 1625 1565 David.
1643 1534 1696 1562 hoc
1709 1538 1753 1562 est
1766 1534 1887 1569 psalmus

262 1589 344 1609 manu
355 1582 428 1616 forti,
443 1583 480 1610 ita
492 1583 564 1610 enim
580 1584 775 1618 interpretatur
789 1582 883 1610 David.
899 1583 995 1617 Itaque
1008 1581 1153 1609 manifeste
1167 1581 1287 1616 loquitur
1306 1582 1340 1609 de
1355 1581 1423 1608 Filio
1438 1581 1496 1616 Dei,
1512 1581 1559 1617 qui
1574 1582 1673 1609 unicus
1692 1581 1780 1610 Judex
1794 1587 1889 1610 ventu-

263 1634 312 1657 ηις
328 1634 380 1662 est,
397 1633 423 1656 et
434 1638 514 1656 manu
525 1629 602 1664 furtis
613 1635 663 1656 est.

300 1684 327 1712 1.
340 1683 433 1720 Neque
446 1685 552 1720 justum
574 1694 663 1722 neque
680 1687 746 1714 utile
756 1691 798 1715 est
808 1687 906 1714 anima:
917 1694 982 1714 mea:
993 1686 1044 1713 ulla

1137 1685 1161 1711 1.
1183 1685 1220 1711 Οὐ
1243 1684 1345 1711 δίκαιον
1360 1685 1407 1712 καὶ
1422 1685 1560 1721 συμφέρον
1577 1666 1636 1711 ἐστί
1703 1685 1777 1721 ψυχῇ
1796 1695 1848 1722 μο.)
1864 1688 1889 1712 ὲν

261 1730 291 1759 in
307 1739 336 1759 re
347 1732 484 1760 adversari
501 1733 566 1760 Deo.

1130 1731 1195 1766 ηδενὶ
1211 1730 1386 1757 ἀνθίστασθαι
1402 1731 1441 1766 τῷ
1456 1731 1525 1766 Θεῷ.

294 1778 323 1807 2.
336 1777 404 1805 Nam
416 1779 487 1814 apud
500 1787 562 1806 eum
576 1778 631 1806 vita
646 1786 706 1805 mea
717 1782 744 1806 et
757 1777 784 1805 in
798 1779 924 1814 praesenti
939 1779 1044 1806 saeculo.

1137 1776 1163 1802 ‘2.
1175 1776 1242 1810 [119‘
1254 1775 1327 1810 αὺτῴ
1338 1776 1392 1811 γὰρ
1403 1777 1419 1811 ἡ
1433 1775 1488 1812 ζωή
1502 1785 1552 1811 μου
1566 1776 1613 1804 καὶ
1624 1777 1652 1803 ὲν
1665 1776 1704 1812 τῷ
1717 1777 1765 1803 νῦν
1775 1776 1816 1812 (3)
1825 1778 1888 1804 ὖντι.

297 1825 326 1853 5.
340 1824 407 1853 Nam
434 1830 461 1854 et
483 1825 542 1861 ipse
567 1829 610 1853 est
636 1830 743 1853 creator
773 1832 850 1853 meus
873 1830 900 1852 et
926 1825 1044 1853 Salvator

1136 1823 1162 1848 5.
1183 1823 1236 1848 Καὶ
1248 1821 1302 1857 γὰρ
1312 1822 1393 1854 αὐτός
1404 1824 1462 1849 ἐστι
1475 1823 1640 1858 δημιουργός
1668 1832 1719 1858 μου
1737 1825 1785 1850 καὶ
1798 1825 1890 1859 Σωτήρ

267 1879 356 1900 meus.

1130 1877 1163 1896 )0.-

301 1917 328 1944 4.
348 1916 404 1945 Non
418 1917 556 1945 discedam
571 1917 605 1944 ab
623 1925 656 1944 eo
672 1925 758 1952 usque
775 1917 802 1944 in
817 1916 909 1944 linem.

1136 1915 1162 1942 4.
1177 1914 1214 1941 Οὐ
1233 1914 1270 1950 μὴ
1289 1913 1400 1941 ἀποστῶ
1418 1914 1465 1941 ἀπ’
1480 1913 1563 1940 αὑτοῦ
1581 1915 1633 1946 ἕως
1644 1916 1749 1947 τέλους.

300 1965 327 1992 5.
341 1964 491 2000 Quousque
505 1965 625 1992 humana
635 1964 755 2000 potentia
767 1968 795 1991 et
807 1963 910 1991 auxilio
925 1963 1044 1991 utimini'

1138 1960 1164 1988 5,
1180 1960 1251 1991 Ἕως
1264 1959 1329 1986 πότε
1341 1961 1374 1995 τῇ
1391 1959 1551 1996 ἀνθρωπίνῃ
1564 1959 1708 1995 δυναστείᾳ
1721 1962 1769 1987 καὶ
1781 1961 1890 1996 βοηθείᾳ

1102 2005 1202 2041 χρῆσθε
1218 2005 1273 2041 (4)”;

298 2051 327 2080 6.
341 2051 375 2079 Ει
388 2052 512 2080 occiditis
524 2052 668 2080 inferiores
681 2052 758 2080 vobis
772 2062 778 2079 :

1137 2051 1162 2078 6.
1178 2051 1232 2077 Καὶ
1248 2050 1374 2085 φονεύετε
1384 2053 1448 2084 τοὺς
1459 2053 1670 2090 ὑποδεεστέρους
1687 2053 1766 2088 ὑμῶν
1779 2063 1785 2069 ·

301 2095 430 2126 7.’νο1υιί
446 2106 524 2126 muro
537 2099 653 2131 cadenti,
669 2102 696 2126 ct
709 2097 833 2125 maceriae
843 2097 982 2133 disiectae?

1141 2097 1166 2124 7.
1188 2097 1232 2129 Ὠς
1244 2097 1325 2132 τοίχῳ
1340 2098 1465 2125 πίπτοντι
1480 2100 1526 2126 καὶ
1541 2100 1661 2135 φραγμῷ
1675 2099 1800 2135 ριφέντι;

301 2143 328 2172 8.
342 2144 380 2172 Ita
393 2145 520 2172 mandata
536 2152 596 2172 mea
608 2144 787 2179 repelluntur.

1140 2143 1166 2171 8.
1184 2143 1277 2175 Οὕτως
1294 2144 1328 2170 τὰ
1344 2146 1542 2181 προστάγματά
1557 2154 1607 2181 μου
1620 2146 1805 2173 ἀπωθοῦνται.

302 2191 329 2223 9,
347 2189 390 2219 10.
403 2189 492 2217 Veluti
510 2198 624 2217 currens
646 2190 672 2217 in
692 2190 748 2221 siti,
765 2188 812 2224 qui
827 2197 875 2217 ore
887 2190 998 2225 quidem
1013 2191 1044 2218 ui-

1137 2191 1165 2222 9,
1184 2190 1228 2218 10.
1249 2190 1294 2222 Ὧς
1310 2192 1324 2218 ὁ
1336 2192 1439 2227 τρέχων
1455 2194 1482 2219 ὲν
1499 2194 1532 2228 τῇ
1548 2193 1587 2228 (5)
1601 2193 1666 2229 δίψῃ
1678 2194 1716 2229 τῷ
1731 2195 1780 2229 μὲν
1798 2195 1893 2229 ctrina—

266 2237 315 2267 bit.
329 2244 377 2264 cor
397 2241 488 2263 autem
511 2238 571 2271 ejus
587 2236 655 2263 nihil
675 2241 754 2270 potus
776 2235 879 2271 excipit
893 2245 900 2263 :
916 2237 953 2264 ita
970 2236 1042 2264 etian

1150 2237 1232 2269 πίνει,
1245 2238 1262 2273 ἡ
1279 2238 1307 2265 δὲ
1320 2238 1417 2273 καρδία
1430 2238 1512 2264 αὑτοῦ
1529 2238 1604 2265 οὐδὲν
1625 2239 1732 2274 δέχεται
1746 2240 1791 2266 τοῦ
1808 2241 1892 2275 mn-

267 2283 311 2310 isti
336 2291 383 2310 ore
405 2291 499 2310 eorum
513 2283 620 2318 eloquia
645 2291 703 2309 mea
727 2281 874 2316 accipiunt,
895 2290 943 2310 cor
962 2288 1044 2311 auten

1130 2291 1166 2314 ις*
1178 2282 1249 2310 οὕτω
1267 2284 1313 2310 καὶ
1328 2281 1399 2310 οὗτοι
1415 2284 1453 2320 τῷ
1464 2285 1577 2320 στόματι
1594 2286 1684 2312 αὐτῶν
1699 2287 1734 2313 τὰ
1751 2287 1830 2322 ὶόγιὰ.
1844 2296 1892 2322 μου

267 2336 360 2356 eorum
379 2329 457 2363 longe
472 2329 557 2355 abest.

1130 2328 1227 2363 ἔχονται
1239 2349 1246 2360 ,
1273 2330 1289 2364 ἡ
1303 2329 1331 2356 δὲ
1347 2330 1445 2366 καρδία
1467 2330 1556 2357 αὐτῶν
1574 2331 1716 2367 πόρρωθεν
1732 2333 1770 2367 (6)
1785 2333 1891 2368 ἀπέχει.

305 2376 347 2402 11.
366 2374 407 2401 Τιι
425 2379 527 2405 autem,
541 2375 630 2401 anima
644 2382 715 2408 mea,
728 2376 782 2403 Deo
794 2377 916 2411 subjecta
929 2380 998 2403 esto.

1140 2373 1183 2400 11.
1203 2375 1239 2401 Σὺ
1251 2374 1290 2407 δὲ,
1304 2375 1375 2410 ψυχή
1394 2384 1444 2411 μου
1455 2396 1462 2408 ,
1479 2376 1517 2411 τῷ
1533 2377 1592 2412 Θεῴ
1608 2378 1771 2413 ὐποτέιγηθι.

303 2420 346 2448 12.
364 2420 498 2453 Quoniam
514 2421 585 2455 apud
600 2421 690 2456 ipsum
705 2423 848 2450 retributio
863 2430 933 2450 mea.

1142 2420 1185 2448 l2.
1204 2421 1265 2447 Ὅτι
1279 2423 1344 2457 παρ’
1358 2422 1431 2458 αὐτῷ
1448 2424 1464 2458 ἡ
1481 2423 1676 2458 μισθαποδοσῐα
1694 2434 1755 2460 μου.

303 2467 348 2494 l5.
364 2465 432 2493 Nam
446 2470 474 2493 et
488 2466 544 2501 ipse
557 2465 628 2494 Deus
640 2475 717 2495 meus
731 2472 758 2495 et
772 2468 896 2496 Salvator
911 2475 998 2496 meus.

1142 2467 1187 2495 15.
1205 2468 1260 2494 Καὶ
1277 2468 1331 2504 γὰρ
1350 2468 1388 2503 (7)
1405 2469 1486 2500 αὐτὸς
1504 2469 1570 2502 Θεός
1587 2479 1637 2505 μου
1655 2471 1702 2498 καὶ
1722 2471 1817 2508 Σωτήρ
1832 2479 1891 2506 μου.

305 2512 349 2540 14.
366 2511 514 2547 SusceptOr
527 2519 604 2541 meus
616 2517 658 2541 est
671 2521 678 2546 ;
692 2513 759 2540 nulli
773 2513 850 2541 alteri
864 2513 1017 2542 adhaerebo.

1141 2512 1183 2539 M.
1206 2513 1390 2550 ’Δντιλήπτωρ
1407 2514 1458 2550 μού
1475 2515 1562 2542 ἐστιν·
1579 2515 1609 2542 οὗ
1631 2516 1669 2552 μὴ
1684 2516 1755 2553 ἄλλῳ
1769 2517 1822 2544 τινὶ
1834 2515 1894 2543 κολα

1106 2558 1190 2594 ληθῶ.

745 2645 898 2678 Addenda
914 2649 945 2677 et
967 2646 1156 2687 corrigenda
1174 2657 1210 2679 ex
1229 2650 1299 2681 cod.
1316 2651 1418 2682 Vatie.

303 2739 344 2776 (1)
364 2739 398 2767 Ἦ
409 2740 454 2767 διὰ
467 2740 516 2776 τῆς
529 2740 714 2777 κινναϐάρεως
730 2750 791 2778 περ.

366 2776 481 2816 ﬁlms;
563 2811 569 2816 .
591 2811 598 2816 .
653 2810 666 2816 ..

1197 2743 1338 2815 liii?"

307 2776 347 2816 (ἓ)
366 2776 481 2816 Ἐντωῇ
563 2811 598 2816 ..
653 2810 666 2816 -
1145 2776 1305 2816 (Similem,-

366 2810 423 2854 ξῦν
435 2810 512 2854 αζιιῖξινι
528 2811 574 2838 καὶ
590 2811 619 2839 ὲν
633 2810 671 2847 τῷ
687 2811 819 2847 μέλλοντι.

1146 2810 1184 2851 (7)
1199 2810 1337 2854 Καίἵγάρ,
1355 2820 1398 2844 etc
1413 2835 1420 2849 ,
1435 2815 1484 2852 τῷ,
1497 2816 1606 2845 desunt.

311 2846 351 2879 (4)
367 2846 522 2880 Κεχρῆσθαι
533 2855 540 2878 ;
