1916 3052
284 146 338 176 £95
708 151 738 180 S.
756 153 945 183 ATHANASH
961 156 1036 184 Opi".
1058 157 1147 185 PARS
1168 157 1211 186 Ill.
1231 174 1266 179 —
1286 159 1490 189 EXEGETICA.
1867 164 1906 191 896

320 207 348 234 2.
365 206 456 235 Sitivit
469 213 493 236 te
508 209 598 237 anima
612 219 671 239 mea
687 221 694 239 :

1085 220 1108 248 Α
1158 218 1185 244 2.
1209 219 1334 254 Ἐδιψησέ
1351 228 1380 246 σε
1397 221 1414 255 ἡ
1429 220 1501 256 ψυχή
1519 228 1583 256 μου·

320 253 346 279 5.
365 252 452 286 Quam
470 255 656 291 multipliciter
670 259 718 286 tibi
731 266 797 287 caro
812 268 883 288 mea.

844 268 883 288 ea.
1162 264 1188 291 5.
1203 252 1354 298 Ποσατέλῶς
1374 252 1414 293 σοί
1541 275 1600 302 μου.

319 298 345 326 4.
364 299 391 326 In
408 305 478 328 terra
492 301 610 335 deserta,
622 308 648 330 et
664 304 746 338 invia,
757 311 783 333 et
794 307 926 342 inaquosa
942 318 948 335 :

1162 311 1188 337 4.
1208 311 1251 338 Ἐν
1270 313 1304 347 γῇ
1319 313 1426 348 ἐρήμῳ,
1438 298 1486 339 ita!
1498 298 1601 348 3.63.1.9,
1617 312 1665 340 καὶ
1681 313 1790 349 ἀνύδρῳ

321 345 348 372 5.
364 345 410 373 Sic
421 347 448 374 in
460 353 556 376 sancto
569 351 682 384 apparui
701 352 749 379 tibi
767 362 773 379 :

1162 358 1188 385 5.
1205 345 1304 390 οῡτῴξ
1315 345 1343 385 ἐν
1360 345 1480 394 ἔφ’ἀγίῳ
1500 345 1586 396 been;
1602 368 1661 386 σοι·

319 391 347 419 6.
369 391 403 420 Ut
425 393 545 421 viderem
564 395 692 424 virtutem
715 404 799 431 tuam,
817 404 844 427 et
857 400 971 435 gloriam
987 407 1072 429 luam.

1163 406 1190 431 6.
1207 405 1259 431 Τοῦ
1273 405 1336 432 ἰδεῖν
1412 391 1534 441 sepem.
1546 391 1592 432 σου
1607 405 1654 432 καὶ
1667 405 1718 441 τὴν
1731 404 1814 436 δόξαν
1830 413 1882 432 σου.

322 438 347 466 7.
367 438 502 472 Quoniam
525 442 621 470 melior
647 448 689 471 est
713 446 902 475 misericordia
926 453 970 476 tua
993 457 1074 484 super

1046 457 1074 477 er
1164 451 1189 478 'l.
1208 451 1269 478 ’Ότι
1286 438 1412 486 κρεῖσοον
1427 438 1457 478 τὸ
1472 438 1546 484 ἔλεός
1561 460 1607 478 σου
1624 438 1702 487 ὑπὲρ.
1713 451 1786 483 ζωὰς
1796 460 1802 466 ·

285 483 355 512 vitas
369 491 378 511 :

321 529 348 556 8.
366 529 450 558 Labia
462 539 523 559 mea
537 533 688 562 laudabunt
704 540 739 569 te,

1161 541 1188 568 8.
1204 541 1245 568 Τὰ
1257 541 1332 576 χείλη
1349 549 1400 576 μου
1413 540 1586 567 ἐπαινέσουσι
1604 549 1643 566 σε.

319 577 347 604 9.
366 576 411 604 Sic
424 577 582 607 bcnedicam
601 586 626 608 te
639 581 665 608 in
679 583 732 610 vita
745 591 804 611 mea
818 594 824 612 :

1160 589 1186 615 9.
1204 588 1298 620 Οὕτως
1311 588 1450 623 εὐλογήσω
1462 596 1490 613 σε
1504 589 1533 614 ὲν
1550 589 1582 622 τῇ
1599 587 1654 622 ζωῇ
1674 595 1726 622 μου
1737 595 1743 601 ·

321 622 365 649 10.
384 622 416 650 Et
431 623 457 650 in
469 625 581 652 nomine
593 631 640 654 tuo
654 627 750 654 levabo
764 637 861 658 manus
875 639 960 660 meas.

1161 634 1204 661 10.
1223 634 1278 660 Καὶ
1290 634 1318 660 ὲν
1330 633 1368 668 τῷ
1384 622 1496 668 ὀνόματί
1513 641 1560 659 σου
1576 632 1634 668 ἀρῶ
1651 631 1701 664 τὰς
1718 632 1817 668 χεῖράς
1835 640 1890 667 μου.

322 666 367 694 11.
384 667 463 696 Sicut
483 670 561 705 adipe
583 676 610 698 et
632 672 797 707 pinguedine
822 675 956 710 repleatur
981 677 1070 704 anima

1162 681 1206 708 11,
1225 680 1269 712 Ὡς
1293 680 1324 706 ὲκ
1348 666 1459 711 ﬁgure;
1480 679 1528 706 καὶ
1553 666 1680 714 πιότητος
1706 666 1903 714 ὲνμπλησθγείηὴ

283 721 344 741 mea
358 724 364 740 2

1124 725 1195 761 ψυχή
1213 734 1272 761 μου·

317 760 360 788 12.
374 760 408 788 Ει
420 761 501 790 labiis
517 764 711 794 exsultatiouis
729 767 852 796 laudabit
867 777 898 797 os
913 778 1017 799 meum.

1214 760 1274 798 Καὶ
1292 771 1368 807 χείλη
1385 771 1573 805 ἀγαλλιάσεως
1584 771 1687 798 αἰνέσει
1702 770 1734 797 τὸ
1747 772 1836 806 στόμα
1852 780 1903 806 μου.

317 807 361 835 13.
379 807 408 835 Si
427 817 532 837 memor
554 810 593 838 lui
612 812 650 839 tui
671 821 754 849 super
778 819 893 843 stratum
911 825 1020 851 meum,
1043 818 1070 846 in

1158 819 1200 845 15.
1218 819 1250 845 Εἰ
1267 817 1469 853 ὲμνημόνευσόν
1487 826 1533 844 σου
1553 818 1599 844 ἐπὶ
1620 819 1669 853 τῆς
1688 819 1837 854 στρωμνῆς
1853 826 1903 852 μου.

281 853 423 882 matutinis
438 856 590 885 meditabar
601 859 628 885 in
640 864 676 886 te.

1124 866 1152 892 ὲν
1163 867 1220 896 τοῖς
1237 865 1345 901 ὖρθροις
1359 864 1496 900 ἐμελέτων
1508 865 1548 896 εὶς
1563 865 1592 890 σέ
1602 873 1608 879 ·

316 900 359 926 14.
376 900 445 934 Quia
460 902 535 931 fuisti
548 905 659 939 adjutor
672 915 749 936 meus
765 919 771 936 :

1088 902 1110 930 Β
1161 911 1204 938 11.
1225 900 1432 946 Ὃτιγὲγενήθης
1451 910 1547 946 βοηθός
1565 919 1629 945 μου·

317 945 361 973 15.
378 946 411 974 Ει
423 947 451 975 in
464 949 618 979 velamento
631 952 737 981 alarum
753 959 862 984 tuarum
881 959 1036 987 exsultabo.

1159 958 1204 985 15.
1216 958 1273 984 Καὶ
1285 958 1313 984 ὲν
1334 945 1476 993 τῇνσῆέπῃ
1489 957 1542 983 τῶν
1561 957 1707 993 πτερύγων
1722 965 1772 983 σου
1787 956 1905 991 ἀγαλλιά-

1123 1013 1216 1041 σομαι.
1462 1035 1465 1039 ,

316 1037 358 1065 16.
377 1039 497 1069 Adhaesit
513 1043 605 1071 anima
625 1053 686 1073 mea
709 1052 770 1082 post
785 1052 811 1076 te
826 1058 832 1076 :

1157 1037 1202 1080 16.
1225 1051 1372 1086 Ἐκολλήθη
1384 1051 1401 1086 ἡ
1418 1037 1490 1085 ψυχή
1506 1058 1556 1086 μου
1565 1049 1652 1076 ὀπίσω
1669 1057 1717 1076 σου
1729 1058 1735 1065 ·

316 1083 362 1111 17.
378 1084 421 1113 Me
432 1091 524 1115 autem
539 1091 661 1126 suscepit
673 1092 770 1121 dextra
784 1099 842 1122 tua.

1161 1099 1206 1126 Π.
1229 1097 1312 1134 Ἐμοῦ
1328 1083 1356 1123 ἑὲ
1367 1083 1534 1124 "ausas...
1548 1096 1565 1130 ἠ
1586 1094 1661 1128 δεξιά
1675 1103 1734 1122 σου.

317 1129 362 1158 18.
380 1131 434 1167 ipsi
465 1141 530 1162 vero
561 1136 590 1164 in
618 1145 719 1166 vanum
753 1141 921 1175 quaesierunt
953 1143 1072 1172 animam

1158 1146 1201 1173 18.
1214 1129 1298 1172 Asiam
1309 1145 1338 1171 δὲ
1352 1145 1392 1176 είς
1409 1144 1497 1179 μάτην
1508 1129 1645 1178 agmen
1660 1141 1711 1178 τὴν
1724 1141 1818 1177 ψυχήν
1833 1149 1890 1176 μου·

280 1183 369 1204 meam
384 1186 390 1193 '

841 1257 1028 1286 ATHANASII
1048 1257 1342 1287 INTERPRETATIO.

279 1330 367 1356 ποντι,
386 1323 470 1351 θέλων
485 1326 648 1363 ἐπιστρέψαι
662 1329 710 1356 καὶ
724 1330 811 1357 ἐλθεῖν
822 1332 868 1358 ἐπὶ
880 1333 910 1359 τὸ
925 1333 1066 1370 βάπτισμα
1080 1356 1087 1368 ,
1106 1334 1187 1362 πάλιν
1200 1335 1270 1370 μετὰ
1287 1335 1327 1370 (1)
1342 1334 1484 1371 βάπτισμα
1496 1331 1676 1369 ἡμαρτηκὼς.
1690 1332 1740 1359 καὶ
1755 1332 1842 1359 θέλων
1867 1340 1903 1367 με·

278 1369 408 1405 τανοῆσαι
420 1371 493 1405 λέγει
510 1373 556 1399 τὸν
567 1374 675 1409 ψαλμὸν
688 1377 792 1403 τοῦτον.

279 1414 434 1450 deﬁciente,
451 1425 512 1445 cum
527 1419 584 1446 vult
597 1421 731 1454 converti,
746 1427 773 1450 et
786 1424 879 1452 venire
893 1424 926 1452 ad
938 1425 1085 1461 baptisma,
1099 1431 1126 1454 et
1141 1434 1238 1454 rursus
1256 1430 1317 1462 post
1331 1420 1467 1461 baptisma
1485 1433 1547 1453 cum
1565 1424 1730 1460 peccaverit,
1746 1428 1774 1452 et
1786 1425 1844 1452 vult
1857 1432 1903 1460 iter

280 1463 422 1492 nitentiam
438 1473 529 1501 agere,
541 1467 608 1495 dicit
618 1468 692 1497 bunc
707 1470 856 1504 psalmum.

312 1511 340 1538 2.
359 1512 528 1542 Desideravit
541 1519 566 1543 te
582 1517 672 1544 anima
686 1525 757 1545 mea.

1079 1524 1102 1555 C
1152 1523 1179 1550 2.
1197 1521 1371 1558 Ἐπεθύμησέ
1386 1529 1415 1547 σε
1431 1521 1447 1557 ἡ
1461 1520 1533 1555 ψυχή
1551 1527 1612 1554 μου.

317 1556 344 1584 3.
365 1557 548 1593 Multipliciter
564 1561 814 1592 innumerabiliter.

792 1573 814 1592 Γ·
1153 1569 1180 1597 5.
1196 1556 1336 1604 Hoaaxtbe
1344 1567 1548 1604 ἀναριθμήτως.

314 1602 342 1630 4.
360 1603 495 1637 Quoniam
511 1614 640 1642 tanquam
663 1610 731 1637 nihil
755 1619 817 1639 sum
840 1620 934 1641 coram
951 1619 977 1641 te
998 1623 1004 1641 :
1028 1614 1067 1641 si-

1155 1615 1181 1642 ι.
1203 1602 1323 1646 Ὅτι-ὧς
1338 1602 1414 1641 οὐδέν
1441 1614 1498 1648 ειμι
1515 1611 1630 1640 ἐνώπιόν
1647 1620 1712 1639 σου·
1738 1612 1836 1648 ἐπειδὴ
1855 1611 1903 1638 οὒτε

279 1648 390 1684 quidem
407 1658 497 1686 neque
513 1652 602 1687 radix,
616 1662 705 1690 neque
720 1655 780 1690 llos,
802 1665 890 1693 neque
907 1657 1012 1687 fructus
1027 1667 1035 1686 (

1045 1664 1069 1687 st
1122 1661 1195 1697 ῥίζα,
1209 1661 1271 1688 οὔτε
1288 1660 1379 1692 ἄνθος,
1396 1659 1457 1687 οὔτε
1470 1659 1576 1695 καρπός
1589 1659 1663 1685 ἐστιν
1680 1659 1709 1685 ὲν
1725 1658 1801 1694 ἐμοί.

279 1702 306 1722 Ill
325 1703 378 1723 me.

315 1741 342 1769 5.
360 1741 406 1770 Sic
415 1743 443 1770 in
457 1744 539 1772 domo
551 1751 645 1774 sancta
658 1752 704 1775 tua
720 1750 823 1778 accessi
835 1751 868 1778 ad
888 1756 925 1779 te.

1155 1749 1182 1776 5.
1200 1749 1293 1782 Οὕτως
1307 1751 1335 1776 ὲν
1348 1749 1388 1785 τῷ
1402 1749 1476 1785 οἴκῳ
1487 1748 1526 1785 (2)
1543 1748 1582 1784 τῷ
1597 1747 1668 1783 ἁγίῳ
1685 1756 1733 1774 σου
1757 1747 1900 1784 προσῆλθόν

1120 1804 1168 1823 σοιη

316 1829 342 1856 6.
362 1829 395 1857 Ut
410 1831 545 1860 discerem
560 1836 790 1864 resurrectionem
819 1845 895 1866 tuam
920 1843 947 1866 ct
963 1840 1069 1875 passio-

1156 1841 1183 1868 6.
1202 1840 1255 1868 Τοῦ
1272 1840 1367 1877 μαθεῖν
1380 1840 1429 1877 τὴν
1451 1840 1600 1868 ἀνάστασιν
1614 1840 1652 1875 (5i
1674 1849 1723 1867 σου
1745 1842 1796 1868 καὶ
1817 1841 1846 1868 τὸ
1861 1840 1899 1866 πά-

280 1882 343 1903 nem
356 1881 441 1905 tuam.

1120 1887 1166 1919 θος
1183 1896 1240 1915 σου.

317 1922 342 1950 7.
360 1923 496 1956 Quoniam
516 1926 603 1954 multo
625 1928 719 1955 melior
747 1934 789 1956 est
808 1929 993 1958 misericordia
1024 1936 1069 1959 tua

1157 1934 1181 1960 7.
1195 1934 1257 1960 ’Ότι-
1273 1933 1340 1960 πολὺ
1354 1933 1458 1969 βέλτιον
1472 1933 1502 1961 τὸ
1518 1933 1592 1965 ἔλεός
1613 1942 1659 1960 σου
1682 1933 1756 1969 ὑπὲρ
1773 1933 1826 1969 τὴν
1847 1934 1898 1960 ἀπνε-

279 1977 361 2003 quam
377 1971 529 2006 voluptates
541 1978 567 2001 et
579 1973 683 2002 divitiae
697 1975 779 2011 hujus
789 1977 893 2005 saeculi.

1119 1976 1224 2008 λαυσιν,
1238 1976 1285 2004 καὶ
1298 1976 1344 2003 τὸν
1357 1976 1471 2003 πλοῦτον
1485 1976 1532 2003 τοῦ
1550 1976 1647 2008 αἰῶνος
1664 1976 1770 2004 τούτου.

315 2015 342 2042 8.
359 2015 442 2044 Labia
452 2018 544 2046 cordis
556 2020 608 2047 mei
625 2020 776 2050 laudabunt
793 2027 828 2050 te.

1156 2024 1182 2051 8.
1201 2023 1241 2050 Τὰ
1253 2023 1329 2059 χείλη
1343 2023 1393 2058 τῆς
1403 2023 1518 2060 καρδίας
1532 2031 1582 2058 μου
1594 2023 1785 2060 ἀνυμνήσουσί
1801 2033 1838 2052 σε.

317 2059 344 2087 9.
361 2060 486 2097 Semper.

1155 2069 1181 2097 9.
1198 2069 1358 2101 Διαπαντός.

317 2107 361 2134 10.
379 2107 493 2136 lntendo
511 2109 546 2137 ad
561 2114 587 2137 te
605 2118 652 2138 cor
665 2119 767 2140 meum.

1157 2115 1201 2142 10.
1223 2115 1369 2142 Ἀνατείνω
1384 2115 1452 2151 πρὸς
1467 2116 1496 2143 σὲ
1512 2115 1561 2150 τὴν
1576 2115 1688 2151 καρδίαν
1707 2125 1768 2152 μου.

315 2153 360 2180 11.
377 2153 469 2182 Gratia
488 2159 544 2183 tua.

1085 2196 1099 2198 _
1158 2161 1201 2188 11.
1217 2162 1256 2197 Τῇ
1269 2162 1361 2197 χάριτι
1376 2170 1422 2189 σου
1434 2162 1483 2198 (4).

315 2200 358 2228 12.
376 2200 465 2229 Corde
475 2203 630 2232 exsultante
648 2204 769 2233 laudabit
789 2211 814 2234 te
827 2215 858 2235 os
873 2215 974 2237 meum.

1157 2207 1199 2234 12.
1216 2208 1272 2242 Τῆς
1285 2196 1399 2244 καρδίας
1416 2196 1634 2244 ἀναλλιωμένης,
1649 2207 1752 2234 αἰνέσει
1772 2209 1804 2235 τὺ
1824 2209 1897 2243 πόμα

1121 2262 1181 2289 μου.

315 2288 359 2315 15.
375 2287 405 2316 Si
423 2290 574 2318 meminero
597 2293 636 2330 Iu_i
658 2293 685 2320 in
705 2294 795 2328 quiete
817 2296 916 2323 anima:
942 2305 1019 2332 meae,
1041 2299 1068 2326 in

1155 2300 1200 2327 15.
1217 2299 1280 2326 Ἐὰν
1304 2298 1483 2335 μνημονεύσω
1499 2307 1546 2325 σου
1569 2298 1597 2325 ἐν
1611 2300 1645 2334 τῇ
1665 2300 1768 2335 ἡσυχίᾳ
1790 2300 1841 2335 τῆς
1856 2300 1898 2334 gu-

279 2335 417 2363 mandalis
431 2337 486 2363 tuis
501 2337 664 2366 meditabor.

1119 2347 1170 2382 χῆς
1184 2355 1246 2381 μου,
1265 2346 1293 2373 ὲν
1307 2346 1363 2376 τοῖς
1378 2344 1571 2380 προστάγμασί
1589 2353 1634 2370 σου
1649 2345 1802 2381 μελετήσω.

316 2381 360 2408 14.
376 2383 444 2415 Quia
463 2392 571 2419 semper
599 2385 626 2411 in
655 2386 791 2414 mandatis
815 2387 869 2414 tuis
894 2391 1068 2420 corroboravi

1156 2393 1200 2420 14.
1217 2393 1277 2419 ’Ότι
1292 2392 1335 2419 ἀεὶ
1352 2392 1381 2419 ἐν
1395 2393 1450 2423 τοῖς
1465 2391 1656 2427 προστάγμασι
1672 2401 1718 2418 σου
1737 2393 1896 2427 ἐνεδυνάμω-

279 2435 333 2457 me.

1121 2439 1156 2466 σά
1167 2448 1201 2475 με
1214 2439 1263 2474 (5).

316 2474 361 2501 15.
376 2473 409 2501 Et
423 2475 450 2501 in
463 2475 570 2504 duobus
581 2477 634 2505 tuis
646 2476 828 2508 Testamentis
842 2482 995 2510 exsultabo.

1155 2473 1198 2512 l5.
1214 2485 1270 2512 Καὶ
1286 2485 1315 2511 ὲν
1326 2485 1386 2516 ταῖς
1399 2483 1459 2511 δυσί
1475 2492 1520 2509 σου
1533 2482 1682 2519 Διαθῆκαις
1695 2483 1893 2520 ἀγαλλιάσομαι.

314 2521 359 2548 16.
376 2521 496 2558 Vestigia
509 2527 555 2551 tua
567 2529 705 2559 sequetur.

1155 2532 1199 2559 16.
1214 2532 1277 2562 Τοῖς
1292 2531 1377 2566 ἴχνεσι
1393 2539 1438 2557 σου
1453 2529 1662 2566 ὲξακολουθήσει
1675 2529 1725 2566 (6).

316 2569 360 2597 17.
376 2569 415 2596 Tu
430 2575 521 2598 autem
535 2571 593 2607 ipse
607 2572 744 2601 deduxisti
762 2583 804 2602 me
816 2575 928 2604 dextera
942 2581 997 2604 tua.

1158 2577 1200 2603 l7.
1216 2576 1303 2608 Αὐτὸς
1317 2576 1346 2602 δὲ
1360 2575 1503 2611 ὡδήγησάς
1516 2583 1550 2610 με
1566 2576 1598 2611 τῇ
1610 2574 1686 2612 δεξιᾷ
1700 2584 1759 2604 σου.

315 2615 359 2644 18.
373 2615 526 2647 Daemones.

1156 2623 1200 2649 18.
1216 2623 1247 2649 Ol
1259 2622 1394 2657 δαίμονες.

754 2723 909 2757 Addenda
923 2728 953 2757 et
969 2725 1157 2765 corrigenda
1179 2732 1218 2755 ex
1233 2724 1305 2755 cod.
1323 2723 1423 2754 Vatie.

367 2799 444 2837 Mat};
458 2799 501 2837 εδ,
517 2805 573 2837 etc.
644 2836 650 2837 γ
1156 2801 1194 2835 (4)
1209 2801 1264 2837 Τῆς
1279 2800 1390 2837 χάριτός
1402 2809 1459 2837 σου.

369 2835 444 2879 13943.:
458 2835 542 2879 Paullo
558 2840 618 2879 post
635 2836 710 2865 deest
725 2845 782 2864 σου.

738 2845 782 2864 ὀυ·
1155 2837 1193 2879 (fi)
1214 2834 1435 2879 IEBES‘UYWW
1452 2844 1494 2871 μει

318 2869 356 2904 (5)
379 2869 619 2906 ’Λνὰπαυσ(ν,’θι(;.
1157 2873 1194 2908 (ς)
1214 2869 1445 2908 Ἐξακολοὺθήσω.
