1916 3052
40 158 79 186 901
451 154 496 182 DE
517 153 653 182 TITULIS
671 153 893 182 PSALMORBM.
910 170 945 176 ——
963 153 1045 181 PSA!
1074 151 1166 182 LXIV.
1585 152 1637 180 902

67 213 91 240 2.
108 212 159 239 Καὶ
171 211 211 238 σοὶ
223 210 417 248 ἀποδοθήσεται
435 211 501 247 εὐχὴ
518 213 547 239 ὲν
563 212 747 249 Ἰερουσαλήμ.

68 258 92 285 3.
107 257 266 284 Εισάκουσον
278 257 434 293 προσευχῆς
448 266 509 293 μου,
523 258 591 294 πρὸς
605 258 635 285 σὲ
650 259 725 285 πᾶσα
737 258 805 295 σὰρξ

39 304 98 339 ἣξει.

67 351 89 377 4.
107 350 180 384 Λόγοι
193 350 299 385 ἀνόμων
316 350 563 386 ὑπερεδυνάμωσαν
576 351 659 386 ἡμᾶς.

67 396 90 422 5.
107 396 157 422 Καὶ
169 397 226 428 ταῖς
240 395 376 427 ἀσεϐείαις
391 396 469 431 ἡμῶν
488 397 519 422 σὺ
538 396 627 433 ἱλάσῃ.

67 441 89 468 6.
107 442 253 476 Μακάριος,
268 440 297 468 ὃν
311 442 433 474 ἐξελέξω,
449 443 496 468 καὶ
513 443 680 478 προσέλαϐου
690 450 697 459 '

68 486 88 511 7.
105 486 311 521 Κατασκηνώσει
326 487 355 513 ὲν
370 488 430 518 ταῖς
447 487 542 518 αὐλαῖς
559 496 616 514 σου.

67 531 90 558 8.
107 531 317 568 Πλησθησόμεθα
330 533 359 558 ὲν
370 534 427 564 τοῖς
440 533 551 568 ἀγαθοῖς
565 533 612 560 τοῦ
626 535 699 560 οῐκου
713 543 759 561 σου
770 543 776 549 ”

66 576 88 604 9.
97 577 182 610 ’Ἄγιος
197 579 211 604 ὁ
224 578 287 609 ναός
299 586 357 610 σου,
374 578 527 614 Θαυμαστὸς
544 581 573 606 ἐν
584 579 749 616 δικαιοσύνῃ.

66 623 103 650 10.
115 624 276 651 Ἐπάκουσον
287 624 377 660 ἡμῶν,
391 625 406 651 ὁ
420 625 486 656 Θεὸς
499 626 512 651 ὁ
525 626 620 661 Σωτὴρ
633 626 722 661 ἡμῶν,

66 668 102 695 11.
115 669 143 695 Ἡ
159 669 234 701 ἐλπὶς
248 670 356 696 πάντων
366 670 419 697 τῶν
431 671 557 706 περάτων
566 671 615 707 τῆς
625 673 676 707 γῆς
692 672 739 698 καὶ
750 673 803 699 τῶν

37 714 59 740 ὲν
72 715 180 751 θαλάσσῃ
196 717 313 752 μακράν.

64 760 101 787 12.
114 761 274 796 Ἐτοιμάζων
291 761 340 797 ὅρη
355 762 384 789 ὲν
399 763 433 798 τῇ
448 762 519 798 ισχύῖ
533 763 626 796 αὐτοῦ,

63 806 100 832 15.
118 807 337 842 Περιεςωσμένος
353 808 382 834 ὲν
394 808 549 844 δυναστείᾳ.

64 849 99 876 14.
112 851 138 877 Ὁ
152 852 345 887 συν-ταράσσων
357 853 388 879 τὸ
403 852 484 884 κύτος
500 854 550 889 τῆς
566 854 715 890 θαλάσσης,

63 897 204 932 15.Ἥχους
215 899 345 934 κυμάτων
359 899 445 935 αὐτῆς
457 900 498 932 τίς
519 901 717 935 ὑποστήσεται;

63 941 98 967 16.
115 943 335 979 Ταραχθήσονται
353 945 388 972 τὰ
405 945 479 981 ἔθνη,
505 946 552 973 καὶ
568 946 765 982 φοϐηθήσονται
780 948 804 974 ot

35 987 203 1020 κατοικοῦντες
217 989 251 1016 τὰ
264 989 369 1025 πέρατα
385 990 439 1016 ἀπὸ
452 990 506 1017 τῶν
519 991 641 1027 σημείων
655 1000 702 1018 σου
712 1000 719 1006 ⁸

62 1033 98 1060 17.
120 1029 244 1066 Ἐξόδους¹
255 1035 370 1071 πρωῖας,
387 1036 434 1063 καὶ
451 1037 570 1072 ἑσπέρας
585 1037 703 1072 τέρψεις.

62 1078 98 1105 18.
113 1080 265 1117 Ἐπισκέψω
277 1081 325 1118 τὴν
340 1083 401 1116 γῆν,
419 1083 466 1109 καὶ
484 1082 619 1118 ὲμέθυσας
634 1084 717 1119 αὐτήν
727 1092 734 1098 ’

64 1123 99 1150 19.
113 1125 279 1162 Ἑπλήθυνας
295 1126 341 1154 τοῦ
357 1127 496 1154 πλουτίσαι
512 1128 607 1165 αὑτήν.

818 216 841 243 Α
887 212 915 239 2.
933 212 965 239 Et
979 212 1027 239 tibi
1040 212 1166 239 reddetur
1178 214 1270 237 votum
1289 209 1317 237 in
1334 209 1516 238 Hierusalem.

890 259 915 286 3.
936 257 1038 286 Exaudi
1064 257 1214 286 oralionem
1240 264 1348 290 meam,
1370 256 1405 284 ad
1425 261 1451 284 te
1470 256 1560 284 omnis
1574 263 1635 284 care

853 306 952 332 veniet.

889 349 916 376 4.
935 349 1022 376 Verba
1038 349 1193 384 iniquorum
1209 349 1408 384 praevaluerunt
1420 355 1502 382 super
1516 355 1567 375 nos
1581 356 1587 374 :

890 395 914 422 5.
933 395 965 422 Et
980 395 1162 429 impietatibus
1176 395 1277 422 nostris
1289 399 1317 421 tu
1330 393 1531 428 propitiaberis.

890 441 915 468 6.
933 441 1042 474 Beatus,
1058 449 1139 476 quem
1156 441 1260 476 elegisti
1273 446 1298 468 et
1310 440 1504 475 assumpsisti:

864 515 870 520 κ
890 488 914 515 7.
931 489 1094 516 lnhabitabit
1110 489 1136 516 in
1152 489 1229 516 atriis
1243 489 1308 516 tuis.

888 534 913 561 8.
926 533 1109 569 .Replcbimur
1124 536 1151 561 in
1166 535 1246 562 bonis
1260 535 1358 561 domus
1371 537 1443 560 tute:

889 580 915 608 9.
936 580 1066 608 Sanctum
1085 581 1214 615 templum
1226 584 1313 612 tuum,
1328 579 1451 606 mirabile
1462 578 1489 605 in
1501 577 1636 613 aequitate.

891 626 933 653 10.
953 626 1054 654 Exaudi
1069 635 1135 660 nos,
1156 627 1224 654 Deus
1241 627 1362 654 Salvator
1377 629 1478 658 noster,

888 672 930 699 11.
949 672 1016 707 Spes
1029 673 1150 700 omnium
1166 673 1260 700 ﬁnium
1281 677 1374 704 terrm,
1392 676 1419 698 et
1437 679 1532 698 corum
1549 669 1595 705 qui
1608 668 1637 696 in

854 716 922 744 mari
942 717 1032 750 longe.

888 761 932 789 12.
952 761 1111 797 Prayparans
1125 767 1230 790 montes
1247 763 1272 790 in
1290 763 1388 790 virtute
1402 769 1452 788 sua

889 807 932 835 13.
949 807 1095 836 Accinctus
1111 809 1228 844 potentia
1245 818 1251 835 :

886 853 929 879 11.
951 852 1003 886 Qui
1021 853 1169 881 conturbas
1184 853 1348 888 profundum
1368 853 1470 883 maris,

819 887 840 914 Β
889 899 932 925 15.
950 898 1051 926 Sonum
1065 887 1197 926 ﬂuctuum
1211 899 1270 933 ejus
1286 899 1347 933 quis
1357 896 1519 925 sustinebit?

890 945 933 972 16.
950 945 1145 973 Turbabuntur
1162 950 1271 980 gentes.
1291 949 1318 972 et
1338 944 1472 972 timebunt
1492 942 1539 978 qui
1560 941 1637 970 habi—

854 995 912 1019 tant
926 991 1057 1019 terminos
1068 999 1083 1018 a
1096 991 1182 1026 signis
1197 991 1252 1018 tuis
1266 999 1273 1018 :

891 1036 932 1063 17.
949 1036 1044 1064 Exitus
1057 1036 1191 1068 matutini,
1204 1041 1231 1063 et
1245 1043 1358 1071 vespere
1373 1034 1530 1063 delectabis.

894 1082 934 1109 18.
955 1082 1079 1110 Visitasli
1092 1087 1203 1115 terram,
1216 1087 1242 1109 et
1256 1081 1397 1109 inebriasti
1409 1088 1468 1109 eam
1483 1089 1491 1107 :

890 1128 933 1155 19.
951 1128 1133 1164 Multiplicasti
1149 1128 1311 1164 locupletare
1323 1135 1395 1155 eam.

579 1217 766 1245 ATIIANASH
787 1217 1076 1245 lNTERPRETATlO.

59 1295 81 1321 ε.
99 1295 151 1322 Καὶ
171 1297 199 1322 ὲν
217 1297 250 1332 τῇ
267 1296 339 1332 ψυχῇ
351 1298 384 1333 τῇ
399 1297 490 1334 ὁρώσῃ
506 1306 535 1324 σε
549 1296 744 1333 ἀποδοθήσεται
762 1306 802 1324 σοι

33 1340 94 1377 εὖχήδ
106 1341 296 1378 Ἰερουσαλὴμ
305 1342 359 1378 γὰρ
367 1343 547 1379 ἑρμηνεύεται
557 1343 661 1378 ὅρασις
669 1343 799 1378 εἰρήνης.

61 1388 82 1414 5.
100 1388 266 1416 Εξσάκουσον
281 1390 329 1426 τῆς
347 1390 500 1425 προσευχῆς
516 1398 577 1425 μου,
595 1390 635 1417 ὅτι
655 1390 754 1422 πάντες
763 1390 801 1425 τῷ

34 1432 119 1468 inter!
134 1443 179 1461 σου
193 1435 425 1470 παραστησόμεθα
445 1434 494 1471 (1).

60 1480 81 1506 1'.
94 1479 124 1507 Ἠ
137 1481 231 1517 διδαχὴ
247 1481 293 1508 τοῦ
308 1481 430 1508 διαϐόλου
440 1481 550 1509 καὶτῶν
565 1482 709 1518 ὑπουργῶν
719 1481 801 1508 αὑτοῦ

33 1524 155 1560 κατίσχυεν
169 1526 207 1561 (2)
229 1526 316 1561 ἡμῶν.

61 1570 115 1597 5.¹0
130 1571 229 1607 Ἀμνδς
251 1570 298 1597 τοῦ
317 1570 384 1597 Θεοῦ
402 1571 416 1598 ὁ
430 1570 515 1606 αἴρων
531 1571 580 1607 τὴν
598 1570 734 1606 ἁμαρτίαν
756 1570 804 1597 τοῦ

33 1615 127 1651 κζπμου.

58 1662 80 1688 6.
97 1663 238 1699 Μακάριος
260 1662 289 1689 ὃν
312 1663 419 1699 ὲρῤύσω
434 1664 466 1690 ἐκ
479 1662 517 1699 (5)
531 1663 585 1690 τῶν
600 1662 742 1698 ἁμαρτιῶν
757 1663 805 1689 αὑ-

32 1706 77 1739 τοῦ,
91 1709 134 1735 καὶ
145 1709 283 1743 ὲφὺλαξας
296 1710 388 1736 αὐτόν.

60 1752 132 1780 7.*Εν
145 1756 206 1786 ταῖς
221 1754 343 1786 αἱωνίαις
359 1755 553 1783 ἀναπαύσεσιν.

59 1798 81 1826 8.
89 1799 306 1836 Ἐμπλησθῶμεν
320 1801 375 1828 τῶν
392 1801 584 1836 δικαιωμάτων
601 1800 647 1827 τοῦ
667 1800 730 1827 λαοῦ
745 1809 803 1828 σου.

62 1844 84 1871 9.
91 1844 119 1872 '0
130 1846 194 1877 λαὸς
202 1846 217 1871 ὁ
234 1845 370 1873 πιστεύων
380 1846 420 1877 είς
429 1846 467 1878 σὲ,
477 1847 505 1872 εν
514 1843 553 1877 οἷς
564 1846 646 1878 αὐτὸς
658 1847 803 1877 κατοικεῖς.

62 1890 98 1917 10.
117 1890 340 1927 Πρόσδεξαιτοὺς
355 1891 481 1927 ὕμνουςὴ
487 1891 555 1926 μῶν,
573 1890 620 1923 οὓς
636 1899 676 1918 σοι
688 1891 806 1927 προσφέ-

34 1944 109 1971 ρομεν.
261 1937 267 1960 ν

61 1983 97 2010 11.
116 1984 175 2011 Τῶν
191 1983 329 2011 Ἰουδαίων
346 1983 460 2010 καὶτῶν
477 1983 562 2010 ἐθνῶν
579 1982 698 2010 πάντων.

62 2028 97 2055 12.
117 2028 262 2056 Ταπεινῶν
275 2027 324 2060 τὰς
340 2027 465 2059 ἐναντίας
481 2027 619 2063 δυνάμεις.

60 2074 96 2101 15.
106 2075 272 2110 Ἑρχόμενος
285 2075 314 2100 ιν
329 2074 482 2108 δυναστείᾳ.

59 2121 96 2148 14.
109 2122 137 2149 Ὁ
145 2121 299 2157 συντρίϐων
309 2121 340 2148 τὸ
352 2121 435 2156 κέρας
449 2119 495 2146 τοῦ
509 2119 638 2155 ἄρχοντος
648 2118 694 2145 τοῦ
704 2118 805 2153 κόσμου

33 2166 120 2195 τούτου.

61 2212 98 2240 15.
117 2213 171 2246 Τὰς
180 2212 315 2244 ὑποὸολὰς
322 2212 375 2238 τῶν
384 2211 512 2244 ἐξουσιῶν
520 2211 566 2237 τοῦ
579 2210 675 2246 ἐχθροῦ
688 2210 728 2241 τίς
739 2210 805 2236 ὑπο-

33 2258 113 2294 φέρω

32 2350 75 2376 τῶν
90 2351 235 2387 θαυμάτων
253 2358 311 2383 σου,
325 2346 363 2377 ὧν
376 2349 538 2384 ἀκηκόασιν.

60 2397 96 2425 17.
106 2397 150 2424 Ἐν
166 2397 205 2433 τῷ
222 2397 291 2432 φωτί
309 2405 355 2423 σου
369 2395 513 2429 ὲξαγάγεις
523 2394 557 2420 τὰ
571 2393 648 2429 ἔθνητ
668 2393 715 2420 καὶ
729 2393 757 2419 ἐν
774 2394 806 2428 τῇ

34 2444 157 2479 συντελείᾳ
172 2443 220 2470 τοῦ
236 2442 332 2474 αἰῶνος
352 2441 505 2477 πληρώσεις
521 2440 591 2466 αὐτὰ
605 2439 807 2474 ἀγαλλιάσεται.

60 2488 98 2516 18.
108 2490 171 2516 Ἐπὶ
198 2489 249 2524 τῆς
272 2488 324 2523 γῆς
342 2487 445 2522 ὤφθης,
461 2486 508 2512 καὶ
532 2484 621 2520 πάσης
641 2484 809 2520 εὐφροσύνης

33 2533 181 2570 ἐπλήρωσας
193 2535 256 2567 τοὺς
268 2533 316 2560 ἀνθ
322 2532 438 2569 ρώπους.

63 2580 100 2608 l9.
109 2581 279 2617 Ἐπλήθυνας
287 2579 321 2606 τὰ
328 2577 486 2614 χαρίσματά
499 2585 546 2604 σου
559 2577 587 2603 ὲν
599 2577 633 2612 τῇ
645 2575 806 2610 Ἐκκλησία.

890 1298 917 1324 2.
936 1297 968 1324 Et
981 1297 1072 1324 anima
1091 1285 1200 1324 vidente
1222 1301 1247 1325 te
1268 1297 1394 1324 reddetur
1407 1294 1454 1322 tibi
1472 1295 1578 1323 oratio:
1592 1295 1636 1322 Je-

855 1343 969 1371 rusalem
984 1344 1055 1371 enim
1074 1344 1268 1378 interpretatur
1280 1344 1345 1370 visio
1358 1343 1442 1377 pacis.

891 1389 917 1415 5.
929 1388 1033 1416 Exaudi
1046 1389 1198 1416 orationem
1214 1395 1315 1420 meam,
1328 1389 1457 1423 quoniam
1468 1395 1563 1414 omnes
1575 1391 1638 1415 ante

854 1433 988 1461 tribunale
1002 1438 1080 1460 tuum
1092 1436 1253 1461 statuemur.

888 1480 915 1507 4.
929 1479 1058 1507 Doctrina
1083 1479 1183 1506 diaboli
1202 1484 1229 1507 et
1248 1479 1436 1507 ministrorum
1460 1478 1519 1514 ejus
1535 1486 1638 1514 praeva-

856 1527 906 1554 luit
920 1531 1013 1554 contra
1029 1534 1088 1553 nos.

893 1571 920 1599 5.
935 1572 1028 1607 Agnus
1043 1571 1090 1598 Dei
1103 1571 1150 1606 qui
1168 1570 1237 1598 tollit
1251 1573 1393 1610 peccatum
1411 1569 1518 1597 mundi.

891 1660 916 1694 ὀί
932 1666 1031 1694 Beatus
1053 1673 1135 1701 quem
1152 1665 1273 1693 liberasti
1295 1672 1310 1692 a
1323 1664 1441 1699 peccatis
1457 1664 1525 1698 suis,
1544 1669 1571 1692 et
1586 1671 1638 1692 cu-

856 1713 961 1742 stodisti
977 1720 1050 1740 eum.

892 1760 918 1788 7.
935 1759 964 1786 In
974 1759 1082 1786 aeternis
1096 1757 1254 1793 refrigeriis.

890 1805 916 1832 8.
931 1804 1104 1840 Repleblmur
1112 1802 1352 1839 justilicationibus
1367 1801 1460 1836 populi
1482 1801 1531 1828 tui.

891 1850 917 1877 9.
933 1849 1052 1884 Populus
1065 1847 1179 1875 credens
1191 1847 1218 1874 in
1235 1852 1271 1880 te,
1285 1847 1312 1873 in
1330 1840 1433 1880 ipso'tu
1450 1845 1567 1873 habitas.

891 1895 934 1922 10.
951 1893 1051 1929 Excipe
1063 1893 1178 1929 hymnos
1189 1896 1308 1925 nostros,
1322 1899 1393 1927 quos
1415 1891 1465 1919 tibi
1487 1891 1636 1919 oderimus.

892 1983 934 2010 11.
953 1976 1108 2010 Iudaeorum
1120 1986 1147 2008 et
1162 1981 1284 2008 omnium
1300 1980 1433 2016 gentium.

892 2028 935 2055 12.
952 2027 1104 2055 Humilians
1117 2026 1268 2054 contrarias
1282 2029 1444 2061 potestates.

892 2073 936 2100 15.
950 2071 1069 2100 Veniens
1082 2072 1109 2099 in
1122 2071 1252 2106 potentia.

889 2118 933 2146 14.
948 2118 1096 2146 Conterens
1112 2124 1197 2145 cornu
1208 2116 1339 2152 principis
1350 2116 1446 2144 mundi
1457 2115 1551 2151 hujus.

892 2209 936 2237 15.
949 2209 1065 2237 Insidias
1075 2212 1238 2244 potestatum
1250 2207 1354 2236 inimici
1367 2206 1429 2242 quis
1441 2205 1604 2234 sustinebit!

60 2284 237 2341 ἱΕμφοόα
252 2304 370 2340 ἕντρομα
384 2304 422 2338 (1)
446 2303 606 2338 γενήσονται
626 2301 660 2328 τὰ
677 2301 741 2336 ἔθνη
752 2301 803 2328 ἀπὸ

893 2299 935 2326 16.
951 2298 1063 2325 Timidae
1083 2305 1115 2325 ac
1135 2298 1246 2333 trepidae
1258 2297 1324 2326 tient
1338 2301 1432 2333 gentes
1452 2296 1487 2324 ob
1503 2296 1638 2324 mirabilia

857 2349 903 2373 tua
915 2353 975 2381 qua!
988 2345 1160 2373 audiverunt.

894 2392 937 2420 17.
951 2391 979 2418 In
994 2391 1055 2418 luce
1075 2395 1121 2418 tua
1135 2389 1230 2417 educns
1248 2394 1351 2424 gentes,
1366 2393 1394 2416 et
1418 2389 1445 2416 in
1465 2396 1639 2417 consumma-

860 2438 934 2465 tione
953 2436 1044 2465 smculi
1059 2436 1184 2471 implebis
1198 2443 1244 2463 eas
1256 2436 1445 2464 exsultatione.

895 2482 980 2509 18.1η
997 2486 1067 2509 terra
1089 2482 1165 2509 visus
1188 2489 1228 2515 es,
1246 2485 1274 2509 et
1287 2482 1362 2510 omni
1387 2481 1480 2510 laetitia
1502 2480 1639 2516 replevisti

857 2528 990 2556 homines.

895 2574 939 2602 19.
956 2573 1140 2609 Multiplicasti
1158 2573 1230 2600 dona
1247 2576 1293 2600 tua
1305 2573 1332 2600 in
1348 2572 1479 2601 Ecclesia.

499 2664 654 2696 Addenda
669 2667 700 2694 et
719 2662 905 2702 corrigenda
923 2671 959 2692 ex
977 2662 1047 2693 cod.
1065 2646 1172 2693 Vatic;

61 2731 96 2765 (1)
106 2731 324 2767 Hapwzdpeog.
331 2730 361 2759 In
366 2737 463 2767 (marg.
477 2729 539 2756 cod.
546 2728 604 2755 haec
618 2727 804 2767 legunturneo-

32 2759 94 2793 dein,
106 2759 273 2799 charactere,
287 2766 332 2793 'Ev
355 2759 454 2802 ἄλλοιςῖ
473 2759 723 2802 παραστησόμεθα..
741 2759 804 2787 Hac

34 2806 112 2829 autem
129 2798 269 2830 adnotatio
291 2800 410 2829 ostendit
423 2798 584 2826 vetustatem
609 2798 692 2831 hujus
717 2798 803 2822 inter-

34 2838 182 2869 pretationis
209 2845 254 2865 seu
282 2835 480 2866 commentarii,
499 2833 577 2869 cujus
593 2832 683 2868 plures
696 2831 802 2859 codices

36 2880 89 2899 mss.
105 2874 206 2900 stt-cule
219 2881 244 2900 ix
258 2872 315 2906 jam
327 2871 478 2899 exstabant.

940 2725 1127 2771 ,lfaflaxusev.

1029 2795 1146 2831 ἕντρομα
1167 2795 1326 2831 γενήσονται
1346 2792 1380 2831 τᾲ
1399 2789 1543 2831 semusta}
1562 2790 1592 2816 ἐν
1607 2790 1640 2825 τῇ

857 2825 996 2866 συντελείᾳ
1010 2831 1057 2857 τοῦ
1070 2825 1331 2864 ἀίῶνοξπλήρώσῃς
1343 2827 1411 2854 αὐτὰ
1426 2825 1622 2860 ἀγαλλιάσεως.
