1916 3052
45 113 93 142 965

81 170 104 196 5.
125 169 169 196 Ἐν
181 169 221 205 τῷ
234 168 328 204 πλήθει
342 168 391 204 τῆς
404 168 544 205 δυνάμεώς
560 177 606 195 σου
623 168 768 203 ψεύσονταί
793 177 822 194 σε
834 172 860 199 Α

45 217 67 242 οι
80 215 166 251 ἐχθροί
182 223 239 242 σου.

77 260 100 287 6.
114 261 217 296 Πᾶσαή
235 261 271 296 γῆ
287 261 554 296 προσκυνησάωσάν
571 269 622 292 σοι,
638 261 685 288 καὶ
698 260 824 295 ψαλάτω-

49 306 92 333 σάν
103 315 141 333 σοι
153 315 160 322 ·

79 352 102 378 7.
113 351 282 379 Ψαλάτωσαν
298 353 383 388 δὴκτῷ
394 353 506 388 ὀνόματί
520 361 578 385 σου,
593 353 717 387 Ὗψιστε.

79 396 102 423 8.
117 396 208 429 Δεῦτε,
224 397 272 424 καὶ
291 397 359 423 ἴδετε
378 397 413 424 τὰ
429 396 498 432 ἔργα
515 395 562 422 τοῦ
574 395 641 422 Θεοῦ

320 443 480 477 Διάψιῖλμα
499 441 548 477 (a).

78 487 103 516 9.
118 487 162 520 Ὧς
173 488 288 524 φοϐερὸς
296 490 324 516 ὲν
340 489 448 525 βουλαῖς
462 488 533 523 ὑπὲρ
548 488 610 519 τοὺς
626 489 700 520 υἱοὺς
714 488 768 515 τῶν
778 489 825 516 ἀν-

50 531 62 557 θ
65 531 164 567 ρώπων.

80 577 119 604 10.
138 578 165 604 '0
183 577 378 613 μεταστρέφων
391 577 441 613 τὴν
457 577 594 605 θάλασσαν
608 579 646 611 εἰς
657 579 752 615 ξηράν·

81 624 117 650 11.
141 624 184 650 Ἐν
202 623 316 658 ποταμῷ
333 622 515 651 διελεύσονται
532 624 602 651 ποδί.

80 670 118 698 12.
139 671 212 696 Ἐκεῖ
225 669 470 705 εὐφρανθησόμεθα
483 671 526 696 ἐπ’
546 671 631 706 αὐτῷ,

81 717 119 743 13.
136 716 179 751 Τῷ
192 715 350 748 δεσπόζοντι
363 717 391 743 ἐν
401 717 433 752 τῇ
448 716 593 753 δυναστείᾳ
604 718 686 745 αὐτοῦ
701 717 747 744 τοῦ
761 718 825 745 αἰῶ-

49 770 88 793 νος

81 807 119 835 14.
134 808 164 834 Οἱ
178 807 315 843 ὀφθαλμοὶ
331 807 413 835 αὑτοῦ
426 809 472 835 ἐπὶ
490 809 524 836 τὰ
534 809 599 845 ἔθνη
611 809 805 837 ἐπιϐλέπουσιν
815 819 822 826 ⁸

81 854 118 882 15.
127 855 157 881 Οἱ
166 854 433 890 παραπικραίνοντες
441 855 477 890 μὴ
486 855 663 890 ὕψούσθωσαν
673 857 701 883 ὲν
708 857 823 888 ἑαυτοῖς.
840 847 861 874 Β

80 900 116 926 16.
132 900 284 934 Εὐλογεῖτε,
301 899 374 934 ἔθνη,
387 899 433 926 τὸν
449 900 514 927 Θεὸν
528 900 605 936 ἡμῶν
615 910 622 916 ’

79 947 117 974 17.
131 947 185 973 Καὶ
197 945 359 973 ἀκουτίσατε
367 946 416 981 τὴν
429 946 519 981 φωνὴν
529 947 578 981 τῆς
586 947 716 978 αἰνέσεως
731 946 822 973 αὐτοῦ.

77 992 116 1019 18.
133 992 185 1018 Τοῦ
204 992 318 1027 θεμένου
330 991 380 1026 τὴν
394 991 483 1026 ψυχήν
498 999 547 1026 μου
560 992 600 1023 εἰς
616 990 700 1027 ζωήν.

79 1039 116 1066 19.
130 1038 183 1064 Καὶ
201 1038 239 1073 μὴ
255 1037 344 1069 δόντος
355 1038 394 1069 εἰς
407 1037 486 1063 σάλον
498 1038 560 1069 τοὺς
577 1037 661 1068 πόδας
677 1046 737 1072 μου.

78 1083 118 1111 20.
130 1084 190 1111 ’Ότι
203 1083 367 1118 ἐδοκίμασας
377 1083 483 1118 ἡμᾶ;,ὁ
495 1082 570 1116 Θεὸς,
583 1084 727 1119 ἐπύρωσας
738 1084 823 1119 ἡμᾶς,

48 1128 80 1161 ὡς
93 1129 221 1165 πυροῦται
237 1129 268 1155 τὺ
285 1129 427 1165 ἀργύριον,

80 1210 115 1245 (a)
130 1210 220 1238 Codex
236 1208 324 1237 Palat.

477 109 521 138 DE
539 110 676 139 TlTULlS
696 109 920 139 PSALMORUM.
939 125 972 130 —-
991 109 1089 137 PSAL.
1110 109 1190 137 LXV.

1605 111 1657 140 906

909 168 936 197 5.
960 167 988 195 In
1014 167 1188 195 multitudine
1209 166 1317 194 virtutis
1344 171 1398 195 tua
1420 167 1584 196 mentiantur
1605 169 1653 196 tibi

876 213 977 240 inimici
993 214 1043 241 tui.

911 259 937 286 6.
955 259 1049 287 Omnis
1062 262 1133 286 terra
1146 258 1240 286 adoret
1264 263 1290 286 te
1301 262 1328 286 et
1340 258 1437 294 psallat
1450 259 1517 286 tibi:

912 350 936 377 7.
953 350 1090 377 Psalmum
1106 350 1178 376 dicat
1192 349 1297 376 nomini
1311 354 1371 383 tuo,
1387 349 1535 377 Altissime.

910 397 938 424 8.
954 396 1058 429 Venite,
1076 401 1102 424 el
1116 396 1203 423 videte
1217 403 1298 430 opera
1313 395 1361 424 Dei
1383 405 1390 422 :

1191 443 1357 479 Diapsulmu.

910 491 936 519 9.
959 490 1046 525 Quam
1072 490 1199 518 terribilis
1226 490 1254 517 in
1269 489 1392 518 consiliis
1415 497 1498 525 super
1513 489 1582 517 (illos
1609 495 1658 517 no-

876 538 992 565 minum.

911 583 954 611 10.
970 583 1023 617 Qui
1040 583 1175 611 convertit
1190 590 1266 610 mare
1281 582 1308 609 in
1324 583 1427 610 aridam
1441 592 1448 610 :

913 629 956 656 11.
971 628 999 655 In
1017 628 1129 655 ﬂumine
1141 627 1347 662 pertransibunt
1359 628 1436 663 pede.

910 675 954 702 12.
966 673 1003 702 lhi
1012 674 1163 702 laetabimur
1171 674 1197 701 in
1208 674 1279 709 ipso,

912 721 954 748 13.
970 721 1022 754 Qui
1035 720 1191 748 dominatur
1210 719 1238 746 in
1253 719 1352 747 virtute
1366 727 1415 746 sua
1433 719 1461 746 in
1478 723 1631 747 attentum:

912 809 956 836 11.
969 808 1045 836 Oculi
1062 810 1121 843 ejus
1139 816 1222 843 super
1237 813 1330 844 gentes
1348 809 1517 843 respiciunt:

912 855 955 882 15.
969 854 1021 888 Qui
1037 860 1200 890 exasperant
1214 863 1268 882 non
1284 855 1437 882 exaltentur
1452 855 1478 881 in
1495 854 1658 889 semetipsis.

912 900 954 927 16.
976 899 1140 933 Benedicite,
1154 905 1257 936 gentes,
1272 900 1357 928 Deum
1373 904 1496 928 nostrum
1510 909 1517 926 ς

912 947 955 973 17.
971 945 1004 973 Et
1020 946 1140 973 auditam
1159 946 1240 974 facite
1252 954 1345 974 vocem
1361 947 1448 974 laudis
1463 946 1532 980 ejus.

912 991 954 1018 18.
970 991 1020 1024 Qui
1035 993 1127 1027 posuit
1139 992 1258 1019 animam
1275 1000 1363 1019 meam
1378 993 1411 1020 ad
1424 992 1507 1019 vitam
1521 1001 1527 1018 :

913 1037 956 1065 19.
972 1037 1005 1065 Et
1019 1045 1073 1065 non
1087 1039 1161 1065 dedit
1176 1039 1202 1065 in
1219 1039 1428 1066 commotionem
1445 1038 1526 1073 pedes
1539 1045 1624 1066 meos.

913 1083 958 1110 20.
971 1082 1104 1116 Quoniam
1119 1083 1240 1118 probasti
1252 1091 1312 1115 nos,
1327 1083 1409 1116 Deus,
1424 1083 1484 1119 igne
1497 1084 1659 1111 examinasti

878 1135 939 1162 nos,
956 1129 1028 1157 sicut
1040 1129 1211 1157 eraminatur
1224 1133 1376 1164 argentum.

608 1254 794 1283 ATHANASII
811 1255 1099 1284 INTERPRETATIO.

81 1333 104 1360 5.
118 1335 172 1360 Καὶ
182 1334 212 1361 ὲν
222 1333 262 1369 τῷ
275 1333 356 1361 πάθει
370 1334 418 1360 καὶ
438 1332 476 1368 (1)
491 1334 525 1368 τῇ
538 1333 682 1359 ἀναστάσει
704 1341 751 1359 σου
773 1333 823 1368 ἀρ-

51 1380 164 1415 νήσονταί
180 1389 210 1407 σε
226 1380 292 1407 Θεὸν
302 1381 328 1407 οἱ
343 1380 472 1407 Ἰουδαῖοι.

79 1425 102 1452 6.
117 1426 155 1452 Τὰ
169 1426 234 1462 ἔθνη
253 1427 340 1453 πάντα
357 1425 543 1456 πιστεύσουσι,
561 1423 607 1450 καὶ
629 1423 769 1456 δοξάσουσί
782 1432 823 1451 σε.

80 1472 103 1498 7.
125 1473 320 1509 Ἀνυμνήσουσι
338 1473 367 1500 ea
382 1471 587 1509 μεγαλοπρεπὲς
597 1470 683 1505 ὄνομά
696 1479 742 1496 σου
756 1470 805 1506 (2).

79 1518 103 1545 8.
115 1519 151 1555 Τῇ
162 1520 263 1556 καρδίᾳ
273 1519 351 1556 ήμῶν
361 1518 508 1554 προσέχετε
520 1517 557 1552 (5)
575 1518 630 1548 τοῖς
644 1515 824 1552 δικαιώμασιν
838 1541 858 1570 C

51 1571 131 1592 αυτου.

80 1611 103 1638 9.
119 1611 176 1638 Ὀτι
190 1612 207 1647 ἡ
218 1610 312 1645 διδαχὴ
324 1610 371 1646 τῆς
379 1610 489 1645 χάριτος
505 1609 587 1636 αὐτοῦ
602 1608 758 1644 ἐνδοξοτέρα
766 1609 824 1634 ἐστὶ

49 1655 90 1691 τῆς
106 1657 198 1692 σοφίας
211 1657 268 1683 τῶν
281 1656 443 1692 ἀνθρώπων.

79 1701 118 1729 10.
135 1703 162 1729 '0
179 1703 231 1738 τὴν
245 1703 381 1738 ἁμαρτίαν
401 1701 450 1728 τοῦ
467 1702 570 1736 κόσμου
584 1699 706 1727 θανατῶν

79 1746 117 1774 11.
137 1748 178 1774 Ἑν
193 1749 231 1783 τῇ
247 1748 339 1782 χάριτι
353 1747 400 1774 τοῦ
417 1747 495 1781 ἁγίου
519 1745 675 1780 Πνεύματος
697 1744 825 1780 ζησουσιν

50 1791 155 1826 ἀφόϐως.

80 1837 118 1865 12.
136 1839 180 1865 Ἐν
189 1839 226 1873 τῇ
235 1838 324 1873 χάριτι
335 1838 371 1873 (1)
380 1837 426 1864 τοῦ
442 1838 583 1873 μέλλοντος
599 1838 695 1870 αἰῶνος
709 1837 826 1872 εὐφραν-

50 1883 173 1920 θησόμεθα
184 1884 303 1920 ὁρῶντες
318 1884 366 1919 τὴν
381 1884 459 1915 δόξαν
471 1883 518 1910 τοῦ
532 1883 609 1910 Θεοῦ.

79 1929 117 1957 15.
133 1931 231 1966 Πατὴρ
241 1930 295 1965 γάρ
305 1931 363 1956 ἐστι
378 1928 426 1956 τοῦ
445 1930 587 1965 μέλλοντος
600 1929 706 1960 αῐῶνος.

79 1975 117 2002 11.
129 1977 159 2003 Οἱ
180 1977 326 2003 ἀπόστολοι
337 1976 383 2002 ὲπὶ
394 1975 425 2002 τὸ
443 1976 573 2011 κήρυγμα
596 1975 650 2001 τῶν
682 1973 767 2002 ἐθνῶν
783 1983 827 2001 πο-

52 2021 172 2056 ρεύονται.

80 2067 119 2095 15.
138 2069 166 2096 '0
179 2067 246 2100 λαὸς
259 2067 313 2094 τῶν
331 2066 475 2101 Ἰουδαίων,
492 2067 679 2102 μὴιχαυχᾶσθε
690 2066 823 2101 λέγοντες*

51 2113 156 2148 Σπέρμα
176 2113 302 2149 Ἁϐραάμ
315 2113 417 2148 ἐσμεν.
534 2116 537 2120 ”

80 2159 118 2187 16.
130 2161 186 2187 Uine
197 2159 239 2186 ἔτι
252 2159 306 2194 γὰρ
321 2159 408 2194 μόνων
425 2158 559 2185 Ἰουδαίων
575 2159 590 2184 ὸ
603 2157 678 2189 Θεὸς,
692 2157 761 2184 ἀλλά
777 2157 824 2183 καὶ

51 2204 132 2232 ἐθνῶν.

80 2251 119 2278 17.
129 2251 182 2278 Καὶ
190 2250 363 2278 ὑπακούσατε
374 2249 413 2285 τῷ
421 2250 579 2286 κηρύγματι
587 2251 636 2285 τῆς
643 2249 722 2284 δόξης
731 2248 825 2276 αὐτοῦ.

79 2296 118 2324 18.
127 2297 179 2324 Τοῦ
193 2297 393 2333 μεταγαγόντος
404 2298 436 2323 ὲκ
445 2296 492 2324 τοῦ
503 2296 619 2323 θανάτου
632 2296 672 2326 εἰς
680 2295 730 2330 τὴν
741 2294 824 2331 ζωήν.

79 2341 116 2369 19.
130 2343 184 2370 Καὶ
198 2342 237 2378 μὴ
251 2343 381 2375 ὲάσαντός
396 2351 430 2378 με
448 2343 502 2375 ἕως
522 2342 615 2373 τέλους
647 2342 678 2377 τῇ
704 2341 826 2377 ἁμαρτίᾳ

53 2388 234 2415 συναπολέσθαι
239 2408 245 2414 .

79 2433 119 2460 20.
137 2434 196 2460 Ὅτι
208 2433 281 2470 εῖδης
294 2432 396 2469 [εἴδες],
410 2432 451 2459 ὅτι
473 2432 647 2468 ὑπακούομεν
666 2432 704 2465 (5)
718 2431 757 2467 τῷ
774 2440 823 2466 κη-

53 2478 158 2514 ρύγματι
177 2488 225 2507 σου
236 2488 242 2494 ·
257 2480 295 2516 (6)
309 2479 398 2505 πᾶσαν
417 2477 587 2514 ἀκαθαρσίαν
601 2476 684 2505 οὖσαν
703 2478 732 2503 ὲν
757 2477 823 2511 ἡμῖν

52 2524 168 2561 ἐποίησας
183 2526 256 2562 ἡμᾶς
268 2524 427 2551 ἀποθέσθαι.
623 2525 628 2532 “

81 2581 101 2595 ⁷⁸
112 2580 188 2609 Joan.
204 2590 263 2614 vm.
279 2581 322 2609 35.
360 2581 383 2597 ""
401 2579 480 2608 Rom.
496 2588 538 2614 Ill,
550 2580 595 2608 29.

841 2212 863 2239 υ

911 1333 936 1360 5.
951 1333 984 1360 Et
998 1333 1024 1360 in
1041 1335 1176 1369 passione.
1190 1339 1217 1362 et
1233 1334 1260 1361 in
1286 1335 1486 1363 resurrectione
1507 1340 1552 1363 tua
1577 1342 1660 1372 nega—

875 1379 944 1407 bunt
959 1384 985 1407 te
1003 1380 1086 1420 Deum
1101 1380 1197 1408 Judzei.

911 1425 937 1452 6.
952 1425 1052 1454 Gentes
1064 1435 1159 1455 omnes
1172 1427 1294 1460 credent,
1312 1432 1339 1455 et
1353 1427 1544 1463 glorilicabunt
1555 1433 1590 1456 te.
1616 1459 1617 1462 η

913 1471 938 1499 7.
954 1471 1117 1500 Laudabunt
1128 1474 1301 1508 magniﬁcum
1319 1481 1417 1501 nomen
1430 1478 1516 1501 tuum.

911 1517 937 1544 8.
969 1517 1105 1545 Cordihus
1135 1519 1232 1546 vestris
1266 1518 1395 1546 attendite
1417 1518 1660 1553 justiﬁeationibus

875 1563 944 1598 ejus.

909 1608 936 1636 9.
959 1608 1092 1642 Quoniam
1115 1609 1238 1636 doctrina
1258 1610 1352 1645 gratia:
1375 1610 1435 1645 ejus
1456 1610 1598 1646 gloriosior
1617 1616 1659 1638 est

875 1655 994 1682 humana
1010 1655 1153 1690 sapientia.

910 1701 954 1728 10.
968 1701 1018 1734 Qui
1035 1701 1181 1728 mortiﬁcat
1195 1705 1335 1736 peccatum
1354 1700 1458 1727 mundi.

912 1746 956 1773 11.
971 1746 998 1773 In
1011 1747 1098 1782 gratia
1114 1747 1201 1774 sancti
1216 1745 1332 1781 Spiritus
1348 1753 1443 1773 secure
1458 1746 1574 1774 vivent..

910 1836 996 1864 12.1n
1019 1837 1105 1872 gratia
1126 1838 1233 1864 venturi
1255 1837 1346 1865 saeculi
1362 1837 1513 1865 laetabimur
1537 1837 1657 1865 vioentes

876 1884 989 1920 gloriam
1004 1884 1059 1911 Dei.

913 1931 956 1959 15.
975 1930 1053 1959 Pater
1066 1931 1138 1958 enim
1154 1935 1195 1959 est
1210 1931 1316 1958 venturi
1331 1931 1433 1958 saeculi.

913 1977 956 2004 14.
978 1977 1101 2012 Apostoli
1126 1979 1159 2005 ad
1184 1977 1402 2012 praedicationem
1428 1976 1548 2011 gentium
1574 1976 1658 2011 proli-

876 2022 1023 2050 ciscuntur.
1185 2034 1187 2038 ι

912 2068 956 2095 15.
980 2067 1076 2103 Populi
1099 2067 1255 2095 Judreorum
1280 2076 1314 2096 ne
1340 2069 1491 2104 gloriemini
1519 2069 1656 2096 dicentes-

877 2114 969 2141 Semen
981 2114 1189 2141 Abrahwsumus
1199 2115 1231 2142 ".

912 2159 956 2186 16.
968 2158 1027 2186 Non
1043 2160 1160 2194 amplius
1170 2160 1242 2187 enim
1255 2160 1344 2188 solum
1356 2159 1511 2188 Iudaeorum
1525 2164 1567 2188 est
1575 2159 1656 2193 Deus,

876 2205 922 2233 sed
936 2205 1019 2232 etiam
1036 2207 1154 2240 gentium
1167 2206 1200 2232 ⁷⁷.

913 2251 959 2280 17.
976 2250 1010 2278 Ει
1021 2252 1172 2279 auscultate
1185 2250 1369 2286 praedicationi
1383 2250 1476 2285 gloriae
1495 2251 1565 2286 ejus.

913 2295 957 2322 18.
974 2295 1025 2329 Qui
1040 2295 1195 2323 transferta
1211 2299 1298 2322 morte
1312 2294 1339 2320 in
1355 2294 1449 2320 vitam.

913 2341 956 2369 19.
973 2341 1005 2369 Et
1023 2350 1076 2369 non
1091 2349 1190 2377 passus
1203 2346 1245 2369 est
1267 2348 1310 2368 me
1332 2347 1419 2375 usque
1442 2341 1469 2367 in
1493 2340 1574 2367 ﬁnem
1598 2348 1660 2368 cum

876 2392 989 2423 peccato
1004 2389 1101 2423 perire.

912 2433 956 2460 ΞΟ.
970 2433 1104 2467 Quoniam
1120 2434 1222 2467 vidisti,
1236 2433 1310 2469 quod
1327 2433 1547 2468 obtemperamus
1563 2432 1661 2468 praedi-

878 2479 978 2506 cationi
1005 2483 1078 2506 tuae:
1102 2487 1210 2507 omnem
1233 2479 1444 2512 immunditiam,
1467 2486 1528 2513 quae
1549 2482 1608 2505 erat
1632 2478 1659 2504 in

877 2524 967 2553 nobis.
981 2525 1068 2553 fecisti
1083 2530 1112 2553 ut
1126 2533 1176 2553 nos
1191 2525 1398 2559 deponeremus.

513 2648 666 2680 Addenda
682 2652 712 2679 et
731 2645 920 2685 corrigenda
937 2654 977 2676 ex
995 2646 1066 2676 cod.
1082 2643 1185 2674 Vatic.

82 2712 116 2750 (1)
135 2713 178 2750 Ἐν
188 2714 225 2750 τῷ
235 2714 342 2750 πλήθει,
358 2713 416 2741 καί.

81 2748 115 2785 (2)
130 2749 166 2785 Io
181 2747 267 2785 ονομά
282 2747 329 2776 σου
347 2747 569 2783 ιιεναλοπρεπῶς.

81 2783 275 2855 :2:

198 2865 332 2895 ΡΔτιιοι..
355 2862 416 2892 Gn.
453 2861 576 2891 ςχγιι.

910 2709 949 2745 (5)
962 2709 1022 2745 ’Ότι
1034 2708 1110 2745 glans.
1120 2707 1161 2734 ὅτι
1177 2705 1377 2745 ὺπακορησομεν.

911 2736 947 2779 (6)
963 2745 996 2771 N.
1010 2744 1054 2770 21.
1066 2736 1176 2779 ’ίῘᾱσανἶ
1196 2746 1247 2779 etp.
1265 2736 1369 2779 lin-22:
1384 2740 1505 2772 Ἠγαγες
1524 2738 1598 2773 ἡμᾶς
1619 2736 1660 2767 εις

874 2774 923 2815 τὴν
938 2774 1065 2810 σύνταξίν
1078 2786 1134 2804 σου.
1154 2777 1186 2804 Ν.
1202 2776 1246 2803 25.
1270 2774 1415 2807 Ἤλενέας,
1426 2779 1478 2801 etc.

1474 2849 1511 2881 29
