1916 3052
48 164 93 194 915
471 165 515 193 DE
535 165 673 194 Tl'l'ULlS
692 166 922 198 PSALMORUM.
941 183 976 191 —-
994 166 1092 195 PSAL.
1105 165 1210 195 LXVII.
1598 166 1650 195 9N

76 224 110 251 l5.
138 223 245 256 Εξάγων
263 224 464 259 πεπεδημένους
475 227 504 253 ἐν
520 226 642 263 ἀνδρεεᾳ,
824 240 832 266 Α

824 237 848 266 Α
898 228 944 256 15.
964 228 1016 263 Qui
1033 228 1125 256 educit
1141 228 1249 255 vinctos
1258 226 1287 255 in
1299 226 1474 258 fortitudine.

75 269 109 296 16.
128 269 316 304 Ὁμοίωςέτοὺς
335 272 620 308 παραπικραίνοντα’ς,
640 273 703 306 τοὺς
721 283 811 301 κατοι-

899 274 944 303 16.
965 275 1096 303 Similiter
1111 282 1159 302 eos
1171 274 1218 309 qui
1233 277 1406 309 exasperant,
1424 272 1472 307 qui
1488 271 1611 299 habitant
1624 272 1650 299 in

46 316 142 347 κοίντας
158 316 185 342 ὲν
201 316 307 350 τάφοις.
359 309 367 316 ’

249 324 307 348 ιοις.
359 309 367 316 ’
862 321 1005 356 sepulcris.

75 362 111 388 l7.
132 362 158 388 Ὀ
171 361 245 394 Θεὸς,
264 363 293 389 ἐν
310 362 348 398 τῷ
361 362 561 400 ὲκπορεύεσθαί
584 374 613 392 σε
631 366 745 394 ἐνώπιον
763 367 810 394 τοῦ

899 367 943 394 17.
964 366 1045 399 Deus,
1063 373 1125 394 cum
1140 363 1310 400 egredereris
1334 364 1362 391 in
1389 367 1536 399 conspectu
1557 362 1650 398 populi

47 407 99 436 λαοῦ
114 417 166 441 σου,

862 413 901 440 tui
920 422 925 440 :

75 455 110 483 18.
129 455 169 482 Ἐν
180 455 377 490 τῷδιαόαἰνειν
391 464 421 482 σε
435 457 504 493 ὲντῇ
516 457 625 493 ἐρήμῳ,
639 458 675 494 γῆ
689 458 810 495 ὲσείσθτγ

899 459 943 487 18.
962 457 1030 486 Cum
1046 457 1228 493 pertransires
1241 456 1269 484 in
1285 456 1404 490 deserto,
1413 460 1486 484 terra
1503 461 1576 483 mota
1592 460 1647 483 est:

74 501 109 528 19.
121 501 154 537 (a)
168 502 220 529 Kal
236 502 291 538 γὰρ
306 503 331 529 οι
344 503 453 539 οὐρανοὶ
467 503 583 536 ἓαταξαν
594 504 648 532 ἀπὸ
663 504 815 541 προσώπου.

901 504 944 532 19.
964 503 1072 531 Etenim
1093 502 1156 531 caeli
1170 500 1372 530 distillaverunt
1387 508 1402 528 ο
1418 500 1488 528 facie
1501 499 1549 527 Dei
1563 498 1649 531 Sinai,

46 547 83 573 τοῦ
91 547 150 574 Θεοῦ
165 548 210 575 τοῦ
223 549 299 582 Σινᾶ,

72 593 109 621 20.
129 594 189 621 Ἀπὸ
205 594 352 630 προσώπου
365 595 412 622 τοῦ
429 595 496 623 Θεοῦ
517 597 636 633 Ἰσραήλ.

490 595 496 622 ἱ
517 597 636 633 Ἰσραήλ.
897 597 942 625 20.
960 597 983 625 Α
1000 596 1069 625 facie
1085 596 1133 624 Dei
1154 595 1246 625 Israel.

72 639 108 666 21.
123 640 220 677 Βροχὴν
233 642 358 669 ἑκούσιον
369 643 505 678 ἁφοριεῖς,
520 643 534 670 ὁ
546 643 623 676 Θεὸς,
637 645 671 680 τῇ
684 645 813 681 κληρονοε-

898 644 942 672 21.
960 643 1084 672 Pluviam
1100 643 1280 672 voluntariam
1292 641 1459 678 segregabis.
1474 640 1556 674 Deus,
1566 640 1651 668 haere-

46 685 85 721 μέᾳ
98 694 155 713 σου·

862 690 940 719 ditati
957 695 1010 718 tuae
1023 699 1029 717 :

71 731 108 758 22.
122 733 172 759 Kal.
190 733 325 770 ἠσθένησε
336 743 342 749 ·
360 735 394 762 σὺ
408 735 436 762 δὲ
450 736 611 772 κατηρτίσω
627 736 722 773 αὐτήν.

898 738 943 766 22.
962 737 996 765 Et
1013 737 1152 765 inﬁrmata
1176 740 1235 769 est;
1253 740 1281 764 tu
1298 743 1365 763 vero
1376 734 1512 771 perfecisti
1525 741 1596 763 eam.

71 777 107 804 23.
120 778 156 805 Τὰ
172 779 228 811 ζῶά
245 788 291 806 σου
305 781 479 809 κατοικοῦσιν
492 783 522 808 ὲν
537 783 606 818 αὐτῇ
618 791 625 799 ·

897 785 944 812 25.
963 784 1098 812 Animalia
1113 787 1160 812 tua
1173 783 1337 811 habitabunt
1352 781 1380 809 in
1398 789 1429 809 ea
1442 791 1448 808 :

70 822 106 850 24.
122 823 282 861 Ἠτοίμασας
295 827 325 854 ὲν
334 829 367 863 τῇ
383 828 550 864 χρηστότητι
565 837 613 855 σου
640 829 680 865 τῷ
696 829 814 866 πτωχῷ,

898 831 942 859 24.
961 830 1067 859 Parasti
1082 830 1110 858 in
1127 830 1272 859 dulcedine
1287 833 1333 857 tua
1348 827 1478 864 pauperi,
1494 825 1577 854 Deus.

44 870 54 894 ὁ
63 869 125 897 Θεὸς.
936 879 938 881 ’

70 879 125 902 mg.

70 915 107 942 25.
123 916 219 953 Κύριος
234 918 316 945 δώσει
332 918 410 955 ῥῆμα
423 921 480 952 τοῖς
496 920 753 956 εὐαγγελιζομένοις
764 920 812 948 δυ-

899 923 945 952 25.
965 923 1097 951 Dominus
1111 922 1188 951 dabit
1201 922 1318 950 verbum
1335 919 1586 956 evangelizantibus
1597 918 1651 946 vir—

43 961 108 996 νάμει
122 964 213 999 πολλῇ.

862 973 920 998 tute
933 968 1030 996 multa.
1490 975 1492 979 ‘

69 1009 106 1037 26.
124 1011 150 1038 Ὀ
161 1011 287 1046 βασιλεὺς
298 1012 352 1040 τῶν
365 1012 507 1049 δυνάμεων
517 1013 564 1040 τοῦ
582 1013 724 1049 ἀγαπητοῦ
735 1023 742 1030 ·

531 1013 564 1040 οὗ
582 1013 724 1049 ἀγαπητοῦ
735 1023 742 1030 -
895 1013 940 1041 26.
957 1013 1014 1041 Rex
1029 1012 1159 1040 virtutum
1172 1011 1264 1039 dilecti
1282 1020 1287 1038 :

69 1057 107 1083 27.
121 1058 156 1093 Τῇ
168 1058 315 1094 ὡραιότητι
325 1059 373 1086 τοῦ
385 1059 461 1087 οἴκου
478 1059 613 1087 διελέσθαι
631 1060 727 1088 σκῦλα.

673 1060 727 1088 ὅλα.
896 1060 941 1087 2'1.
959 1059 1066 1095 Speciei
1081 1059 1180 1086 domus
1197 1057 1316 1086 dividere
1333 1056 1429 1092 spolia.

69 1102 105 1129 28.
126 1104 185 1130 Ἐὰν
195 1105 347 1141 κοιμηθῆτε
365 1106 502 1142 ἀναμέσον
515 1106 570 1134 τῶν
587 1107 697 1143 κλήρων
707 1115 715 1122 ·

898 1107 943 1134 28.
966 1105 995 1133 Si
1014 1105 1158 1133 dormiatis
1170 1105 1241 1132 inter
1255 1103 1359 1131 medios
1372 1101 1461 1130 cleros
1477 1110 1483 1128 :

71 1148 106 1176 29.
118 1149 253 1186 Πτέρυγες
267 1152 432 1188 περιστερᾶς
448 1152 719 1188 περιηργυρωμέναι,

667 1161 719 1185 ναι,
897 1153 943 1181 29.
960 1152 1061 1180 Pennze
1076 1151 1210 1179 columbae
1225 1150 1423 1186 deargentataa,

70 1229 101 1265 (α)
112 1230 183 1261 Vers.
198 1232 242 1261 l9.
255 1233 294 1268 Γῆ
307 1251 316 1267 ,
334 1237 387 1262 etc.
415 1241 502 1262 usoue
525 1233 559 1261 ad
574 1232 702 1267 ἐσταξαν.
727 1234 744 1269 ᾗ
759 1233 806 1262 20.

598 1232 702 1267 τταξαν.
727 1234 744 1269 ir
759 1233 806 1262 20.
834 1234 900 1262 Ἀπὸ
918 1233 1067 1261 προσώπου
1080 1240 1168 1270 usque
1184 1236 1218 1261 ad
1237 1231 1354 1269 Ἰσραήλ.

585 1313 775 1343 ATHANASII
795 1313 1091 1343 INTERPRETATIO.

69 1384 105 1412 l5.
118 1386 184 1418 Τοὺς
194 1388 296 1420 αὐτοὺς
315 1388 481 1423 μονάζοντας
503 1390 536 1418 ὲκ
559 1390 614 1417 τῶν
635 1390 744 1427 δεσμῶν
759 1391 813 1418 τῶν

899 1392 944 1420 15.
960 1391 1076 1420 Eosdem
1091 1392 1240 1419 monachos
1252 1399 1268 1420 e
1284 1391 1401 1419 vinculis
1421 1394 1594 1426 peccatorum
1610 1399 1651 1419 re-

42 1428 161 1466 ἀμαρτιῶν
176 1432 359 1469 λυτρούμενος
370 1435 403 1461 ὲν.
416 1434 489 1470 ἰσχύϊ
504 1435 543 1471 (1)
558 1436 629 1465 κατὰ
648 1436 698 1472 τῆς
721 1436 798 1473 ἁμαρ

721 1436 815 1473 ἁμαρ-
862 1437 970 1466 dimens
983 1438 1011 1464 in
1023 1437 1184 1465 fortitudine
1194 1441 1291 1466 contra
1303 1441 1456 1472 peccatum.

41 1476 98 1508 τίας.

69 1522 104 1549 16.
118 1524 182 1556 Τοὺς
192 1525 236 1552 διὰ
251 1526 306 1553 τῶν
322 1526 465 1564 ἁμαρτιῶν
483 1528 521 1564 (2)
536 1529 814 1565 παραπικραῑνοντας

897 1529 941 1557 16.
958 1529 1011 1563 Qui
1041 1529 1118 1565 prius
1149 1529 1381 1557 exacerbaveraut
1413 1535 1477 1556 eum
1516 1527 1652 1562 peccatis.

41 1567 104 1594 αὑτὸν
115 1570 252 1607 πρότερον,
266 1571 380 1608 ὓστερον
394 1573 422 1600 δὲ
437 1575 669 1610 μετανοήσαντας,
684 1574 732 1602 καὶ
745 1584 797 1602 κατ

899 1576 961 1604 inde
982 1577 1146 1611 pmnitentes
1157 1596 1164 1609 ,
1181 1580 1208 1603 et
1224 1575 1381 1603 habitantes
1396 1575 1423 1602 in
1438 1574 1587 1609 sepulcris,
1601 1573 1653 1600 hoc

41 1613 160 1647 οικοῦντας
175 1617 321 1652 ὲνιτάφοις,
333 1618 473 1645 τουτέστιν
487 1620 515 1646 ὲν
528 1620 589 1652 ταῖς
599 1622 705 1656 μοναῖς,
719 1620 797 1655 ἐξάγε

897 1628 905 1650 t
918 1623 945 1650 in
969 1623 1156 1655 monasteriis,
1169 1622 1261 1650 educit
1275 1621 1303 1649 in
1319 1621 1479 1649 fortitudine
1491 1624 1585 1648 contra
1596 1619 1653 1646 dia—

41 1657 63 1684 ὲν
73 1659 172 1697 ἀνδρείᾳ
182 1663 254 1689 κατὰ
265 1663 312 1690 τοῦ
327 1663 461 1691 διαϐόλου.
863 1669 965 1696 bolum.

69 1704 104 1732 17.
120 1707 146 1732 '0
158 1707 234 1741 Θεὸς,
244 1709 274 1735 ὲν
286 1708 326 1744 τῷ
342 1709 539 1746 ἐκπορεύεσθαι
555 1719 584 1737 σε
598 1711 631 1738 ὲκ
642 1711 697 1737 τῶν
714 1719 814 1747 πατρι-

900 1714 945 1742 17.
962 1714 1045 1747 Deus,
1062 1721 1125 1741 cum
1146 1717 1173 1740 tu
1187 1711 1349 1747 procederes
1371 1719 1405 1739 ex
1432 1710 1494 1739 sinu
1511 1709 1608 1742 Patris,
1625 1713 1654 1736 ut

42 1749 85 1777 κῶν
98 1752 207 1786 κόλπων,
222 1754 341 1790 ὀφθῆναι
357 1756 403 1782 ἐπὶ
418 1757 468 1792 τῆς
484 1757 537 1792 γῆς
552 1758 608 1789 τοῖς
621 1756 785 1792 ἀνθρώποις.

568 1758 608 1789 οῖς
621 1756 785 1792 ἀνθρώποις.
864 1767 1012 1795 appareres
1026 1759 1052 1786 in
1067 1763 1139 1786 terra
1154 1757 1324 1786 hominibus.

69 1796 102 1824 18.
121 1799 162 1826 ‘Ev
183 1800 223 1836 τῷ
237 1801 390 1838 ὁδοιπορεῖν
404 1811 434 1829 σε
455 1803 485 1828 ὲν
506 1802 545 1838 τῷ
563 1803 669 1839 κόσμῳ,
694 1803 729 1830 τὰ
749 1803 813 1839 ἔθνη

900 1805 944 1833 18.
960 1805 1030 1832 Cum
1060 1809 1089 1832 tu
1116 1805 1168 1832 iter
1201 1803 1306 1831 faceres
1345 1801 1375 1830 in
1409 1801 1529 1835 mundo,
1559 1804 1653 1836 gentes

41 1840 70 1875 (3)
85 1844 260 1882 μετετέθησαν
274 1846 330 1873 ἀπὸ
341 1846 391 1881 τῆς
401 1847 623 1884 εἰδωλολατρείας
637 1849 678 1880 εἰς
690 1848 739 1884 τὴν
752 1848 797 1875 ὲπί

896 1851 1005 1879 inslataz
1016 1855 1081 1878 sunt
1098 1849 1132 1878 ab
1147 1848 1305 1878 idololatria
1322 1848 1350 1876 in
1366 1847 1550 1884 cognitionem
1566 1850 1652 1874 tuam.

42 1889 123 1920 γνωσίν
137 1899 194 1918 σου.

68 1933 103 1962 19.
117 1936 169 1963 Καὶ
183 1937 238 1973 γὰρ
251 1937 277 1963 οἱ
289 1923 433 1964 ἀπόστολοι
448 1945 495 1964 σου
505 1938 553 1965 τὸν
566 1938 645 1974 λόγον
659 1947 705 1966 σου
717 1939 815 1974 ἔταξαν

900 1945 944 1973 19.
964 1943 1070 1972 Etenim
1082 1943 1200 1979 apostoli
1214 1943 1254 1971 tui
1273 1949 1426 1970 sermonem
1447 1944 1524 1968 tuum
1539 1938 1653 1968 distilla-

42 1981 71 2012 εἰς
82 1982 124 2014 τὰς
134 1984 248 2019 καρδίας
267 1984 368 2012 αὐτῶν.

866 1994 964 2019 verunt
977 1990 1004 2017 in
1018 1997 1114 2018 eorum
1128 1989 1223 2018 corda.

68 2028 104 2056 30.
123 2030 187 2058 Ἀπὸ
201 2031 252 2058 τοῦ
268 2031 334 2059 Υἱοῦ
352 2041 410 2060 σου,

384 2041 410 2060 υι
900 2037 945 2064 20.
961 2036 983 2064 A
1000 2036 1070 2064 Filio
1082 2040 1139 2064 tuo.

68 2074 105 2102 21.
118 2077 152 2104 Τὸ
164 2078 299 2114 κήρυγμα
314 2080 372 2111 τοῖς
382 2079 498 2107 ἔθνεσιν.

900 2082 947 2110 21.
963 2081 1192 2110 Praedicationem
1208 2081 1346 2117 gentibus.

67 2119 104 2148 22.
120 2123 173 2150 Καὶ
187 2125 343 2160 ἡσθένησαν
357 2125 391 2152 τὰ
404 2120 480 2162 ἔθνη,
492 2127 540 2154 καὶ
553 2127 567 2154 ὁ
582 2127 684 2164 Κύριος
700 2128 814 2164 ἰασάμε·

901 2127 947 2155 22.
964 2127 997 2156 Ει
1012 2132 1106 2163 gentes
1123 2127 1268 2155 inﬁrmata!
1283 2130 1364 2159 sunt.
1388 2129 1415 2153 et
1439 2125 1572 2153 Dominus
1592 2133 1654 2153 cum

41 2173 74 2198 νος
83 2169 242 2205 κατήρτισεν
261 2171 331 2198 αὐτὰ
345 2173 386 2204 εἰς
396 2172 427 2199 τὸ
438 2173 545 2209 θέλημα
561 2173 654 2200 αὐτοῦ.

866 2174 1030 2207 sanavisset,
1048 2173 1218 2209 perfeciteas
1232 2173 1260 2200 in
1278 2172 1445 2200 voluntatem
1463 2179 1551 2199 suam.

67 2213 103 2241 23.
119 2216 149 2242 οἱ
161 2218 253 2244 πιστοὶ
273 2218 302 2245 ὲν
314 2220 346 2254 τῇ
369 2218 527 2255 Ἐκκλησία.

502 2227 527 2255 ᾳ.
899 2218 944 2247 9.5.
963 2218 1070 2247 Fideles
1084 2219 1110 2247 in
1127 2218 1258 2247 Ecclesia.

68 2259 106 2287 24.
119 2261 161 2298 Τῷ
176 2263 234 2299 λαῷ
245 2263 285 2299 τῷ
297 2264 419 2301 ταπεινῷ
426 2267 459 2302 τῇ
471 2265 570 2302 καρδιςι
579 2266 629 2302 τὴν
637 2265 694 2294 ἀνω
714 2266 813 2303 Ἰερου-

902 2266 948 2294 24.
963 2265 1068 2301 Populo
1085 2266 1182 2293 humili
1207 2265 1290 2294 corde
1306 2271 1453 2300 supernam
1473 2263 1653 2292 Hierusalem.

41 2305 125 2342 σαλήμ.

66 2351 104 2379 25.
118 2354 178 2387 Τοῖς
195 2356 368 2389 ἀποστόλοις.

349 2365 368 2389 :.
900 2356 946 2384 25.
961 2356 1105 2392 Apostolis.

66 2397 105 2426 9.6.
121 2400 156 2427 To
171 2401 250 2437 ἅγιον
269 2403 383 2439 Πνεῦμα
395 2403 443 2430 τοῦ
458 2404 533 2432 Υὶοῦ.

899 2401 946 2429 ‘26.
964 2401 1082 2430 Sanctus
1093 2401 1212 2437 Spiritus
1226 2401 1297 2432 Filii.

68 2442 106 2472 27.
121 2446 182 2479 Τοῖς
206 2448 346 2481 ἐκλεκτοῖς
364 2449 411 2476 τοῦ
427 2449 492 2478 λαοῦ
502 2450 593 2478 δίδωσι
604 2450 720 2487 διάφορα
735 2460 815 2489 χαρι-

901 2447 947 2474 27.
962 2447 1063 2477 Electis
1085 2448 1180 2483 populi
1203 2447 1251 2476 dat
1273 2447 1394 2483 Spiritus
1414 2451 1526 2476 sanctus
1549 2447 1655 2475 diversa

42 2494 118 2522 σματα
129 2492 159 2518 τὸ
172 2493 286 2529 Πνεῦμα
300 2494 330 2521 τὺ
341 2495 426 2529 ἅγιον.
867 2493 950 2521 dona'

68 2532 106 2561 28.
125 2536 186 2564 Ἐὰν
201 2539 398 2575 ἀναπαύσησθε
414 2541 445 2568 ὲν
457 2542 519 2574 ταῖς
532 2541 653 2575 ἐντολαῖς
673 2542 722 2570 τοῦ
734 2542 816 2572 Θεοῦ.

721 2542 816 2572 θεοῦ,
903 2539 949 2567 28.
968 2539 996 2567 Si
1012 2540 1203 2576 requieveritis
1218 2541 1245 2568 in
1266 2540 1403 2568 mandatis
1419 2539 1477 2568 Dei.

68 2578 107 2607 39.
123 2582 154 2609 Al
169 2583 217 2610 δύο
236 2584 379 2621 διαθῆκαις
390 2587 417 2613 αἱ
434 2586 474 2623 τῷ
491 2587 560 2623 ἁγίῳ
578 2587 720 2624 Πνεύματι
735 2588 819 2626 λαλη-

904 2587 950 2615 29.
968 2587 1028 2615 Duo
1044 2592 1218 2620 testamenta,
1232 2595 1293 2622 quae
1308 2595 1324 2614 a
1339 2586 1444 2622 Spiritu
1459 2591 1556 2614 sancto
1567 2593 1655 2613 enun-

42 2621 115 2654 θεῖσαι
142 2630 233 2656 πᾶσαν
249 2631 423 2669 καθαρότητα
439 2621 561 2669 ἐξουααι.
654 2621 659 2624 Π
796 2621 798 2625 Ι

796 2621 802 2626 ”
870 2634 938 2661 tiata
956 2639 1032 2668 sunt,
1044 2641 1153 2662 onmem
1170 2621 1274 2661 habent
1289 2621 1445 2668 puritatem.

504 2721 659 2754 Addenda
674 2727 705 2754 et
727 2723 913 2763 corrigenda
931 2732 969 2754 ex
986 2723 1057 2756 cod.
1076 2724 1177 2756 Vatic.

121 2801 207 2842 ησχὺῖ
218 2801 366 2842 agamque.
379 2807 433 2830 etc.
500 2839 505 2842 _
570 2839 576 2842 _

253 2801 366 2842 αὐτούς,
379 2807 433 2830 etc.
500 2839 505 2842 _
570 2839 576 2842 _
867 2805 953 2842 δρείᾳ,
967 2810 1009 2834 etc

71 2836 104 2877 lii
121 2836 275 2872 Ἀμαρτιῶν
291 2838 392 2877 αὐτῶν,
408 2839 512 2877 εις-,τρ
524 2839 747 2877 πρότερονὶνειε..
767 2849 814 2875 με·
854 2862 859 2868 .
884 2836 889 2842 ’
904 2836 941 2876 (3)
956 2842 990 2868 N.
1009 2841 1050 2869 l9.
1070 2841 1164 2877 Ἔθνη,
1181 2846 1245 2874 etc.,
1265 2841 1391 2875 Εσταξαν,
1404 2845 1468 2875 etc.,
1486 2847 1535 2876 pro
1548 2837 1656 2872 ἔταξαν.

42 2871 230 2906 τανοήσανταξο
256 2873 448 2907 κατοικοῦντας
473 2874 522 2908 δέ,
546 2871 616 2909 'etc.,'
639 2875 746 2909 ἐξάγειν
767 2871 801 2903 ἂν
