1916 3052
53 178 101 206 931
495 179 540 207 DE
559 179 697 209 TITULIS
715 182 941 214 PSALMORUM.
962 203 997 208 —
1013 187 1111 216 PSAL.
1136 188 1255 218 LXVIII.
1635 192 1687 220 9‘22

89 237 134 264 81.
152 237 183 263 '0
191 237 258 268 Θεὸς
276 237 383 274 Ἰσραήλ
393 245 400 252 ·
409 237 490 270 αὐτὸς
501 237 581 264 δώσει
596 237 711 275 δύναμιν
723 242 770 268 καὶ
782 251 845 279 κρα.

932 244 977 272 8t.
997 244 1069 273 Deus
1086 245 1187 280 Israel;
1205 247 1263 282 ipse
1276 246 1353 275 dabit
1367 247 1507 282 virtutem,
1530 254 1558 277 et
1580 249 1687 279 fortitu-

54 283 167 310 ταίωσιν
180 282 219 318 τῷ
234 282 292 318 λαῷ
307 283 400 310 αὑτοῦ.

898 289 989 317 dinem
1002 290 1074 325 plebi
1088 299 1161 318 suae:

91 328 138 355 82.
155 327 310 363 Εὐλογητὸς
323 328 337 354 ὁ
352 328 428 360 Θεός.

934 335 979 363 82.
995 335 1160 364 Benedictus
1176 337 1256 366 Deus.

56 377 109 409 Εἰς
125 376 156 403 τὸ
172 375 271 409 τέλος,
283 377 360 410 ὑπὲρ
375 375 434 403 τῶν
451 377 752 412 ἀλλοιωθησομένων,
770 380 812 413 ψα

925 380 959 408 1η
975 381 1055 417 ﬁnem
1068 403 1075 415 ,
1096 391 1144 417 pro
1164 384 1198 410 iis
1215 383 1260 416 qui
1283 383 1527 419 commutabumur,
1548 387 1665 421 psalmus

241 423 301 457 μὸς
318 422 358 456 τῷ
378 423 476 451 Δαϐιδ.
496 425 583 451 ΨΑΛ.
601 424 663 451 EH’.

1108 427 1207 456 Dauid.
1224 428 1326 458 PSAL.
1346 428 1395 457 LX
1404 429 1485 458 V111.

94 468 120 495 L
136 468 227 497 Σῶσόν
243 476 288 504 με,
302 469 316 494 ὁ
326 468 402 502 Θεὸς,
414 469 455 496 ὄτι
469 470 627 505 είσήλθοσαν
641 470 724 497 ὕδατα
734 470 786 502 ἕως
796 471 846 505 ψυ-

935 473 963 501 1.
984 472 1095 500 Salvum
1113 482 1157 502 me
1180 475 1240 508 fac,
1263 475 1351 510 Deus,
1377 477 1504 512 quoniam
1520 478 1687 507 intraverth

55 514 108 550 χῆς
128 522 188 549 μου·

899 525 977 552 aqua:
991 527 1079 554 usque
1094 520 1127 547 ad
1141 521 1260 549 animam
1278 529 1377 550 meam.

91 560 120 587 2.
145 559 296 596 Ἐνεπάγην
313 560 354 593 είς
370 561 427 588 ἰλὺν
446 560 540 596 βυθοῦ,
556 561 603 588 καὶ
617 561 668 589 οὐκ
687 561 762 589 ἐστιν
784 561 847 588 ὑπό-

933 564 960 592 2.
979 565 1083 594 Inlixus
1103 573 1163 594 sum
1179 567 1206 594 in
1227 567 1294 594 limo
1305 568 1446 604 profundi,
1460 573 1486 596 et
1497 577 1552 597 non
1566 575 1608 598 est
1623 571 1688 599 sub-

57 614 164 638 στασις.

898 611 1009 638 stantia.

93 654 121 681 5.
140 652 240 681 τΗλθον
253 655 295 685 εἰς
309 654 345 682 τὰ
364 654 434 690 βάθη
448 655 500 690 τῆς
516 655 666 692 θαλάσσης,
684 656 732 683 καὶ
754 664 849 683 καται-

935 657 963 684 5.
983 657 1051 685 Yeni
1068 658 1096 685 in
1114 658 1288 688 altitudinem
1315 661 1411 693 maris,
1430 667 1457 688 et
1480 666 1628 697 tempestas
1641 663 1688 691 de-

56 700 101 734 γὶς
116 700 295 727 κατεπόντισέ
310 709 355 736 με.

310 709 355 736 με.
899 704 995 731 mersit
1010 711 1062 732 me.

90 745 118 772 ι.
139 746 288 773 Ἐκοπίασα
304 746 424 783 κράζων,
440 747 622 783 ἐσραγχίασεν
637 750 652 775 ὀ
667 749 770 784 λαρυγξ
785 757 846 784 μου.

934 750 962 777 4.
984 750 1118 778 Laboravi
1137 752 1270 786 clamans,
1297 761 1388 781 raucae
1411 753 1489 782 iactae
1510 759 1575 782 sunt
1595 754 1688 784 fauces

899 802 975 823 meae.

92 836 119 863 5.
141 837 283 870 Ἔξέλιπον
297 838 321 864 οἱ
334 836 468 873 ὀφθαλμοί
487 846 538 873 μου
551 838 605 864 ἀπὸ
616 837 664 864 τοῦ
677 838 796 871 ἐλπίζειν
814 847 847 874 με

937 841 965 869 5.
981 840 1144 870 Defecerunt
1171 842 1242 870 oculi
1272 843 1337 875 mei,
1363 840 1428 872 dum
1449 852 1529 878 spero
1551 845 1579 872 in
1602 845 1686 873 Deum

55 883 102 909 ἰπὶ
112 883 158 910 τὸν
169 883 236 910 Θεόν
249 893 310 919 μου.

899 891 1002 911 meum.
1576 882 1579 887 ’

92 929 119 956 6.
140 930 364 966 Ἐπληθύνθησαν
379 930 452 967 ὑπὲρ
467 931 518 964 τὰς
537 931 633 967 τρίχας
657 931 706 967 τῆς
726 931 848 966 κεφαλῆς

937 930 965 957 6.
981 929 1167 965 Multiplicatae
1184 935 1249 959 sunt
1263 939 1346 967 super
1361 932 1473 967 capillos
1496 934 1593 969 capitis
1620 941 1685 966 mei,

57 983 110 1010 μου
125 977 150 1002 οί
168 976 311 1011 μισοῦντές
328 985 362 1012 με
377 977 492 1012 δωρεάν.

900 975 946 1010 qui
964 975 1080 1003 oderunt
1098 984 1141 1004 me
1156 977 1249 1012 gratis.

93 1021 119 1048 7.
142 1021 382 1058 Ἐκραταιώθησαν
399 1023 424 1049 οξ
445 1022 538 1058 ἐχθροί
551 1031 613 1058 μου,
629 1022 654 1049 οἱ
671 1021 848 1055 ὲκδιώκοντὲς

937 1021 963 1049 7.
982 1021 1134 1049 Conlortati
1159 1027 1234 1056 sunt,
1264 1023 1310 1059 qui
1336 1024 1472 1059 persecuti
1486 1029 1551 1052 sunt
1565 1031 1619 1058 me,
1636 1024 1687 1052 ini-

58 1076 93 1103 με
103 1067 203 1100 ἀδίκως
214 1087 222 1095 .

899 1067 963 1094 miei
979 1067 1032 1094 mei
1048 1067 1149 1102 injuste
1163 1077 1170 1096 :

92 1114 119 1142 8.
136 1114 169 1140 ’Δ
180 1115 228 1150 οὐχ
242 1115 375 1150 ἥρπαζον,
389 1114 451 1141 τότε
463 1114 634 1142 ἁπετίννυον.

935 1113 961 1140 8.
979 1113 1044 1146 Quae
1055 1121 1108 1141 non
1123 1114 1212 1149 rapui,
1229 1120 1295 1142 tunc
1309 1115 1495 1143 exsolvebam.

92 1159 119 1187 9.
138 1161 167 1187 '0
180 1161 256 1193 Θεὸς,
269 1161 301 1187 σὺ
318 1160 403 1195 ἔγνως
418 1160 466 1196 τὴν
477 1161 633 1196 ἀφροσύνην
651 1168 712 1195 μου,

934 1159 962 1187 9.
983 1159 1063 1193 Deus,
1080 1166 1106 1188 tu
1122 1161 1176 1188 scis
1192 1161 1375 1196 insipientiam
1390 1169 1490 1194 meam,

94 1206 138 1234 10.
153 1207 208 1233 Καὶ
218 1208 246 1234 αἱ
261 1207 448 1242 πλημμέλειαι
465 1215 515 1242 μου
531 1207 584 1233 ἀπὸ
596 1206 644 1233 σοῦ
659 1207 709 1233 οὐκ
724 1206 846 1242 ἀπεκρύ-

934 1205 978 1232 10.
994 1205 1028 1233 Et
1038 1206 1137 1234 delicta
1150 1215 1209 1234 mea
1223 1216 1238 1234 a
1252 1213 1278 1234 te
1293 1215 1347 1235 non
1363 1212 1428 1236 sunt
1443 1207 1612 1236 abscondita.

56 1252 155 1288 ϐησαν.

92 1299 136 1326 Η.
152 1299 197 1335 Μὴ
213 1298 422 1334 αἰσχυνθείησαν
435 1299 480 1325 ἐπ’
492 1299 542 1334 ἐμὲ
563 1299 587 1325 oi.
601 1299 784 1334 ὑπομένοντές
804 1307 844 1332 σε,

935 1300 978 1327 Η.
995 1298 1055 1326 Non
1071 1298 1233 1325 erubescant
1248 1298 1274 1326 in
1290 1306 1334 1326 me
1352 1307 1399 1334 qui
1411 1302 1571 1334 exspectant
1583 1303 1620 1329 te.
1633 1297 1686 1326 Do-

55 1345 152 1381 Κύριε,
170 1345 257 1382 Κύριε
266 1345 320 1372 τῶν
335 1345 490 1381 δυνάμεων·

897 1343 980 1374 mine.
1000 1343 1114 1370 Domine
1129 1343 1259 1371 virtutum
1274 1353 1279 1371 :

616 1392 756 1420 ATHANA
762 1392 804 1420 Sll
824 1390 1110 1419 ΙΝΤΕΒΡΒΕΤΑΤΙΟ

90 1438 134 1471 8|,
151 1438 195 1466 8‘2.
218 1438 246 1465 '0
260 1438 325 1470 Θεὸς
344 1438 398 1465 τῶν
433 1439 562 1475 καθαρῶν
577 1440 609 1475 τῇ
631 1439 738 1475 καρδίᾳ,
758 1438 838 1470 αὐτὸς

937 1437 981 1470 8t,
1000 1437 1044 1465 82.
1064 1437 1134 1465 Deus
1153 1445 1247 1465 eorum
1262 1437 1308 1473 qui
1326 1438 1409 1466 corde
1424 1438 1518 1465 mundi
1535 1441 1609 1468 sunt,
1629 1436 1686 1470 ipse

53 1483 134 1511 δώσει
146 1486 178 1511 τὸ
194 1484 307 1520 Πνεῦμα
322 1485 352 1511 τὸ
368 1486 445 1519 ἆγιον
468 1487 524 1517 τοῖς
546 1485 741 1522 πειθαρχοῦσιν
757 1485 809 1512 αὐτ

925 1483 973 1510 Ibit
991 1483 1123 1518 Spiritum
1136 1489 1263 1512 Sanctum
1280 1485 1330 1516 eis,
1346 1484 1392 1519 qui
1406 1483 1456 1519 ipsi
1469 1483 1610 1515 obediunt,
1620 1490 1681 1517 nam

53 1529 246 1566 δεδοξασμένος
259 1531 314 1566 γάρ
327 1530 400 1557 ἐστιν
416 1531 445 1557 ὲν
461 1531 561 1562 αὐτοῖς.

506 1532 561 1562 ῐοίς.
896 1530 1065 1566 gloriﬁcatus
1081 1535 1124 1558 est
1140 1531 1167 1558 in
1185 1531 1262 1566 ipsis.

94 1577 127 1604 Ἦ
139 1577 307 1614 προκειμένη
325 1577 465 1614 ἐπιγραφὴ
479 1578 601 1614 περιέχει
618 1579 672 1614 (1)·
686 1579 738 1611 Είς
754 1578 787 1605 τὸ
800 1578 899 1611 τέλος,
908 1578 985 1613 ὑπὲρ
1001 1578 1060 1605 τῶν
1077 1579 1377 1614 ἀλλοιωθησομένων,
1390 1577 1512 1613 ψαλμὸς
1529 1575 1568 1611 τῷ
1584 1576 1685 1604 Δαϐίδ-

55 1623 141 1650 Τοῧτο
153 1621 200 1651 οὗν
216 1623 302 1657 λέγει,
323 1623 369 1650 ἐπὶ
382 1623 455 1650 τέλει
472 1623 528 1650 τῶν
540 1623 645 1651 αἰώνων
663 1624 733 1659 ὑπὲρ
751 1623 805 1650 τῶν
820 1623 1045 1659 μεταδληθέντων
1067 1623 1151 1650 ἐθνῶν
1171 1624 1225 1652 ἀπὸ
1241 1624 1291 1659 τῆς
1309 1624 1446 1660 ἁμαρτίας
1459 1624 1498 1655 εις
1510 1623 1555 1649 τὸν
1568 1622 1682 1657 Κύριον,

54 1669 99 1694 καὶ
115 1668 171 1694 τῶν
190 1668 326 1694 Ἰουδαίων
336 1667 391 1694 τῶν
407 1667 629 1703 μεταϐληθέντων
642 1668 696 1695 ἀπὸ
705 1668 760 1694 τῶν
776 1667 892 1694 ἐντολῶν
907 1667 953 1694 τοῦ
965 1668 1033 1694 Θεοῦ
1049 1670 1088 1700 εἰς
1102 1669 1151 1704 τὴν
1168 1669 1319 1706 ἁμαρτίαν.
1337 1669 1460 1703 Ψαλμὸς
1477 1667 1517 1700 τῷ
1528 1667 1566 1702 (2)
1579 1667 1668 1696 Δαϐίδ
1678 1675 1686 1684 ⁸

52 1713 154 1741 ὡσανεὶ
167 1713 275 1749 ψαλμὸς
286 1713 326 1746 τῷ
342 1712 435 1746 ἱκανῷ
452 1713 489 1748 τῇ
505 1715 591 1749 χειρί,
604 1714 728 1741 τουτέστι
743 1714 782 1750 τῷ
796 1713 853 1749 Υἱῷ
869 1713 916 1740 τοῦ
929 1714 1008 1740 Θεοῦ.

87 1761 197 1788 Titulus
214 1761 379 1796 praepositus
395 1760 539 1788 continet:
558 1760 590 1787 In
604 1761 700 1795 ﬁnem,
714 1768 762 1794 pro
776 1761 821 1792 iis,
839 1761 884 1795 qui
900 1759 1147 1789 ιοηιπικιαῡωιιιιν,
1167 1759 1286 1794 psalmus
1307 1759 1401 1785 Dat-id.
1415 1758 1472 1785 Hoc
1485 1759 1566 1794 igitur
1580 1759 1686 1794 signiﬁ-

53 1814 108 1841 cat,
124 1809 150 1836 in
165 1808 220 1836 (ine
234 1808 399 1836 saeculorum
416 1816 466 1843 pro
480 1809 607 1844 gentibus
620 1829 631 1842 ,ν
650 1816 711 1844 qum
732 1808 871 1836 translata:
887 1812 951 1835 sunt
967 1816 981 1835 a
997 1813 1109 1843 peccato
1132 1807 1158 1834 in
1179 1807 1344 1838 Dominum,
1358 1811 1385 1833 ct
1404 1815 1453 1841 pro
1470 1806 1588 1840 Judads,
1606 1808 1653 1843 qui
1669 1816 1685 1836 a

54 1855 194 1884 mandatis
208 1854 256 1882 Dei
275 1862 305 1883 se
325 1855 526 1883 transtulerunt
541 1856 568 1883 in
585 1861 739 1891 peccatum.
760 1855 888 1883 Psalmus
908 1855 993 1882 David
1005 1863 1014 1881 :
1029 1855 1154 1882 videlicet
1177 1854 1300 1889 psalmus
1322 1862 1402 1880 manu
1416 1853 1480 1888 fonti
1491 1875 1498 1887 ,
1517 1855 1567 1882 hoc
1580 1860 1622 1882 est
1638 1854 1685 1884 Dei

52 1901 123 1929 Filio

89 1947 117 1974 ί.
138 1945 225 1978 Ἦλθὲ.
239 1945 339 1980 ὁΘεὸς,
353 1947 392 1978 είς
408 1946 532 1983 βοήθειάν
551 1956 612 1983 μου,
638 1948 678 1975 ὅτι
698 1949 726 1975 αἱ
747 1948 840 1975 ἐπιου-

930 1948 955 1976 I.
972 1947 1051 1980 Veni,
1068 1948 1149 1979 Deus,
1178 1948 1204 1975 in
1218 1948 1399 1983 "adjutorium
1424 1956 1526 1980 meum,
1550 1949 1681 1985 quoniam

56 1994 116 2029 μίαι
127 1992 176 2020 τοῦ
192 1993 296 2028 κόσμου
311 1993 454 2028 κατέχουσι
468 2002 511 2029 με.

894 1994 1059 2029 cupiditates
1074 1994 1168 2022 mundi
1185 1994 1307 2022 detinent
1322 2003 1373 2022 me.

88 2041 116 2067 2.
137 2039 310 2075 Δεδούλωμαι
324 2041 357 2076 τῇ
374 2040 508 2076 ἁμαρτίᾳ,
528 2041 574 2067 καὶ
595 2041 647 2067 οὐκ
667 2040 750 2076 ἰσχύω
773 2041 841 2068 ἀπο-

928 2042 956 2068 2.
974 2040 1002 2067 In
1021 2041 1178 2068 servitutem
1194 2042 1319 2070 redactus
1333 2050 1393 2069 sum
1412 2050 1426 2069 a
1447 2047 1577 2077 peccato,
1593 2047 1620 2070 et
1633 2050 1681 2070 ne-

55 2086 160 2122 στῆναι.

892 2094 964 2122 queo
975 2087 1116 2114 absistere.

87 2132 115 2159 5.
127 2129 230 2158 'meov
244 2132 284 2164 ei;
298 2131 347 2163 τὰς
371 2131 469 2168 ἡδονὰς
494 2132 542 2158 καὶ
557 2125 607 2163 τὰς
630 2131 776 2166 ἐπιθυμίας
794 2131 842 2158 τοῦ

929 2133 954 2160 5.
975 2132 1041 2160 Veni
1061 2133 1087 2159 in
1103 2134 1276 2166 voluptates.
1299 2135 1326 2158 ct
1347 2131 1586 2166 concupiscentias
1605 2142 1683 2162 mun-

55 2178 168 2213 ξόσμου,
185 2176 234 2204 καὶ¹
252 2178 268 2212 ἡ
287 2177 409 2213 ἁμαρτία
424 2177 618 2214 κατεκυρίευσέ
636 2186 669 2212 με
686 2178 734 2211 (5).

731 2199 734 2205 .
892 2179 918 2206 di
928 2201 935 2212 ,
953 2185 980 2206 et
992 2183 1134 2214 peceatum
1149 2178 1320 2205 dominatum
1336 2181 1378 2204 est
1393 2178 1420 2204 in
1435 2185 1487 2205 me.

88 2224 115 2251 4.
129 2224 177 2255 Εἰς
191 2224 347 2257 ἀπόγνωσιν
356 2223 447 2250 λοιπὸν
465 2223 504 2258 (4)
517 2223 572 2250 ἀπὸ
584 2223 630 2249 τοῦ
646 2223 683 2258 μὴ
700 2222 840 2249 εἰσακούε-

931 2225 958 2253 4.
977 2224 1091 2251 Demum
1112 2224 1138 2251 in
1155 2223 1372 2258 desperationem
1391 2223 1451 2250 veni
1463 2244 1470 2256 ,
1487 2231 1519 2251 eo
1536 2225 1610 2260 quod
1622 2233 1682 2254 ora-

55 2269 117 2296 σθαι
133 2269 182 2304 τὴν
194 2268 287 2305 δέησίν
304 2278 366 2304 μου.

891 2271 930 2298 tio
948 2278 1007 2298 mea
1022 2277 1076 2297 non
1089 2269 1274 2297 exaudiretur.

90 2316 117 2344 5.
137 2316 203 2342 Ἀπὸ
217 2315 264 2342 τοῦ
289 2315 412 2342 δακεύειν
433 2315 471 2351 (5)
488 2324 533 2351 με,
557 2315 604 2343 καὶ
627 2316 785 2352 περιμένειν
812 2315 842 2342 τὸ

927 2316 952 2343 5.
971 2315 1039 2342 Dum
1063 2316 1176 2349 acrem,
1197 2320 1225 2343 et
1250 2319 1437 2350 exspectarem
1467 2316 1683 2345 misericordiam

55 2361 125 2393 ἕλεος
139 2361 186 2388 τοῦ
202 2360 271 2388 Θεοῦ
285 2369 346 2396 μου.
556 2364 562 2367 ’

556 2364 562 2367 ’
892 2362 938 2390 Dei
954 2362 1018 2390 mei.
1121 2355 1155 2359 ’ν

88 2407 114 2436 6.
127 2407 224 2435 Πολλοί
237 2409 306 2434 εἰσιν
316 2409 340 2434 οἱ
355 2407 484 2443 δαίμονες
494 2408 519 2434 οἱ
533 2408 715 2443 ἀντικείμενοί
730 2418 773 2444 μοι
791 2410 838 2444 (ϐ).

925 2408 952 2435 6.
971 2408 1046 2436 Multi
1065 2413 1130 2436 sunt
1143 2408 1294 2442 daemones,
1309 2408 1354 2444 qui
1371 2409 1439 2436 mihi
1457 2410 1645 2438 adversantur.

90 2453 116 2481 7.
133 2455 202 2490 Περὶ
213 2453 268 2480 τῶν
279 2453 368 2481 αὐτῶν
383 2454 513 2481 ἐναντίων
525 2454 667 2490 δυνάμεων
684 2455 768 2490 λέγει.

928 2455 952 2482 7.
972 2455 1010 2482 De
1028 2455 1094 2490 ipsis
1109 2455 1276 2483 adversariis
1288 2457 1468 2491 potestatibus
1481 2457 1609 2486 loouitnr.

89 2499 115 2527 8.
134 2501 169 2526 Ἀ
186 2500 308 2536 ἑμίσουν,
322 2499 409 2526 ταῦτα
429 2499 573 2535 ἔπραττον.

925 2501 952 2528 8.
968 2501 1034 2534 Quae
1048 2501 1172 2533 oderam,
1190 2501 1247 2528 hzec
1262 2501 1406 2529 faciebam.

87 2545 115 2575 9.
135 2547 166 2573 '0
181 2546 258 2578 Θεὸς,
276 2547 308 2573 σὺ
321 2544 394 2578 οἶδας
403 2546 452 2582 τὴν
464 2547 601 2582 ἁμαρτίαν
618 2556 679 2583 μου.

926 2546 953 2574 9.
972 2546 1054 2578 Deus,
1066 2551 1095 2574 tu
1107 2547 1178 2574 nosti
1191 2550 1332 2582 peccatum
1346 2555 1446 2574 meum.

89 2592 131 2620 I0.
144 2594 200 2620 Καὶ
210 2593 238 2620 αἱ
255 2592 364 2628 ἀνομίαι
378 2601 428 2628 μου
440 2592 555 2628 φανεραί
565 2593 634 2619 είσιν
649 2593 699 2629 (7).

927 2591 971 2618 10.
989 2590 1023 2618 Ει
1036 2591 1196 2626 iniquitates
1213 2599 1280 2619 mete
1298 2591 1450 2619 manifesta:
1463 2595 1537 2618 sunt.

88 2637 130 2665 Η.
143 2638 201 2672 Μὴ,
212 2637 255 2664 διὰ
272 2637 302 2664 τὸ
315 2637 482 2673 ἁμαρτάνειν
507 2646 551 2672 με,
567 2638 605 2674 (8)
632 2638 715 2674 ἔχωσι
730 2641 838 2675 παῤῥη-

926 2638 969 2666 11.
988 2636 1027 2664 Ne
1051 2637 1164 2665 timeant
1186 2637 1274 2666 sancti
1297 2638 1336 2667 tui
1359 2643 1468 2673 propter
1487 2640 1598 2672 peccata
1622 2643 1679 2664 mea

55 2682 112 2711 σίαν
125 2684 151 2710 οι
166 2683 240 2718 ἆγιοί
251 2683 359 2714 σουτοῦ
374 2683 536 2718 πρεσὸεύειν
551 2684 621 2720 ὑπὲρ
629 2684 709 2719 ἐμοῦ.

425 2683 536 2710 ισὸεύειν
551 2684 621 2720 ὑπὲρ
629 2684 709 2719 ἐμοῦ.
891 2691 939 2718 pro
951 2691 994 2710 me
1005 2683 1181 2711 intercedere.

533 2740 688 2772 Addenda
704 2744 735 2772 et
753 2740 942 2780 corrigenda
958 2748 997 2769 ex
1011 2739 1082 2771 cod.
1098 2740 1201 2772 Vatic.

86 2792 122 2831 ρ)
142 2792 177 2831 3.!
189 2791 236 2831 βιᾲ
252 2792 301 2831 τῇς
312 2792 497 2831 κξνναδάρεως
510 2801 572 2831 περ-
929 2791 967 2831 ei
980 2791 1126 2831 Αακρύειν.

95 2827 123 2863 Ξ)
142 2826 257 2862 Ψαλμὸς
269 2827 298 2854 δὲ
307 2827 357 2863 τῷ,
376 2826 433 2856 etc.
547 2826 554 2831 ’

291 2827 357 2863 ετῷ,
376 2826 433 2856 etc.
547 2826 554 2831 ’
929 2828 967 2860 (6)
979 2826 1047 2863 Μουζ

86 2829 113 2893 $2
142 2829 257 2862 Ψαλμὸς
269 2829 298 2854 δὲ
307 2829 357 2863 τῷ,
376 2832 428 2856 etc.
550 2829 553 2831 ’
929 2829 967 2860 (6)
979 2829 1048 2854 Μου.

92 2829 124 2898 ,³)
135 2863 207 2898 Μρυν·
928 2862 966 2898 (7)
984 2861 1028 2898 Σοί
1039 2863 1118 2890 εισιν.

86 2862 124 2898 (ὃ)
136 2863 207 2888 Μου.
940 2863 954 2888 7
984 2862 1028 2888 Σοί

85 2895 121 2932 (4)
135 2895 248 2925 *Ηλθον.
927 2862 966 2933 (ὃ)
982 2897 1038 2933 Μή.
