1916 3052
236 180 290 206 983

647 181 674 210 S.
694 181 881 210 ATHANASII
901 182 976 210 OPP.
994 181 1085 210 PARS
1104 183 1148 210 lll.
1172 198 1203 204 —
1223 182 1428 211 EXEGETICA.
1806 182 1859 210 921

270 239 314 266 12.
329 239 423 274 Neque
438 239 640 268 confundantur
656 250 739 277 super
753 251 806 275 me,
832 243 879 278 qui
893 250 1018 278 quaerunt

1112 244 1148 270 l2.
1165 243 1239 278 Μηδὲ
1254 243 1453 279 ἐντραπείησαν
1464 243 1507 270 ἐπ’
1521 242 1572 278 ἐμὲ
1584 242 1609 268 οἱ
1621 241 1769 277 ζητοῦντές
1785 251 1831 275 σε,
1846 243 1858 268 ἑ

235 289 271 316 te,
290 285 361 313 Deus
375 286 467 313 Israel.

270 332 313 359 15.
334 333 468 365 Quoniam
484 337 594 368 propter
611 338 637 360 te
650 334 767 362 sustinui
786 335 962 370 opprobrium
977 347 982 363 :

271 378 314 405 Η.
331 378 442 413 Ope-ruit
454 379 579 407 confusio
597 379 692 407 faciem
708 388 808 408 meam.

271 424 314 450 15.
334 423 483 451 Extraneus
500 425 587 453 factus
604 435 663 453 sum
680 426 809 454 fratribus
824 427 890 455 meis
905 436 912 454 :

271 470 314 496 16.
334 469 365 496 Et
378 471 536 506 peregrinus
553 472 614 499 filiis
629 473 725 500 matris
739 480 814 500 meae.

271 516 312 542 17.
328 516 462 549 Quoniam
478 519 552 546 zelus
568 519 666 546 domus
679 524 732 546 tum.
747 520 864 547 comedit
881 527 944 547 me:

272 563 314 588 18.
331 562 363 589 Et
385 565 530 598 opprobria
549 566 773 595 exprobrantium
799 567 846 594 tibi
862 567 1018 595 ceciderunt

235 614 316 642 super
330 617 383 637 me.

274 656 314 682 l9.
332 655 364 683 Et
381 657 475 691 operui
491 657 518 684 in
531 658 634 692 jejunio
650 659 768 686 animam
787 649 896 687 meam—2

270 703 316 729 20.
330 703 362 730 Et
381 702 482 731 factum
495 709 536 732 est
548 705 648 741 [factus
658 705 732 741 sum]
745 706 772 733 in
784 706 929 741 opprobria
943 706 1018 734 mihi.

271 750 316 776 τι.
334 749 368 777 Et
381 751 460 785 posui
480 751 672 778 vestimentum
685 760 776 779 meum
792 753 910 780 cilicium
926 762 932 779 :

270 795 316 822 22.
335 796 369 822 Et
387 797 473 825 factus
485 805 546 824 sum
563 798 617 826 illis
635 799 660 826 in
677 799 846 834 parabolam.

267 841 310 868 25.
333 843 483 871 Adversum
508 852 552 872 me
576 845 757 875 loquebantur
776 846 824 880 qui
848 845 976 872 sedebant
995 845 1020 872 in

236 887 334 922 portis,

271 933 316 959 21.
333 931 366 958 Et
380 932 406 959 in
421 939 464 959 me
482 932 635 967 psallebant
648 933 694 968 qui
709 934 839 962 bibebant
854 934 958 962 vinum.

272 979 318 1006 25.
336 977 392 1013 Ego
405 986 469 1006 vero
482 979 604 1007 oratione
619 987 679 1007 mea
697 980 730 1008 ad
742 986 778 1013 te,
794 981 925 1009 Domine:

271 1024 317 1052 26.
335 1024 454 1060 Tempus
465 1025 637 1060 beneplaciti.

271 1070 317 1098 27.
343 1070 426 1103 Deus,
450 1071 479 1098 in
502 1072 677 1100 multitudine
697 1071 893 1100 misericordia
905 1074 960 1098 tua:
977 1079 1024 1097 ex-

237 1116 299 1144 audi
316 1124 368 1144 me.

271 1163 316 1190 28.
329 1161 357 1188 ln
373 1162 487 1189 veritate
499 1161 596 1189 salutis
607 1165 669 1189 tuae.

270 1207 316 1234 29.
330 1207 410 1242 Eripe
425 1215 469 1234 me
480 1206 514 1234 de
530 1207 598 1238 luto,
617 1211 647 1234 ut
662 1214 716 1233 non
731 1206 844 1242 infigar:

271 1252 316 1280 50.
334 1252 477 1279 Liberatus
493 1260 554 1279 sum
569 1252 603 1279 ab
619 1252 663 1286 iis,
678 1253 724 1287 qui
737 1252 853 1279 oderunt
871 1259 925 1284 me,
941 1256 964 1278 et
990 1255 1023 1279 de

237 1297 380 1333 profundis
394 1305 536 1332 aquarum.

273 1362 357 1397 (a)‘ln
378 1371 466 1396 marg.
488 1362 549 1390 cod.
567 1361 664 1396 Κάγώ.

1071 290 1137 320 Θεὸς
1150 289 1196 316 τοῦ
1214 289 1331 325 Ἰσραήλ.

1106 337 1148 363 15.
1164 337 1224 362 Ὅτι
1238 337 1320 362 ’ἑνεκά
1332 345 1377 363 σου
1388 336 1529 369 ὑπήνεγκα
1545 334 1704 370 ὀνειδισμόν.

1108 383 1150 409 14.
1169 382 1318 417 Ἐκάλυψεν
1330 381 1447 418 ἐντροπὴ
1464 382 1494 408 τὸ
1508 381 1652 417 πρόσωπόν
1671 390 1732 416 μου.

1105 428 1149 454 15.
1161 427 1427 463 ’Λπηλλοτριωμένος
1441 427 1570 462 ἐγενήθην
1581 429 1636 459 τοῖς
1647 428 1774 461 ἀδελφοῖς
1790 436 1841 462 μου
1850 436 1858 443 ·

1107 474 1150 500 16.
1165 474 1220 500 Kal
1234 474 1308 506 ξένος
1325 475 1382 505 τοῖς
1398 475 1464 505 υἱοῖς
1481 473 1531 508 τῆς
1548 474 1648 509 μητρός
1663 482 1725 508 μου.

1105 519 1147 546 17.
1165 520 1225 546 ’Ότι
1242 521 1256 546 ὁ
1267 519 1346 554 ζῆλος
1357 518 1403 545 τοῦ
1415 519 1488 545 οἴκου
1503 527 1549 545 σου
1564 519 1702 553 κατέφαγε
1720 527 1756 554 με
1767 527 1774 533 ·

1109 565 1152 591 18.
1168 566 1222 592 Kal
1235 567 1258 592 οἱ
1273 565 1420 601 ὀνειδισμοὶ
1441 565 1495 591 τῶν
1510 565 1692 596 ὀνειδιζόντων
1708 573 1737 591 σε
1759 564 1845 591 ὲπὲπε

1075 619 1120 638 σον
1135 611 1178 638 ἐπ’
1192 612 1252 646 ἐμέ.

1112 658 1153 684 19.
1171 657 1226 684 Καὶ
1241 657 1412 692 συνεκάλυῷα
1429 658 1457 684 ἐν
1472 657 1583 693 νηστείᾳ
1598 657 1647 692 τὴν
1663 656 1755 692 ψυχήν
1773 665 1833 692 μου.

1105 702 1151 731 90.
1168 702 1223 729 Kal
1237 703 1352 738 ἐγενήθη
1373 702 1527 738 [ἐγενήθην]
1545 703 1583 733 είς
1597 701 1767 736 ὀνειδισμοὺς
1789 701 1857 737 ἐμοί.

1109 749 1152 775 Ξί.
1168 748 1222 775 Καὶ
1240 748 1343 784 ἐθέμην
1356 749 1387 776 τὸ
1401 749 1501 784 ἔνδυμά
1516 758 1564 784 μου
1581 748 1698 774 σάκκον-

1109 795 1155 821 2'2.
1172 795 1228 821 Kal
1242 795 1374 831 ἐγενόμην
1390 795 1481 827 αὐτοῖς
1497 796 1536 826 είς
1554 794 1721 830 παραϐολήν.

1107 841 1151 867 ‘25.
1166 841 1234 867 Κατ’
1245 841 1311 876 ἐμοῦ
1327 841 1486 876 ὴδολὲσχουν
1497 841 1520 867 οί
1534 840 1603 875 καθή
1609 849 1683 875 μενοι
1699 841 1729 867 ἐν
1745 834 1855 871 πύλαις·

1109 924 1154 958 9.1..
1169 924 1277 963 Kalelg
1292 931 1342 967 ἐμὲ
1359 931 1474 966 ἔψαλλον
1489 932 1513 957 οἱ
1532 932 1653 963 πίνοντες
1673 929 1755 958 οἶνον.

1109 977 1153 1004 ‘25.
1171 976 1243 1011 Ἐγὼ
1256 977 1284 1003 δὲ
1301 977 1337 1013 (a)
1353 979 1385 1013 τῇ
1403 979 1538 1013 προσευχῇ
1553 986 1603 1013 μου
1619 978 1687 1013 πρὸς
1704 978 1744 1010 σὲ,
1758 977 1854 1014 Κύριε·

1112 1024 1156 1049 ‘26.
1226 1024 1329 1058 Καιρδς
1341 1024 1474 1055 εὐδοκίας.

1110 1069 1155 1095 €17.
1177 1069 1206 1095 '0
1221 1069 1296 1101 Θεὸς,
1314 1070 1343 1097 ὲν
1360 1069 1397 1105 τῷ
1408 1070 1504 1105 πλήθει
1518 1070 1564 1096 τοῦ
1576 1070 1667 1102 ἐλέους
1681 1079 1728 1098 σου
1745 1071 1855 1099 ἐπάκου-

1079 1115 1122 1141 σὸν
1145 1123 1207 1150 μου.

1108 1161 1151 1187 28.
1170 1161 1215 1187 Ἐν
1228 1161 1342 1197 ἀληθείᾳ
1357 1161 1405 1196 τῆς
1418 1162 1554 1197 σωτηρίας
1569 1170 1625 1188 σου.

1110 1206 1154 1232 29.
1174 1206 1264 1233 Σῶσόν
1281 1216 1314 1242 με
1330 1207 1383 1233 ἀπὸ
1396 1208 1492 1242 πηλοῦ,
1510 1208 1552 1234 ἵνα
1570 1208 1607 1244 μὴ
1623 1208 1741 1243 ὲμπαγῶ
1751 1216 1758 1223 ·

1112 1253 1156 1280 50.
1179 1252 1319 1288 Ῥυσθείην
1339 1253 1370 1280 ἐκ
1393 1254 1448 1280 τῶν
1470 1254 1618 1282 μισούντων
1643 1264 1677 1290 με
1693 1256 1740 1282 καὶ
1761 1256 1791 1282 ἐκ
1806 1256 1854 1282 τῶν

1078 1297 1182 1332 βαθέων
1196 1297 1250 1325 τῶν
1264 1297 1376 1325 ὑδάτων.

273 1395 311 1434 (b)
327 1398 405 1426 Vers.
425 1397 468 1426 96.
494 1398 597 1433 Καιρὺς
610 1395 734 1428 εὐδοκίας
745 1397 760 1423 ὁ
773 1396 848 1428 Θεός.
877 1396 955 1424 Vcrs.
971 1397 1015 1424 27.

1116 1397 1147 1432 ᾧ,
1162 1403 1215 1427 etc.

801 1457 991 1486 ATHANASll
1010 1458 1302 1489 INTERPRETATIO.

275 1517 319 1544 12.
334 1517 368 1545 Et
380 1517 532 1552 deprecatio
555 1523 713 1546 sanctorum
727 1522 849 1553 tuorum,
866 1526 949 1554 quam
974 1527 1024 1555 pro

1112 1520 1154 1548 12.
1173 1521 1228 1547 Καὶ
1245 1520 1298 1548 τῶν
1314 1521 1399 1556 ἁγίων
1413 1521 1489 1555 σουῇ
1506 1521 1598 1556 Genet;
1621 1524 1638 1555 ἡ
1651 1523 1722 1548 ὑπεο
1737 1521 1801 1548 tuo?»
1821 1522 1857 1556 μὴ

241 1571 284 1591 me
300 1563 426 1595 fundunt,
442 1564 550 1592 infirma
568 1572 622 1592 non
639 1565 697 1592 fiat.

276 1609 320 1638 13.
335 1609 469 1643 Quoniam
493 1615 603 1646 propter
617 1618 704 1646 spem,
730 1619 812 1646 quam
829 1610 915 1639 habeo
938 1611 966 1638 in
990 1615 1028 1644 te,

241 1655 362 1690 despicio
376 1656 580 1685 tribulationes.

278 1702 322 1729 11.
339 1702 452 1730 Infamia
469 1704 571 1738 peccati
588 1706 650 1733 mei.

275 1747 320 1774 15.
335 1746 493 1782 Baptizatis.

278 1794 320 1821 16.
337 1794 444 1822 Ablutis
459 1795 486 1821 in
501 1795 621 1822 lavacro.

278 1840 320 1867 17.
340 1840 391 1873 Qui
405 1841 472 1868 mihi
487 1845 528 1868 est
539 1845 634 1868 contra
651 1847 800 1876 peccatum.

276 1886 319 1913 18.
336 1886 566 1915 Ratiocinationes
583 1887 750 1916 daemonum.

278 1931 320 1958 19.
336 1931 370 1958 Et
386 1932 505 1960 abstinui
520 1933 554 1960 ab
574 1932 648 1960 omni
665 1933 747 1959 malo.

274 1977 319 2004 ‘20.
344 1977 459 2012 Propter
486 1986 646 2012 sermones,
667 1979 768 2014 quibus
797 1978 1030 2014 exprobraverunt

243 2023 311 2050 mihi
329 2023 478 2051 dremones.

279 2069 323 2096 21.
338 2068 444 2096 Fletum
462 2068 608 2104 signiﬁcat.

277 2115 324 2143 22.
344 2114 373 2142 ln
393 2115 525 2143 derisum.

277 2161 322 2188 25.
353 2161 505 2189 Contraria:
527 2165 676 2196 potestates
700 2166 796 2189 contra
821 2168 865 2189 me
890 2161 1030 2190 consulta-

243 2207 317 2235 baut.

281 2254 325 2281 ιιι.
341 2253 374 2281 Et
390 2254 417 2281 in
432 2261 476 2281 me
486 2257 652 2288 aspexerunt
665 2253 814 2289 gaudentes
828 2253 855 2280 in
869 2254 958 2282 malis.

280 2341 324 2370 25.
343 2342 400 2377 Ego
415 2346 504 2370 autem
522 2350 571 2370 oro
584 2343 617 2370 ad
634 2347 671 2375 te,
689 2343 812 2370 Domine.

279 2387 326 2415 :26.
342 2387 412 2416 Ecce
427 2392 533 2423 tempus
551 2388 717 2423 acceptabile
733 2388 934 2422 deprecationis
951 2395 1029 2417 mea.

279 2433 325 2460 27.
339 2433 409 2461 Ecce
427 2441 500 2460 nunc
516 2434 574 2461 dies
589 2434 686 2462 salutis
699 2443 766 2463 mea:
780 2440 891 2471 propter
907 2436 1030 2464 multitu-

244 2479 334 2507 dinem
351 2480 545 2508 misericordiat
560 2484 622 2508 tute.

280 2526 324 2553 28.
341 2526 459 2559 Incerta
475 2527 572 2559 salute,
586 2533 647 2562 quae
664 2526 730 2554 mihi
747 2534 762 2554 a
782 2531 808 2554 te
823 2531 875 2555 est.

279 2572 325 2610 29.
338 2571 433 2600 Reduc
446 2580 490 2601 me
503 2581 519 2600 a
534 2577 655 2608 peccato,
671 2581 706 2602 ne
720 2581 904 2609 permaneam.

280 2660 324 2688 50.
343 2661 486 2690 Liberatus
500 2670 560 2690 sum
573 2663 607 2691 ab
622 2663 772 2691 immundis
787 2663 940 2698 spiritibus,
955 2669 982 2692 et
996 2665 1030 2692 ab

246 2715 342 2736 eorum
356 2710 559 2745 cupiditatibus.

1080 1565 1225 1602 ἀνίσχυρος
1238 1566 1360 1602 γένηται.

1114 1611 1157 1639 15.
1175 1611 1235 1638 ’Ὁτι
1249 1611 1293 1638 διὰ
1308 1612 1357 1646 τὴν
1370 1612 1416 1638 ἐπὶ
1431 1612 1461 1639 σὲ
1475 1612 1569 1639 ἐλπίδα
1583 1612 1711 1649 ὑπερορῶ
1726 1612 1834 1647 θλίψεις.

1116 1701 1160 1728 14.
1181 1702 1213 1728 Ἡ
1226 1701 1341 1737 αίσχύνη
1361 1703 1411 1738 τῆς
1430 1702 1566 1738 ἁμαρτίας
1584 1711 1644 1738 μου.

1116 1748 1158 1774 15.
1173 1748 1236 1780 Τοῖς
1249 1749 1278 1776 ἐν
1291 1748 1331 1784 τῷ
1342 1748 1517 1784 βαπτίσματι.

1116 1793 1158 1820 16.
1176 1794 1239 1825 Τοῖς
1256 1795 1284 1821 ὲν
1299 1796 1332 1830 τῇ
1351 1794 1538 1830 κολυμϐήθρᾳ.

1116 1839 1160 1866 17.
1176 1841 1206 1866 Οἱ
1225 1839 1288 1875 [Ὃς
1304 1840 1349 1875 μοὶ
1364 1840 1446 1876 κατὰ]
1464 1841 1514 1875 τῆς
1531 1840 1668 1877 ἁμαρτίας
1682 1841 1794 1877 ὑπάρχοι
1813 1842 1858 1877 (1).

1116 1883 1158 1911 18.
1175 1885 1206 1911 Ol
1223 1883 1347 1920 λογισμοὶ
1362 1885 1416 1912 τῶν
1431 1885 1573 1920 δαιμόνων.

1115 1930 1159 1957 19.
1176 1930 1231 1957 Kal
1246 1930 1365 1966 ἀπέσχον
1379 1931 1416 1966 (2)
1434 1930 1487 1957 ἀπὸ
1502 1931 1602 1962 παντὸς
1617 1931 1713 1959 κακοῦ.

1114 1974 1159 2002 20.
1170 1975 1220 2002 Διὰ
1233 1975 1269 2010 (5)
1281 1975 1336 2003 τῶν
1346 1975 1494 2011 λογισμῶν,
1509 1972 1547 2002 ὧν
1567 1976 1704 2008 ὠνείδιζόν
1724 1985 1758 2012 με
1772 1977 1794 2004 οἱ
1807 1976 1858 2003 δαῖ-

1082 2028 1171 2055 μονες.

1115 2066 1160 2092 21.
1179 2065 1259 2099 Λέγω
1273 2065 1304 2100 δὴ
1321 2065 1428 2096 πένθος.

1115 2111 1160 2138 22.
1176 2111 1224 2143 El;
1237 2112 1425 2145 καταγέλωτα.

1115 2157 1161 2184 25.
1179 2158 1213 2183 Αἱ
1235 2157 1352 2184 ἐναντίαι
1369 2156 1498 2193 δυνάμεις
1514 2159 1574 2191 κατ’
1597 2158 1663 2194 ἐμοῦ
1689 2159 1855 2186 ὲὸουλεύοντο.

1116 2246 1160 2274 24.
1174 2247 1230 2274 Καὶ
1242 2247 1283 2278 εἰς
1296 2247 1346 2282 ἐμὲ
1358 2245 1427 2275 εἶδον
1439 2247 1464 2274 οί
1478 2247 1685 2284 εὐφραινόμενοι
1698 2249 1744 2276 ἐπὶ
1753 2250 1805 2281 τοῖς
1815 2257 1856 2274 κα-

1082 2296 1149 2325 κοῖς.

1115 2340 1160 2366 ‘25.
1179 2340 1250 2374 Ἐγὼ
1264 2340 1293 2367 δὲ
1305 2340 1401 2376 δέομαι
1412 2340 1526 2377 πρὸς-’σὲ
1536 2360 1543 2374 ,
1558 2341 1656 2377 Κύριε.

1115 2385 1160 2412 26.
1172 2386 1239 2412 Ἰδοὺ
1249 2386 1286 2422 (1)
1295 2386 1389 2421 καιρὸς
1399 2386 1595 2422 εὐπρόσδεκτος
1603 2388 1652 2422 τῆς
1660 2386 1776 2422 δεήσεὼς
1785 2394 1836 2422 μον.

1118 2433 1163 2460 27.
1183 2432 1249 2460 Ἰδοὺ
1265 2433 1312 2460 νῦν
1325 2433 1417 2469 ἡμέρα
1432 2434 1567 2470 σωτηρίας
1582 2443 1632 2470 μου
1648 2434 1692 2461 διὰ
1715 2434 1745 2460 τὸ
1766 2433 1853 2466 πλῆθος

1083 2478 1128 2506 τοῦ
1143 2478 1235 2510 ἐλέους
1249 2487 1306 2507 σου.

1119 2525 1162 2552 28.
1176 2525 1222 2552 Ἐν
1233 2527 1266 2561 τῇ
1280 2526 1395 2553 ἀπλανεῖ
1407 2526 1529 2562 σωτηρίᾳ
1543 2535 1592 2561 μου
1607 2527 1640 2562 τῇ
1658 2526 1732 2562 παρὰ
1747 2525 1786 2552 σοί
1798 2524 1837 2557 (5).

1118 2571 1162 2598 29.
1175 2571 1242 2597 Ἀπὸ
1255 2571 1305 2607 τῆς
1315 2572 1452 2608 ἁμαρτίας
1469 2571 1590 2606 ἀνάγαγέ
1603 2580 1638 2606 με
1648 2591 1656 2604 ,
1679 2572 1723 2598 ἵνα
1743 2570 1777 2606 μὴ
1795 2571 1850 2596 ἀπο-

1086 2618 1179 2653 μείνω.

1119 2664 1162 2691 50.
1178 2665 1319 2701 Ῥυσθείην
1328 2666 1360 2692 ὲκ
1370 2665 1424 2693 τῶν
1433 2665 1594 2698 ἀκαθάρτων
1605 2664 1764 2700 πνευμάτων
1773 2662 1811 2690 καὶ
1823 2661 1848 2687 ὲκ

1083 2709 1136 2736 τῶν
1150 2710 1302 2746 ἐπιθυμιῶν
1319 2711 1418 2739 αὐτῶν.
1429 2744 1434 2749 λ

722 2765 876 2797 Addenda
890 2768 921 2796 et
945 2764 1132 2803 corrigenda
1151 2774 1193 2796 ex
1204 2765 1274 2796 cod.
1289 2766 1391 2799 Vatic.

285 2828 323 2861 (Ι)
340 2828 502 2864 νὝπουργοί.

284 2863 322 2893 (9)
339 2863 509 2899 Ἀπεσχόμτπν

285 2899 324 2936 (δ)
340 2899 393 2924 Καὶ
408 2899 461 2926 διά.

1120 2831 1158 2902 ἕλιξ
1176 2832 1240 2859 Ἰδοὺ
1256 2831 1314 2859 νῦν.

1131 2867 1147 2894 5
1173 2867 1233 2894 Σοῦ.

1131 2867 1158 2894 5)
1173 2867 1233 2894 Σοῦ.
