1916 3052
223 173 276 200 927

259 231 304 260 48.
320 232 352 259 Et
367 233 394 261 in
408 234 628 268 retributionem,
645 239 672 262 ct
683 235 710 262 in
727 236 900 264 scandalum.

259 278 304 306 49.
321 279 509 308 Obscurentur
522 281 595 308 oculi
609 289 716 316 eorum,
728 290 763 310 ne
777 283 908 310 videant:

261 365 306 394 50.
324 365 358 393 Et
372 367 485 395 dorsum
503 375 599 396 e0rum
614 377 723 405 semper
738 370 863 399 incurva.

261 412 305 440 51.
321 412 434 440 Eﬂ‘unde
447 422 530 449 super
546 422 596 443 eos
608 415 676 443 iram
689 421 763 443 tnam
777 423 785 444 :

261 459 305 485 52.
323 457 356 485 Et
372 459 449 487 furor
465 460 511 488 irae
525 465 578 489 ture
591 463 805 497 comprehendat
817 470 876 491 eos.

261 503 304 530 53.
318 503 379 531 Fiat
394 505 528 533 habitatio
541 515 636 535 eorum
649 509 756 536 deserta
770 518 777 536 :

263 550 307 578 5t.
323 550 356 578 Et
377 551 404 579 in
428 553 613 582 tabernaculis
629 562 726 582 eorum
741 562 794 582 non
809 555 856 588 sit,
872 555 919 590 qui
935 554 1015 583 inha-

225 596 304 624 bitet.

259 642 304 669 55.
316 641 452 675 Quoniam
463 651 544 678 quem
556 648 585 671 tu
599 644 771 679 percussisti,
781 645 918 680 persecuti
930 651 995 674 sunt
1006 655 1017 674 ι

261 687 306 715 56.
331 688 363 715 Et
385 696 467 724 super
480 690 602 717 dolorem
627 690 770 718 vulnerum
792 698 916 719 meoruut
933 691 1012 719 addi-

227 733 335 761 derunt.

263 780 305 808 57.
317 780 430 815 Appone
441 781 612 816 iniquitatem
624 789 705 817 super
714 782 886 818 iniquitatem
898 791 994 811 eorum
1008 792 1014 810 :

264 827 309 855 58.
326 826 358 854 Et
374 834 428 854 non
443 826 545 854 intrent
559 827 586 854 in
597 828 731 862 justitiam
746 833 832 856 tuam.

264 873 308 900 59.
324 872 469 900 Delea'ntur
483 874 518 899 de
529 873 600 900 libro
614 873 764 901 viventium
777 883 784 901 :

264 918 309 944 60.
325 917 429 945 Etcum
443 917 525 953 jnstis
539 926 593 945 non
608 919 773 946 scribantur.

263 962 306 990 61.
323 961 429 997 Pauper
444 967 471 990 et
485 962 582 990 dolens
598 971 658 991 sum
674 971 743 998 ego:

263 1009 308 1036 62.
325 1009 406 1037 Salus
421 1013 479 1042 tua,
495 1009 578 1043 Deus,
595 1011 715 1046 suscepit
732 1019 785 1039 me.

261 1055 305 1083 65.
324 1055 456 1083 Laudabo
473 1064 571 1084 nomen
585 1056 631 1084 Dei
649 1057 707 1093 [Dei
723 1057 788 1093 mei]
813 1065 875 1087 cum
889 1059 1016 1088 cantico:

262 1101 305 1129 64.
320 1102 500 1138 Magniticabo
514 1111 577 1131 eum
589 1103 616 1131 in
632 1104 721 1132 laude.

263 1147 308 1175 65.
324 1147 357 1175 Et
367 1149 484 1183 placebit
496 1149 552 1177 Deo
567 1158 651 1186 super
663 1150 778 1178 vitulum
792 1150 941 1184 novellum,
956 1157 1018 1179 cor-

228 1202 282 1221 nua
297 1195 494 1230 producentem
510 1201 536 1223 et
551 1197 677 1232 ungulas.

260 1239 304 1267 66.
321 1239 436 1268 Videant
448 1249 581 1276 pauperes
592 1247 619 1270 et
634 1242 767 1270 laetentur.

271 1295 295 1327 η)
308 1296 482 1323 Ἀντελάὁετο
499 1304 552 1324 ms.
568 1302 596 1324 et
610 1298 671 1326 cod.
691 1297 749 1326 Pal.

258 1295 297 1366 (b)
319 1331 349 1358 v.
367 1331 410 1358 66.
425 1332 548 1366 Κέρατα,
564 1337 616 1360 etc.
633 1332 665 1360 v.
683 1333 746 1364 67.}

647 174 676 203 S.
700 173 882 202 ATHANASII
902 174 979 203 OPP.
1000 173 1091 201 PARS
1110 172 1153 200 lll.
1172 188 1207 194 —
1224 170 1430 199 EXEGETICA.

1028 237 1052 266 Α
1101 234 1136 265 48
1163 234 1218 260 Kal
1234 234 1274 265 εἰς
1294 231 1483 261 ἀνταπόδοσιν,
1499 229 1546 256 καὶ
1560 229 1600 261 εἰς
1613 227 1774 255 σκάνδαλον.

1803 167 1854 196 9εῆ

1103 278 1146 306 49.
1159 278 1381 313 Σκοτισθήτωσαν
1397 277 1422 302 οἱ
1438 274 1572 310 ὀφθαλμοὶ
1588 274 1678 301 αὐτῶν
1690 272 1738 300 τοῦ
1751 272 1788 308 μὴ
1800 271 1855 307 3M-

1067 333 1128 351 πειν
1139 333 1145 340 ⁸

1102 370 1147 398 50.
1162 369 1217 396 Kal
1242 369 1287 396 τὸν
1317 367 1401 395 νῶτον
1420 366 1509 394 αὐτῶν
1523 365 1667 397 διαπαντὸς
1686 364 1853 399 σῦγκαμψον.

1101 417 1145 444 51.
1163 417 1277 451 Ἔκχεον
1289 416 1331 442 ἐπ’
1346 415 1444 446 αὐτοὺς
1460 414 1509 449 τὴν
1526 414 1611 448 ὀργήν
1628 421 1674 439 σου
1684 421 1691 427 ·

1108 462 1152 490 52.
1171 463 1226 489 Kal
1239 463 1253 488 ὁ
1265 461 1351 497 θυμὸς
1364 459 1413 495 τῆς
1425 459 1510 495 ὀργῆς
1526 467 1571 485 σοι)
1589 457 1738 485 καταλάϐοι
1750 457 1853 488 αὐτούς.

1101 508 1147 536 5'5.
1164 507 1309 543 Γενηθήτω
1326 507 1342 543 ἡ
1364 506 1475 537 ἔπαυλις
1491 505 1580 532 αὐτῶν
1598 503 1771 539 ἠρημωμένη

1100 555 1145 582 54.
1163 555 1218 582 Kal
1237 555 1332 586 ἐντοῖς
1350 552 1526 589 σκηνώμασιν
1543 551 1632 578 αὐτῶν
1646 550 1684 586 μὴ
1702 550 1798 576 ἔστωό
1810 558 1854 575 xa-

1066 601 1167 628 τοικῶν
1172 621 1178 627 .

1103 647 1149 675 55.
1163 648 1223 674 ’Ότι
1240 647 1270 674 ὂν
1287 647 1320 673 σὺ
1335 645 1484 677 ὲπάταξας,
1501 643 1578 671 αὐτοὶ
1591 642 1758 676 κατεδίωξαν
1769 663 1775 668 .

1104 693 1150 722 56.
1168 693 1224 720 Kal
1243 692 1289 719 ἐπὶ
1305 691 1337 719 τὺ
1354 691 1437 725 ἄλγος
1451 690 1506 717 τῶν
1519 688 1685 725 τραυμάτων
1700 696 1753 724 μου
1777 696 1855 723 atpos-

1066 739 1176 775 έθηκαν.

1103 784 1148 811 57.
1171 783 1295 819 Πρόσθες
1309 782 1427 817 ἀνομίαν
1443 781 1489 808 ἐπὶ
1503 782 1534 816 τῇ
1552 779 1650 814 ἀνομίᾳ
1671 778 1778 805 αὐτῶν·

1101 829 1146 857 58.
1166 829 1221 855 Kal
1237 828 1274 865 μὴ
1290 827 1486 855 εἰσελθέτωσαν
1500 828 1528 853 ὲν
1545 824 1704 860 δικαιοσύνῃ
1721 833 1779 851 σου.

1105 876 1148 904 59.
1160 875 1417 910 Ἑξαλειφῦήτωσαν
1432 874 1464 900 ὲκ
1477 873 1567 908 βίϐλου
1584 871 1708 904 ζώντων·

1105 921 1149 949 60.
1169 922 1225 949 Kal
1240 921 1309 956 μετὰ
1320 920 1433 947 δικαίων
1448 920 1484 956 μὴ
1496 919 1690 955 γραφήτωσαν.

1103 968 1146 996 6|.
1168 968 1279 1004 Πτωχὸς
1292 968 1338 994 καὶ
1354 966 1444 1001 ἀλγῶν
1461 967 1517 1001 εἰμι
1534 965 1601 1000 ἑγώ”

1102 1014 1146 1041 62.
1161 1015 1192 1041 Ἦ
1207 1013 1329 1050 σωτηρία
1343 1022 1388 1039 σου
1405 1013 1418 1039 ὁ
1433 1012 1499 1044 Θεὸς
1512 1011 1680 1039 ἀντιλάϐοιτό
1693 1010 1732 1045 (a)
1753 1018 1813 1045 μου.

1104 1060 1149 1088 65.
1170 1059 1275 1086 Αξνέσω
1283 1059 1313 1085 τὸ
1321 1059 1407 1093 ὄνομα
1414 1057 1461 1084 τοῦ
1469 1057 1535 1084 Θεοῦ
1545 1056 1623 1092 [Θεοῦ
1635 1055 1698 1091 μου]
1709 1056 1768 1091 μετ’

1107 1106 1151 1134 64.
1172 1105 1322 1139 Μεγαλυνῶ
1335 1105 1415 1131 αὑτὸν
1429 1105 1457 1130 ὲν
1473 1103 1585 1130 αἰνέσει.

1104 1153 1148 1180 65.
1169 1153 1223 1179 Kal
1236 1151 1331 1188 ἀρέσει
1347 1150 1386 1185 τῷ
1400 1150 1458 1186 Θεῷ
1471 1149 1541 1184 ὑπὲρ
1558 1149 1656 1184 μόσχον
1668 1148 1739 1179 νέον,
1757 1146 1851 1182 κέρατα

1069 1199 1221 1235 ἐκφέροντα
1235 1199 1282 1226 καὶ
1295 1197 1391 1230 ὁπλάς.

1103 1245 1148 1273 66.
1170 1244 1363 1281 (1))Ὶδέτωσαν
1378 1242 1492 1278 πτωχοὶ,
1509 1242 1556 1269 καὶ
1573 1240 1811 1276 εὖφρανθήτωσαν.

272 1330 297 1366 b)
319 1331 349 1358 V.
367 1331 410 1358 66.
425 1332 548 1368 Κέρατα,
564 1337 616 1360 etc.
633 1332 665 1360 V.
683 1333 890 1367 67.,Ὶδέτωσαν,
907 1337 960 1362 etc.
975 1333 1009 1362 ν.
1029 1334 1041 1362 6

1096 1334 1283 1372 Εκζητήσατε,
1298 1339 1363 1367 etc.,
1378 1341 1440 1369 usq.
1460 1333 1547 1369 ὑμῶν.

787 1411 978 1440 ATHANASII
999 1409 1294 1439 INTERPRETATIO.

260 1466 305 1493 48.
323 1466 355 1493 Ει
371 1467 398 1494 in
411 1467 538 1502 praesenti
557 1469 658 1496 sazculo
682 1470 920 1505 (retributionem)
937 1470 1011 1498 acci-
1024 1471 1041 1501 C

1097 1468 1142 1496 48.
1157 1468 1213 1495 Kal
1236 1468 1266 1495 ὲν
1282 1468 1322 1503 τῷ
1349 1466 1397 1494 νῦν
1413 1467 1492 1494 αἰῶνι
1513 1466 1690 1499 ἀπολάϐωσι,
1709 1468 1755 1494 καὶ
1773 1468 1801 1494 ὲν
1816 1467 1855 1503 τῷ

225 1511 310 1546 piant,
321 1512 380 1540 etin
391 1512 484 1542 futuro
491 1514 718 1550 condemnenturl
725 1517 791 1552 quia
800 1516 931 1544 seandalo
939 1521 1013 1547 sunt.

261 1556 305 1583 ιθ.
319 1556 398 1585 Oculi
413 1559 513 1587 mentis
528 1567 636 1587 eorum.

259 1598 305 1626 50.
322 1599 354 1626 Et
369 1608 424 1628 non
448 1601 611 1637 resipiscam
625 1611 640 1632 a
655 1604 774 1639 peccatis
791 1612 900 1638 eorum,
915 1604 964 1634 sed
986 1604 1017 1634 in

225 1643 292 1679 ipsis
306 1646 471 1674 moriantur.

257 1691 303 1720 51.
320 1691 384 1728 Igne
401 1694 524 1722 comburi
539 1695 583 1724 lac
597 1703 645 1724 eos
661 1705 677 1724 e
687 1697 767 1725 coelo.

260 1779 305 1807 52.
323 1779 355 1807 Ει
372 1788 454 1808 nemo
469 1788 563 1809 eorum
576 1783 706 1811 salvetur.

259 1825 305 1853 55.
323 1825 439 1854 Mentem
457 1835 552 1855 eorum
571 1829 717 1864 signiﬁcat.

260 1871 305 1898 54.
321 1871 386 1900 Sine
403 1873 507 1901 auxilio
519 1875 585 1902 sint.

260 1916 307 1944 55.
321 1916 470 1951 Quoniam,
483 1928 564 1955 quem
580 1924 609 1949 tu
635 1921 734 1949 misisti
751 1922 778 1949 in
802 1921 945 1955 mundum,
960 1922 1013 1958 ipsi

224 1962 392 1991 occiderunt.

258 2007 302 2036 56.
318 2007 425 2037 Lancea
441 2010 644 2040 transﬁxerunt.

260 2052 305 2080 57.
321 2052 559 2086 Quemadmodum
577 2057 629 2092 ipsi
643 2059 763 2086 contenti
779 2067 835 2087 non
848 2058 957 2086 fuerunt
970 2065 1012 2085 me

223 2099 404 2170 lcrucillxisse,
427 2103 475 2130 sed
501 2103 585 2131 aliam
613 2105 696 2133 etiam
719 2105 826 2142 plagam
852 2105 918 2133 mihi
941 2105 1013 2133 intu-

234 2149 324 2170 erunt.

234 2149 324 2173 erunt.

258 2191 305 2220 58.
319 2193 350 2220 ln
362 2200 476 2228 regnum
492 2198 579 2221 tuum.

259 2238 304 2265 59.
318 2237 339 2265 Ε
350 2240 438 2267 caelis.

261 2283 304 2311 60.
321 2285 351 2312 ln
367 2286 455 2313 cmlis.

259 2330 302 2357 6|.
330 2329 494 2359 Mendicavit
517 2332 545 2360 in
571 2334 729 2361 servitutem
755 2333 894 2362 redactum
925 2342 1010 2370 genus

223 2379 358 2403 nostrum.

258 2419 302 2446 62.
321 2420 355 2447 Et
371 2422 510 2457 sepultura
532 2428 559 2451 et
582 2425 748 2452 resurrectio
767 2430 825 2458 tua,
845 2425 927 2460 Deus,
948 2435 1010 2456 sus-

222 2466 294 2500 cepit
309 2474 362 2494 me.

257 2511 301 2538 65.
320 2510 435 2546 Hymnis
453 2511 597 2541 celebrabo
613 2521 676 2541 cum
693 2514 720 2541 in
733 2515 925 2545 exsultatione.

257 2556 302 2584 64.
319 2557 484 2586 Glorilicabo
496 2566 558 2586 eum
574 2560 601 2587 in
617 2560 706 2588 laude.

257 2602 301 2630 65.
322 2603 410 2638 Super
424 2605 555 2640 populum
572 2604 729 2634 Judazorum
755 2609 905 2644 petulcum,
920 2615 948 2638 et
969 2610 1008 2637 la-

221 2650 380 2679 scivientem
395 2651 423 2678 in
438 2652 567 2686 peccatis.

255 2697 299 2725 66.
318 2697 455 2734 Pauperes
470 2700 562 2733 corde,

1068 1515 1191 1551 μέλλοντι
1204 1513 1418 1550 κατακριθῶσιν,
1436 1513 1474 1545 ὡς
1489 1512 1635 1540 σκάνδαλον
1652 1512 1738 1545 ὅντες.

1101 1560 1146 1588 49.
1158 1561 1190 1587 Οἱ
1203 1560 1337 1596 ὀφθαλμοὶ
1351 1560 1400 1596 τῆς
1417 1559 1536 1592 διανοίας
1552 1559 1652 1586 αὐτῶν.

1101 1607 1146 1636 50.
1162 1608 1218 1634 Kal
1232 1608 1270 1643 μὴ
1288 1607 1472 1634 ἀνανεύσωσιν
1484 1606 1537 1634 ἀπὸ
1548 1606 1597 1642 τῆς
1609 1606 1746 1642 ἁμαρτίας
1756 1606 1855 1638 αὐτῶν,

1065 1653 1122 1681 ἀλλ’
1138 1654 1168 1680 ὲν
1182 1653 1251 1689 αὐτῇ
1266 1653 1475 1681 ἀποθανοῦνται.

1101 1699 1146 1727 51.
1156 1699 1360 1735 Πυρικαύστους
1375 1699 1474 1730 αὐτοὺς
1485 1698 1523 1735 (l)
1535 1698 1648 1733 ποίησον
1665 1699 1697 1725 ὲκ
1713 1697 1760 1725 τοῦ
1774 1698 1854 1733 οὐρα-

1068 1756 1147 1820 κέἓ.
1166 1792 1221 1819 Kal
1241 1792 1336 1828 μηδεὶς
1351 1791 1441 1819 αὐτῶν
1454 1791 1581 1826 διασωθῇ.

1100 1838 1144 1866 55.
1161 1838 1216 1874 Τὴν
1227 1838 1347 1865 διάνοιαν
1358 1837 1397 1873 (2)
1410 1837 1500 1864 αὐτῶν
1516 1837 1599 1871 λέγει.

1101 1884 1145 1912 54.
1161 1883 1320 1920 Ἀϐοήθητοι
1336 1880 1415 1910 ὦσιν.

1101 1930 1146 1958 55.
1162 1931 1224 1957 Ὅτι
1245 1930 1275 1956 ὃν
1292 1929 1324 1957 σὺ
1338 1929 1500 1961 ἀπέστειλας
1515 1929 1554 1961 εἰς
1578 1928 1623 1956 τὸν
1645 1929 1746 1956 κόσμον
1758 1948 1766 1955 .
1779 1928 1852 1955 αὐτοὶ

1066 1978 1213 2012 ἐφόνευσαν
1218 1997 1224 2004 .

1100 2024 1143 2051 56.
1160 2023 1251 2059 Λόγχῃ
1268 2022 1306 2059 (5)
1324 2022 1511 2058 ἐξεκέντησαν.

1099 2070 1143 2096 57.
1158 2070 1264 2105 ’Ὠσπερ
1278 2069 1356 2096 αὐτοὶ
1376 2069 1427 2096 οὐκ
1449 2068 1623 2105 ἠρκέσθησαν
1649 2067 1850 2104 σταυρῶσαντές

1029 2142 1050 2170 D
1067 2125 1111 2152 με,
1128 2116 1196 2143 ἀλλὰ
1212 2116 1259 2143 καὶ
1275 2116 1372 2152 ἑτέραν
1384 2114 1490 2152 πληγὴν
1505 2115 1644 2151 ὲπήγαγόν
1655 2124 1710 2150 μοι.

1101 2204 1145 2232 58.
1156 2204 1202 2232 Ἐν
1214 2205 1246 2240 τῇ
1261 2204 1383 2240 βασιλείᾳ
1397 2213 1454 2232 σου.

1101 2251 1146 2279 59.
1159 2251 1208 2278 Ἐκ
1220 2251 1274 2278 τῶν
1288 2251 1420 2287 οὐρανῶν.

1101 2297 1145 2325 60.
1159 2297 1205 2324 Ἐν
1220 2299 1277 2329 τοῖς
1290 2297 1423 2333 οὐρανοῖς.

1099 2343 1143 2370 61.
1156 2343 1329 2378 Ἐπτώχευσε
1343 2342 1474 2370 δουλωθὲν
1491 2343 1522 2369 τὺ
1537 2343 1615 2377 γένος
1627 2343 1715 2379 ἡμῶν.

1097 2430 1142 2459 62.
1163 2431 1217 2457 Kal
1233 2430 1334 2466 ἡταφὴ
1351 2430 1398 2457 καὶ
1412 2431 1428 2466 ἡ
1444 2430 1591 2462 ἀνάστασίς
1606 2438 1664 2461 σου,
1679 2430 1693 2456 6
1712 2429 1784 2461 Θεὸς,
1797 2429 1844 2455 ἀν-

1060 2476 1188 2504 τελάϐετό
1205 2485 1267 2512 μου.

1097 2523 1142 2550 65.
1156 2523 1318 2559 Ἀνυμνήσω
1332 2522 1412 2550 αὑτὸν
1428 2524 1456 2549 ἐν
1469 2522 1637 2558 ἀγαλλιάσει.

1098 2568 1143 2596 64.
1164 2569 1272 2601 Δοξάσω
1287 2569 1367 2596 αὑτὸν
1382 2570 1410 2596 ὲν
1425 2569 1536 2597 αἰνέσει.

1097 2614 1143 2642 65.
1162 2615 1246 2652 ’Υπὲρ
1259 2615 1304 2642 τὸν
1317 2616 1381 2643 λαὸν
1393 2616 1447 2642 τῶν
1464 2615 1598 2643 Ἰουδαίων
1609 2615 1674 2648 τοὺς
1689 2615 1726 2651 (4)
1741 2612 1840 2649 κερατὶ-

1061 2660 1166 2694 ζοντας,
1185 2663 1232 2690 καὶ
1246 2663 1413 2699 σκιρτῶντας
1429 2665 1458 2690 ὲν
1472 2664 1532 2695 ταῖς
1543 2663 1700 2700 ἁμαρτίαις.

1094 2708 1139 2736 66.
1160 2709 1191 2736 Οἱ
1208 2711 1240 2746 τῇ
1256 2710 1354 2746 καρδίᾳ
1368 2712 1482 2746 πτωχοὶ.

697 2759 850 2791 Addenda
865 2763 894 2791 et
906 2761 1095 2802 corrigenda
1112 2774 1150 2796 ex
1166 2767 1237 2797 cod.
1249 2767 1352 2798 Vatic.

258 2806 296 2838 (1)
315 2806 418 2838 Αὐτοὺς
433 2807 520 2836 deest.

257 2842 296 2877 (2)
316 2843 348 2868 Ἡ
366 2842 480 2870 διάνοια.

258 2877 297 2914 (3)
310 2877 348 2912 Τῇ
364 2877 448 2913 λόγχῃ
461 2879 637 2916 ὶξεκέντησάν
654 2888 698 2916 με.

1102 2816 1138 2851 (4)
1158 2817 1193 2854 Ν.
1289 2818 1358 2850 Τοὺς
1382 2827 1452 2854 κερ.,
1473 2817 1534 2846 etc.'
1548 2818 1582 2846 N.
1599 2818 1643 2852 67,
1660 2819 1691 2844 Οἱ
1712 2818 1754 2852 τῇ.
1775 2820 1834 2846 διε-ι

1061 2858 1147 2887 usque
1163 2853 1194 2880 ad
1210 2853 1284 2888 ἔθνη.
