1916 3052
50 94 105 122 955

90 151 113 180 7.
132 150 163 179 '0
176 151 242 184 Θεός
257 161 318 188 μου,
335 151 414 188 ῥῦσαί
430 161 463 188 με
474 152 506 180 ὲκ
520 154 611 189 χειρὸς
625 153 798 189 ἁμαρ-πωλοῦ-

84 197 114 228 ,8.
131 198 179 224 Ἐκ
193 198 282 233 lupo;
293 198 513 233 παρανομοῦντος
527 199 574 226 καὶ
588 199 754 231 ἀδικοῦντος.

87 243 113 271 9.
125 244 187 270 Ὅτι
199 244 230 270 σὺ
245 243 298 280 εἶὴ
318 245 440 280 ὑπομονή
458 253 519 280 μου,
538 245 634 280 Κύριε·

89 290 130 317 10.
147 290 243 325 Κύριε,
287 290 427 328 ἐλπίςμου
444 292 476 317 ἐκ
492 291 615 327 νεότητός
628 300 688 326 μου.

87 335 131 363 11.
154 336 215 362 Ἐπὶ
233 336 263 363 δὲ
283 337 482 372 ἐπεστηρίχθην
497 337 550 363 ἀπὸ
563 339 690 373 γαστρός·

87 381 130 408 12.
155 382 203 408 Ἐκ
218 382 321 414 κοιλίας
333 383 435 418 μητρός
449 392 500 418 μου
516 383 547 410 σύ
565 392 616 418 μου
632 382 657 410 εἷ
673 385 840 418 animo”)?

87 471 130 499 15.
151 472 195 498 Ἐν
211 473 251 498 σοὶ
267 472 412 508 ήῦμνησίς
429 482 479 508 μου
493 474 651 506 διαπαντός.

86 517 131 544 1-1.
153 518 226 544 Ὠσεὶ
241 518 321 554 τέρας
337 520 468 555 ἐγενήθην
481 521 538 550 τοῖς
555 520 672 553 πολλοῖςο

86 562 130 589 15.
148 563 203 589 Καὶ
219 564 250 590 σὺ
268 563 363 598 βοηθός
379 573 428 599 μου
444 565 582 600 κραταιός.

84 607 128 636 16.
142 609 316 645 Πληρωθήτω
333 610 363 636 τὸ
382 611 467 646 στόμα
485 620 534 646 μου
549 611 688 644 αἰνέσεως,

83 655 128 681 17.
148 655 242 687 Ὅπως
257 656 368 691 ὑμνήσω
385 656 434 692 τὴν
450 657 526 689 δόξαν
539 665 595 683 σου·

86 700 130 727 18.
147 700 230 736 Ὅλην
243 701 291 737 τὴν
304 702 410 737 ἡμέραν
428 702 476 738 τὴν
491 703 727 739 μεγαλοπρέπειαν
748 713 804 732 σου.

87 746 131 774 19.
147 747 193 782 Μὴ
209 747 363 783 ἁπορῥὶψῃς
379 757 412 784 με
425 749 464 780 εῐς
476 749 570 785 καιρὸν
580 750 682 786 γήρως·

85 791 130 819 20.
153 793 197 819 Ἐν
210 792 248 827 τῷ
265 793 399 821 ἐκλείπειν
412 795 462 830 τὴν
481 796 558 831 ἰσχύν
576 805 639 831 μου,
668 806 706 834 μη
723 806 841 832 ἐγκατα-

50 839 131 873 λίπης
153 847 197 874 με-

82 886 130 913 21.
147 886 209 912 Ὅτι
225 884 300 913 εἷπον
311 888 335 913 οἱ
347 887 437 923 ἐχθροί
461 897 511 922 μου
522 889 591 924 ἐμοι·

81 931 128 958 22.
144 931 198 958 Καὶ
211 932 235 958 οἱ
248 922 429 966 φυλάσσοντέες
439 933 488 969 τὴν
504 922 592 969 ψυάήν
606 922 668 969 μου,

83 976 128 1003 23.
151 976 362 1004 Ἑϐουλεύσαντο
377 977 425 1003 ἐπὶ
440 977 470 1003 τὸ
484 978 558 1010 αὐτὸ,

84 1023 130 1050 2.1.
147 1024 288 1057 Λὲγοντες·
312 1024 340 1050 '0
348 1024 414 1055 Θεὸς
428 1024 606 1058 ἐγκατέλιπεν
619 1024 710 1053 αὐτον·

86 1068 131 1095 25.
144 1069 348 1103 Καταδιώξατε,
361 1071 409 1096 καὶ
426 1071 592 1098 καταλάϐετε
609 1072 700 1099 αὐτόν·

85 1114 128 1141 26.
144 1115 205 1141 Ὅτι
216 1116 266 1142 οὐκ
277 1115 348 1143 ἔστιν
357 1118 372 1142 ὁ
387 1117 526 1152 ῥυόμενος.

86 1160 130 1188 27.
154 1161 183 1188 '0
199 1161 265 1193 Θεός
282 1171 342 1198 μου,
358 1162 395 1199 μὴ
409 1163 551 1200 μακρύνῃς
564 1164 610 1190 ἀπ’
624 1164 700 1199 ἐμοῦ.

513 94 558 122 DE
578 94 715 123 TITULIS
733 94 956 123 PSALMORUM.
976 109 1008 114 -
1027 93 1126 121 PSAL.
1147 92 1229 121 LXX.
1626 95 1673 124 ειῑι

847 157 872 183 Α
920 152 946 178 7.
964 151 1035 179 Deus
1050 159 1138 185 meus,
1152 151 1226 186 eripe
1243 158 1287 178 me
1299 151 1332 179 de
1346 159 1427 179 manu
1444 153 1594 186 peccatoris
1607 163 1614 180 :

926 199 951 225 8.
970 198 1007 225 De
1020 206 1101 225 manu
1115 202 1209 225 contra
1224 198 1311 232 legem
1327 198 1431 233 agentis
1443 203 1469 225 et
1485 199 1580 234 iniqui.

927 244 952 272 9.
968 243 1103 277 Quoniam
1117 248 1145 270 tu
1160 251 1190 270 es
1210 243 1338 278 patientia
1359 251 1429 275 mea,
1443 243 1572 271 Domine:

928 290 972 317 10.
990 289 1114 323 Domine,
1128 297 1190 323 spes
1205 297 1264 316 utea
1279 297 1293 316 a
1303 289 1448 323 iuventute
1461 297 1530 317 mea.

928 335 972 361 11.
990 333 1019 361 ιιι
1032 338 1058 361 te
1071 335 1249 361 conﬁrmatus
1264 342 1324 361 sum
1341 341 1375 361 ex
1389 339 1466 361 utero
1480 344 1487 361 :

928 381 972 408 12.
995 380 1031 408 De
1055 385 1149 407 ventre
1167 380 1261 408 matris
1285 387 1352 408 mea;
1375 385 1404 408 tu
1425 388 1503 408 meus
1532 389 1562 408 es
1587 386 1673 416 prote-

892 432 960 455 (ξιον.

929 475 972 501 15.
991 475 1019 501 In
1031 479 1058 501 te
1073 474 1192 502 cantatio
1207 482 1267 501 mea
1283 481 1402 508 semper.

928 520 972 547 14.
990 519 1129 555 Tanquam
1141 521 1300 555 prodigium
1317 520 1404 549 iactus
1417 527 1478 548 sum
1494 520 1587 548 multis
1602 529 1606 547 :

927 566 970 593 15.
988 566 1022 593 Et
1037 571 1063 594 tu
1079 567 1188 601 adjutor
1200 567 1291 594 furtis.

929 612 972 639 16.
993 613 1139 647 Repleatnr
1156 621 1186 640 os
1202 621 1291 641 meum
1306 613 1396 646 laude,

928 658 972 685 17.
990 658 1026 686 Ut
1041 664 1149 687 cantem
1167 660 1281 695 gloriam
1300 665 1394 687 tuam:

929 706 972 733 18.
992 705 1059 733 Tota
1077 706 1120 734 die
1137 707 1352 741 magnitudinem
1369 711 1454 733 tuam.

928 753 972 781 19.
988 753 1027 780 Ne
1042 754 1171 788 projicias
1187 761 1230 781 me
1242 754 1269 780 in
1285 758 1406 788 tempore
1420 753 1567 780 senectutis
1581 763 1587 780 :

929 799 973 826 20.
990 799 1058 826 Cum
1085 800 1214 828 defecerit
1236 801 1323 828 virtus
1345 808 1418 833 mea,
1444 808 1478 827 ne
1503 800 1675 836 derelinquat

894 852 947 871 me.

927 890 971 916 2|.
989 889 1058 922 Quia
1077 890 1205 918 dixerunt
1218 890 1321 918 inimici
1334 891 1385 918 mei
1400 891 1483 918 mihi:

928 936 972 963 22.
989 935 1023 962 Et
1033 936 1080 970 qui
1095 937 1287 964 custodiebant
1303 937 1421 964 animam
1439 945 1536 971 meam,

927 981 972 1010 23.
989 982 1139 1010 Consilium
1155 983 1279 1010 fecerunt
1292 983 1320 1010 in
1337 992 1434 1017 unum,

924 1027 969 1055 24.
984 1027 1109 1055 Dicentes
1123 1037 1129 1055 :
1145 1028 1217 1056 Deus
1227 1029 1372 1064 dereliquit
1388 1037 1448 1057 eum

928 1073 973 1100 25.
989 1073 1200 1110 Persequimini,
1213 1080 1240 1103 et
1251 1076 1470 1111 comprehendite
1483 1084 1545 1104 eum

925 1119 970 1146 2B.
987 1120 1055 1152 Quia
1072 1128 1124 1147 non
1138 1125 1180 1147 est
1197 1121 1243 1155 qui
1257 1121 1364 1156 eripiat.

928 1165 973 1191 27.
993 1165 1062 1192 Deus
1077 1173 1164 1199 meus,
1181 1174 1215 1193 ne
1229 1166 1364 1201 elonger'rs
1377 1174 1392 1194 a
1406 1174 1465 1194 me:

929 1209 974 1236 28.
991 1209 1062 1238 Deus
1077 1218 1165 1245 meus,
1178 1211 1205 1238 in
1219 1211 1352 1239 auxilium
1362 1206 1458 1239 'meum
1475 1213 1586 1247 respice.

89 1206 133 1236 98.
158 1207 187 1235 '0
197 1208 264 1240 Θεός
281 1217 343 1244 μου,
357 1210 398 1241 εἰς
410 1209 458 1245 τὴν
473 1209 599 1245 βοήθειάν
629 1219 679 1245 μου
695 1212 823 1246 πρόσχες.

613 1310 802 1340 ATHANASII
821 1311 1114 1341 INTERPRETATIO.

89 1395 114 1422 7.
130 1395 184 1422 Τοῦ
202 1395 324 1422 διαϐόλου
338 1395 377 1432 (1)
391 1395 475 1425 λέγει.

87 1441 114 1469 8.
130 1442 184 1468 Τοῦ
197 1441 289 1470 αὐτοῦ.

89 1486 114 1515 9.
129 1487 191 1514 ’Ότι
203 1489 235 1514 σὺ
250 1487 276 1516 εἴ
288 1490 304 1525 ή
316 1491 488 1528 παράκλησις
500 1499 561 1526 μου,
573 1490 671 1526 Κύριε.

88 1532 129 1559 10.
148 1533 186 1558 Σὺ
201 1531 226 1559 εἴ
237 1534 314 1566 ἐλπίς
330 1544 381 1570 μου
398 1536 444 1571 ἀφ’
456 1532 487 1562 οὗ
498 1536 660 1573 ὲνεποιήθην
674 1535 725 1574 (2).

86 1578 130 1605 11.
151 1579 218 1606 Ἀπὸ
233 1580 280 1607 τοῦ
292 1580 492 1618 βαπτίσματος.

84 1623 128 1651 12.
147 1623 194 1651 Ἐκ
210 1625 258 1660 τῆς
274 1625 474 1662 κολυμϐήθρας.

85 1669 128 1695 13.
149 1669 182 1695 Ἠ
198 1670 346 1705 προσδοκία
363 1679 425 1706 μου.

84 1714 128 1743 1-1.
153 1715 225 1742 Ὠσεὶ
242 1716 366 1750 παὶγνιον
379 1718 416 1752 (5)
434 1718 490 1749 τοῖς
504 1718 624 1753 δαίμοσι.

85 1761 129 1788 15.
148 1762 203 1789 Καὶ
221 1763 252 1789 σὺ
266 1762 361 1798 βοηθός
375 1772 425 1799 μου
438 1765 546 1800 ἰσχυρός
556 1785 562 1793 .

85 1808 130 1835 16.
147 1809 204 1844 Τῆς
214 1809 324 1845 χάριτός
336 1818 392 1837 σου.

932 1813 976 1840 16.
993 1813 1084 1841 Gratia
1099 1819 1144 1841 tua

87 1855 131 1882 17.
149 1855 204 1890 Τὴν
218 1856 370 1892 ὡραιότητα
386 1857 423 1892 (1)
437 1859 487 1894 τῆς
498 1858 639 1895 δυνάμεώς
648 1867 706 1887 σου.

927 1859 971 1887 17.
985 1859 1221 1888 Pulchritudinem
1236 1862 1364 1896 potentiae
1377 1865 1441 1889 tum.

85 1901 129 1928 18.
140 1901 347 1943 Κοιταζόμενος,
355 1904 401 1930 καὶ
409 1904 624 1940 διανιστάμενος,
635 1907 682 1934 καὶ
694 1907 829 1943 πορευὸμε

929 1905 972 1932 18.
988 1905 1131 1933 Dormicns
1153 1911 1180 1933 et
1200 1914 1327 1941 surgens,
1343 1911 1371 1933 et
1394 1907 1537 1934 ambulans
1562 1907 1679 1936 laudabo

53 1955 93 1979 νος
109 1948 223 1993 ὕμνήαω
235 1936 265 1974 et.
281 1936 394 1983 μέγεθος
410 1949 448 1983 ,τὸ
465 1936 655 1987 ἀκαταληπέον
670 1951 720 1988 τῆς
732 1936 826 1989 ἐύπξη

897 1953 1109 1988 magnitudinem
1127 1953 1429 1989 incomprehensibilem
1444 1955 1549 1981 decoris
1566 1956 1614 1982 tui.

55 2001 130 2024 πειας
142 2002 189 2020 σου

86 2041 130 2068 19.
145 2041 191 2076 Μὴ
219 2041 373 2078 emperor};
399 2052 443 2078 με,
470 2043 535 2071 ὅταν
564 2044 647 2079 ἐγγὺς
672 2045 783 2081 γίνομαι
803 2045 840 2080 (5)

54 2086 217 2122 ἀφανισμοῦ.

85 2132 130 2160 20.
147 2134 193 2160 Ἐν
207 2133 245 2169 τῷ
257 2133 379 2161 ἀσθενεῖν
393 2135 442 2171 τὴν
455 2134 543 2170 ψυχήν
556 2144 606 2170 μου
626 2135 663 2172 μὴ
677 2136 759 2172 ἐάσῃς
777 2143 821 2170 με.

930 2130 975 2157 20.
992 2130 1031 2158 Ne
1042 2131 1162 2158 dimittas
1174 2139 1217 2159 me
1229 2139 1291 2159 cum
1309 2132 1401 2159 anima
1414 2140 1474 2159 mea
1488 2133 1650 2160 inﬁrmatur.

86 2180 132 2207 2|.
151 2180 212 2207 ’Ότι
227 2181 368 2208 ἀπειλοῦσί
385 2190 418 2217 με
436 2181 473 2216 (6)
490 2182 514 2208 οἱ
527 2182 662 2216 δαίμονες.

926 2178 970 2206 2|.
987 2177 1121 2211 Quoniam
1136 2179 1202 2206 mihi
1221 2179 1358 2206 minantur
1373 2179 1521 2206 daemones.

86 2226 132 2252 22.
150 2226 206 2253 Καὶ
219 2227 243 2253 οἱ
255 2227 428 2262 ἐκδεχόμενοι
445 2226 608 2261 παγιδεῦσαί
620 2235 663 2262 με.
787 2261 791 2262 ν

926 2223 971 2251 22.
985 2223 1018 2251 Et
1034 2225 1080 2259 qui
1098 2230 1255 2260 exspectant
1272 2225 1378 2260 laqueis
1393 2233 1437 2253 me
1454 2226 1572 2252 irretire.

84 2272 130 2299 25.
143 2271 282 2306 Συνταγὰς
294 2272 384 2307 ἔχουσι
401 2273 460 2299 κατ’
476 2272 554 2308 ἐμοῦ,

927 2269 972 2297 25.
985 2269 1086 2298 Foedus
1102 2271 1238 2298 inivcrunt
1252 2276 1347 2298 contra
1363 2279 1417 2303 me,

84 2317 130 2345 εει.
145 2318 288 2352 Λέγοντες·
312 2318 342 2345 '0
352 2318 417 2350 Θεὸς
430 2318 520 2344 εἴασεν
537 2318 627 2345 αὐτόν.

927 2315 972 2342 24.
990 2315 1116 2344 Dicentes
1130 2326 1137 2344 :
1153 2316 1224 2345 Deus
1239 2317 1343 2345 dimisit
1362 2326 1434 2345 eum.

86 2364 132 2391 25.
143 2365 307 2400 Κρατήσατε
325 2365 415 2396 αὑτὸν,
432 2365 478 2391 καὶ
489 2364 723 2401 κατακυριεύσατε
741 2365 825 2392 αὐτου

929 2362 975 2389 25.
994 2362 1094 2390 Tenete
1106 2371 1180 2396 eum,
1193 2368 1220 2391 et
1234 2364 1413 2391 dominamini
1431 2364 1457 2390 in
1473 2363 1562 2398 ipsum

87 2410 131 2436 ΞΘ.
146 2410 305 2441 Ὀτιοίκῖεὶς
316 2410 426 2437 δύναται
443 2411 523 2437 αὐτὸν
551 2410 681 2446 ῥύσασθαι
701 2411 731 2443 ἐξ
747 2411 826 2447 ἡμῶν

930 2407 975 2435 26.
991 2407 1125 2441 Quoniam
1140 2417 1220 2437 nemo
1234 2413 1322 2444 potest
1336 2409 1412 2436 illum
1428 2416 1444 2436 a
1461 2409 1538 2437 nobis
1555 2409 1679 2436 liberare.

88 2454 132 2480 27.
154 2455 183 2481 '0
193 2455 260 2486 Θεός
273 2463 333 2490 μου,
350 2455 387 2490 μὴ
401 2455 485 2491 ἐάσῃς
502 2464 548 2490 με.

928 2454 972 2480 27.
989 2453 1059 2482 Deus
1073 2463 1160 2488 meus,
1176 2463 1210 2482 ne
1226 2455 1347 2483 dimittas
1364 2461 1417 2482 me.

88 2499 131 2527 28.
165 2501 194 2531 Ὀ
220 2501 315 2537 ἑφορός
340 2510 404 2536 μου,
437 2503 590 2539 προνοητής
617 2511 666 2538 μου
692 2502 829 2538 εὖδόκησοη

929 2499 974 2526 28.
990 2498 1129 2535 lnspector
1151 2509 1230 2530 meus
1249 2501 1417 2537 complaceat
1440 2500 1488 2529 tibi
1512 2505 1541 2527 ut
1557 2500 1681 2534 provisor

58 2543 132 2574 εἶναι.

897 2551 974 2572 meus
985 2544 1033 2571 sis.

932 1401 957 1428 7.
973 1401 1090 1435 Diaboli,
1107 1402 1204 1438 inquit.

933 1447 958 1475 8.
976 1447 1115 1483 Ejusdem.

854 1483 876 1511 (ἶ
899 1522 902 1524 γ
927 1492 953 1520 9.
967 1492 1103 1526 Quoniam
1121 1498 1149 1521 tu
1167 1502 1197 1522 es
1208 1494 1358 1522 consolatio
1372 1502 1443 1527 mea,
1460 1495 1584 1524 Domine.

927 1538 970 1566 10.
986 1538 1025 1566 Tu
1041 1547 1071 1567 es
1088 1548 1151 1575 spes
1168 1549 1240 1574 mea,
1252 1550 1285 1570 ex
1298 1550 1353 1578 quo
1368 1543 1505 1579 ingenitus
1518 1552 1588 1572 sum.

925 1584 970 1612 11.
983 1584 1006 1611 A
1018 1585 1162 1620 baptismo.

928 1630 972 1659 12.
991 1630 1029 1658 Ex
1046 1631 1164 1659 lavacro.

928 1676 972 1704 15.
988 1677 1161 1712 Exspectatio
1174 1685 1234 1705 mea

927 1722 970 1749 11.
990 1722 1130 1757 Tanquam
1144 1723 1291 1750 ludibrium
1304 1722 1483 1751 daemonibus.

927 1768 972 1795 15.
987 1768 1019 1796 Et
1033 1773 1060 1796 tu
1074 1769 1182 1804 adjutor
1193 1777 1271 1797 meus
1284 1770 1401 1797 validus.

929 2040 974 2068 19.
987 2040 1027 2068 Ne
1041 2041 1154 2076 abjicias
1173 2049 1217 2070 me
1229 2050 1292 2070 cum
1312 2050 1396 2078 prope
1412 2050 1451 2075 es,
1472 2048 1500 2070 ut
1515 2044 1676 2078 dispeream.

529 2636 683 2667 Addenda
699 2639 730 2667 et
747 2634 936 2675 corrigenda
952 2643 991 2665 ex
1013 2634 1085 2664 cod.
1106 2633 1204 2665 Vatic.

926 2727 965 2762 (ι)
976 2726 1098 2762 omna

927 2761 964 2796 (δ)
980 2761 1111 2798 rauim

930 2798 966 2833 (6)
982 2797 1036 2824 Μοι

94 2733 131 2768 (1)
150 2734 196 2760 Ἐκ
209 2732 300 2768 χειρὸς
310 2732 357 2759 τοῦ
367 2732 501 2761 διαϐόλου.
516 2731 597 2761 Deest
610 2732 692 2766 λέγει.

95 2769 131 2803 (2)
150 2768 358 2803 Ἐνεωποιήθην.

95 2805 130 2840 (ὅ)
141 2804 266 2838 ﬂat-{ww
279 2803 416 2840 ἐγενήθην.
443 2834 447 2840 ,
