1916 3052
26 174 78 201 915
468 173 511 200 DE
534 172 677 202 TI1ELIS
697 174 924 203 PSALMORL'M.
947 189 977 193 —
997 173 1094 201 PSAL.
1116 172 1222 200 LXX".
1610 171 1666 203 943

61 232 89 258 6.
112 232 172 258 Καὶ
190 232 331 268 στερέωμα
343 232 371 259 ὲν
387 234 419 268 τῇ
435 233 548 268 μάστιγι
559 234 659 261 αὐτῶν.

842 235 865 263 Α
913 233 939 260 6.
957 232 990 260 Ει
1006 233 1207 261 ﬁrmamentum
1226 233 1251 259 in
1268 232 1344 267 plaga
1358 239 1463 259 eorum.

63 276 90 303 7.
110 276 159 304 Ἐν
178 277 274 309 κόποις
285 276 438 312 ἀνθρώπων
451 278 501 304 οὐκ
510 279 579 305 εἰσί·

920 280 946 307 7.
963 279 991 307 ln
1003 280 1143 307 laboribus
1162 279 1308 307 hominum
1323 287 1376 306 non
1392 283 1454 306 sunt
1470 288 1475 306 '.

64 322 91 350 8.
111 323 171 349 Καὶ
188 323 255 358 μετὰ
271 323 423 358 ἀνθρώπων
440 324 470 350 οὐ
490 324 753 360 μαστιγωθήσονται.

916 327 941 353 8.
958 325 990 352 Et
1004 334 1065 353 cum
1081 326 1236 353 hominibus
1252 334 1305 353 non
1319 325 1535 361 ﬂagellabantur.
1557 356 1559 359 ι

66 369 93 396 9.
111 369 166 395 Διὰ
181 369 261 396 τοῦτο
278 370 429 406 ἐκράτησεν
439 371 538 402 αὐτοὺς
557 372 573 406 ἠ
592 371 765 407 ὑπερηφανία
778 373 822 398 αὺ-

917 371 944 399 9.
961 371 1023 399 ldeo
1039 372 1126 398 tenuit
1137 379 1185 399 eos
1199 371 1325 400 sunerbia
1340 379 1435 398 eorum
1451 371 1478 398 in
1494 370 1593 398 linem:

31 412 82 437 τῶν
96 414 138 444 εἰς
153 413 231 444 τέλος
245 414 295 447 (α)-

66 456 111 483 10.
130 458 333 493 Περιεεάλοντο
345 459 452 486 ἀδικίαν
466 460 513 486 καὶ
528 461 655 487 ἀσέεειαν
671 461 785 488 ἑαυτῶν.

918 462 961 489 Ill.
975 461 1065 496 Operti
1081 467 1144 489 sunt
1165 462 1309 496 iniquitate
1323 466 1349 488 ct
1364 462 1501 496 impietate
1517 468 1576 488 sua.

67 502 111 530 11.
140 504 329 536 Ἐξελεύσεται
341 505 378 536 ὡς
391 506 422 531 ἐκ
438 506 547 537 στέατος
559 507 574 541 ἡ
595 506 686 533 ἀδικία
696 507 795 533 αὐτῶν·

917 508 960 535 11.
983 508 1104 535 Prodibit
1116 508 1194 543 quasi
1204 516 1237 534 ex
1253 508 1332 542 adipe
1349 508 1479 542 iniquitas
1492 514 1586 534 eorum
1603 514 1613 535 :

70 548 114 575 12.
129 549 284 585 Διήλθοσαν
298 551 338 581 είς
353 550 472 577 διάθεσιν
488 552 611 587 καρδίας.

917 555 959 582 12.
977 554 1156 582 Transierunt
1173 555 1198 581 in
1211 553 1336 581 allectum
1352 553 1453 581 cordis.

67 592 111 621 15.
128 594 325 631 Διενοήθησαν,
343 597 389 623 καὶ
403 596 536 632 ἐλάλησαν
550 598 578 624 ἐν
592 598 718 635 πονηρίᾳ·

916 601 960 628 15.
976 601 1178 636 Cogitavernnt,
1194 605 1222 628 et
1238 600 1321 628 locuti
1336 604 1400 627 sunt
1413 600 1439 626 in
1454 599 1573 634 nequitia
1590 606 1598 627 :

67 639 111 667 H.
131 640 254 667 Ἀδικίαν
272 642 312 674 εἰς
324 642 355 668 τὸ
367 642 433 677 ὕψος
448 643 591 678 ἐλάλησαν.

915 647 958 674 14.
973 648 1143 682 lniquilatem
1159 647 1186 673 in
1210 646 1318 674 excelso
1333 646 1415 673 locuti
1433 650 1506 673 sunt.

69 685 111 714 15.
130 687 247 714 Ἕθεντο
260 689 299 720 είς
313 689 427 723 οὐρανὸν
444 690 473 716 τὸ
486 690 573 725 στόμα
587 691 677 718 αὐτῶν
694 699 701 706 '

694 699 701 706 '
916 694 960 721 15.
979 693 1133 721 Posuerunt
1148 693 1176 720 in
1190 694 1289 721 caelum
1302 700 1333 720 os
1345 700 1424 720 suum
1439 701 1445 719 :

70 732 113 759 16.
128 734 186 760 Καὶ
201 736 217 769 ἡ
233 734 343 768 γλῶσσα
360 735 449 762 αὐτῶν
460 736 567 770 διῆλθεν
585 738 631 763 ἐπὶ
645 739 694 773 τῆς
710 738 772 773 γῆς.

732 738 772 773 ἧς.
914 739 957 767 16.
971 739 1004 766 Et
1016 740 1107 774 lingua
1119 746 1213 766 eorum
1225 739 1351 766 transivit
1366 738 1393 764 in
1407 742 1488 764 terra.

69 777 112 805 17.
131 779 184 805 Διὰ
197 780 276 806 τοῦτο
291 781 449 816 ἐπιστρέψει
463 783 477 808 ὁ
493 782 556 814 λαός
571 792 621 818 μου
639 783 770 811 ἐνταῦθα·

768 793 770 799 ’
915 786 960 815 17.
974 787 1038 813 ldeo
1052 789 1223 813 convertetur
1238 785 1354 819 populus
1368 791 1446 811 meus
1459 783 1503 810 hic
1517 793 1524 810 :

68 824 114 852 18.
131 826 189 852 Καὶ
206 827 308 862 ἡμέραι
320 827 433 864 πλήρεις
448 828 641 865 εὑρεθήσονται
656 831 685 856 ὲν
696 831 798 863 αὐτοῖς.

717 831 798 863 ὐτοῖς.
917 832 960 859 18.
976 832 1009 859 Ει
1025 832 1083 859 dies
1100 831 1172 867 pleni
1189 831 1361 859 invenientur
1377 831 1405 857 in
1424 830 1473 858 eis.

68 871 111 898 19.
130 873 189 898 Καὶ
203 871 295 899 εἶπον·
315 874 377 906 Πῶς
392 875 463 910 ἔγνω
479 876 493 902 ὁ
509 875 592 909 Θεός;

914 879 959 907 19.
975 878 1008 906 Et
1019 879 1163 907 dixerunt:
1181 879 1324 912 Quomodo
1340 878 1419 906 scivit
1432 876 1524 904 Deus?

68 917 112 945 20.
130 919 190 945 Καὶ
205 921 229 946 εί
247 920 305 947 ἔστι
321 921 422 955 γνῶσις
438 922 466 947 ἐν
481 921 519 957 τῷ
541 922 671 958 ’Υφίστῳ;

665 932 671 956 ἱ
845 918 866 946 Β
915 926 960 953 20.
980 926 1013 953 Et
1026 927 1048 954 si
1063 930 1105 954 est
1119 927 1231 954 scicntia
1245 926 1271 953 in
1283 926 1396 953 Excelso
1410 925 1421 951 Ἰ

67 964 112 992 21.
136 965 207 992 Ἰδοὺ
224 963 297 994 οὗτοι
309 968 334 993 οἱ
351 967 508 1004 ἁμαρτωλοὶ
525 969 573 995 καὶ
590 969 769 1004 εὐθηνοῦντες

917 973 963 999 21.
980 972 1050 1000 Ecce
1065 972 1117 1007 ipsi
1129 978 1296 1007 peccatores,
1313 976 1339 998 et
1353 970 1522 998 abundantes
1535 978 1541 995 :

69 1011 114 1039 22.
129 1013 179 1045 Εἰς
193 1013 239 1040 τὸν
250 1014 335 1041 αἰῶνα
348 1015 480 1050 κατέσχον
496 1015 624 1043 πλούτου.

918 1019 964 1046 22.
981 1018 1010 1046 ln
1028 1019 1128 1046 saeculo
1141 1019 1320 1046 obtinuerunt
1331 1017 1449 1045 divitias.

68 1059 111 1086 25.
131 1060 190 1087 Kal.
203 1057 268 1088 εἶπα
280 1070 286 1076 ·
302 1058 375 1096 Ἀρα
393 1062 516 1097 ματαίως
530 1062 678 1091 ἐδικαίωσα
699 1064 748 1099 τὴν
761 1073 824 1100 καρ-

917 1065 962 1093 ‘25.
980 1065 1013 1092 Et
1036 1065 1092 1092 dixi
1121 1075 1127 1092 ε
1155 1065 1226 1101 Ergo
1248 1065 1307 1092 sine
1331 1071 1414 1092 causa
1445 1061 1592 1097 justiﬁcavi
1620 1068 1666 1087 cor

37 1105 90 1133 δίαν
106 1115 157 1142 μου
167 1115 175 1139 ;

882 1111 994 1139 meum?

70 1167 106 1203 (ιι)
123 1167 232 1195 Αὐτῶν
238 1170 281 1201 εις
289 1169 375 1202 τέλος
387 1170 493 1198 desunt.

606 1228 795 1257 ATHANASII
815 1228 1106 1257 INTERPBETATIO.

73 1283 98 1311 6.
115 1285 170 1311 Καὶ
183 1282 343 1319 ἐπιμένουσι
355 1288 387 1321 τῇ
401 1287 522 1323 ἁμαρτίᾳ
535 1288 584 1323 (1).

540 1288 584 1323 Ii).
919 1291 945 1317 6.
960 1290 992 1317 Et
1007 1294 1118 1318 manent
1133 1290 1158 1316 in
1174 1294 1296 1325 peccato.

75 1328 99 1357 7.
116 1330 154 1356 Οὐ
175 1329 332 1365 λογίζονται
349 1332 462 1364 ἑαυτοὺς
476 1333 519 1359 ἵνα
531 1333 569 1365 ὡς
582 1333 696 1367 ἕκαστος
711 1335 764 1361 τῶν
778 1337 826 1362 ἁν-

917 1338 942 1365 7.
961 1337 1020 1364 Non
1036 1337 1211 1365 considerant
1232 1337 1338 1372 seipsos
1347 1336 1430 1364 veluti
1443 1335 1564 1370 reliquos
1578 1331 1667 1362 homi-

42 1374 162 1411 θρὼπων.

882 1392 938 1411 HCS.

72 1421 97 1448 8.
111 1422 179 1449 Οὐδὲ
205 1423 246 1449 δτι
270 1423 339 1458 μετὰ
360 1423 413 1449 τῶν
436 1424 587 1460 ἀνθρώπων
614 1426 740 1461 μέλλουσι
769 1428 827 1463 κρί-

918 1428 944 1455 8.
960 1427 1053 1463 Neque
1078 1427 1151 1463 quod
1177 1435 1238 1455 cum
1265 1427 1325 1454 aliis
1348 1425 1505 1453 hominibus
1529 1424 1667 1456 iudicandi

44 1467 126 1494 νεῖσθαι
132 1488 138 1495 .

842 1467 862 1482 υ
881 1479 954 1501 sunt.

73 1513 97 1540 9.
110 1515 159 1542 Διὰ
175 1514 256 1542 τοῦτο
267 1516 296 1542 οὺ
315 1517 539 1553 μετεμελήθησαν
552 1518 599 1546 ἐπὶ
614 1520 646 1555 τῇ
661 1519 776 1555 σπάρσει
789 1520 827 1555 (2)

917 1519 943 1545 9.
961 1516 1106 1552 Propterea
1122 1524 1169 1544 eos
1181 1523 1235 1543 non
1253 1515 1380 1551 paenituit
1396 1519 1508 1551 propter
1521 1514 1667 1556 elationem

44 1559 88 1595 τῆς
98 1560 213 1596 καρδίας
224 1559 324 1596 αὐτῶν.

881 1564 972 1592 cordis
987 1571 1092 1591 eorum.

74 1605 115 1633 10.
134 1605 203 1637 Ταῖς
221 1605 326 1633 ἑαυτῶν
339 1606 489 1642 ἁμαρτίαις
505 1607 551 1634 καὶ
565 1606 683 1639 ἀδικίαις
699 1608 827 1643 σφίγγον-

916 1610 960 1637 10.
976 1609 1208 1644 Constringuntur
1222 1607 1352 1643 peccatis,
1362 1611 1388 1635 et
1396 1606 1585 1642 iniquitatibus
1598 1606 1666 1634 suis.

44 1660 92 1680 ται.

76 1699 116 1727 11.
130 1701 175 1728 Ἐν
194 1703 227 1737 τῇ
239 1702 332 1738 ἡμέρᾳ
348 1702 398 1736 τῆς
419 1701 536 1738 κρίσεως
553 1700 650 1737 ισχυρὰ
667 1701 684 1737 ἡ
706 1701 829 1737 ἁμαρτία

919 1702 961 1729 ll.
980 1700 1009 1728 ln
1026 1700 1069 1727 die
1082 1698 1179 1735 judicii
1195 1705 1276 1732 grave
1291 1697 1450 1725 ostendetur
1462 1704 1557 1724 eorum
1573 1705 1667 1732 pecca.

44 1746 126 1773 αὐτῶν
140 1747 286 1783 ἀναδειχθῇ
302 1748 352 1783 (5).
880 1753 948 1776 tum.

77 1792 118 1820 12.
132 1793 378 1829 Ἐξηκολούθησαν.

916 1794 961 1820 12.
975 1792 1067 1820 Secuti
1085 1797 1159 1820 sunt.

77 1837 118 1865 15.
135 1838 317 1874 Ἐσκὲψαντο,
341 1840 388 1866 καὶ¹
414 1839 547 1875 ἐλάλησαν
567 1838 674 1875 πονηρὰ
690 1837 762 1866 κατὰ
781 1837 828 1864 τοῦ

918 1841 962 1868 15.
974 1840 1237 1874 Consideraverunt,
1251 1845 1278 1868 et
1292 1840 1376 1869 locuti
1390 1844 1454 1868 sunt
1464 1839 1589 1875 improba
1603 1846 1669 1867 con-

46 1882 115 1912 Θεοῦ.

880 1891 921 1913 tra
936 1886 1028 1913 Deum.

76 1930 119 1958 M.
139 1931 265 1967 Ῥήματα
281 1930 428 1966 βλάσφημα
443 1930 514 1957 κατὰ
540 1929 587 1957 τοῦ
602 1929 701 1966 Κυρίου
715 1929 753 1964 (4)
768 1929 830 1956 ὲλά-

919 1931 963 1959 14.
981 1930 1069 1958 Verba
1089 1930 1247 1966 blasphema
1271 1930 1354 1957 locutt
1376 1934 1440 1957 sunt
1452 1933 1550 1957 contra
1575 1928 1667 1957 Domi-

47 1974 131 2012 λησαν.

881 1985 956 2004 num.

78 2023 118 2051 15.
133 2024 348 2060 Δυσφημοῦντες
363 2023 433 2051 κατὰ
447 2023 495 2050 τοῦ
510 2023 589 2050 Θεοῦ.

921 2023 966 2050 15.
982 2021 1186 2049 Murmurantes
1197 2024 1292 2048 contra
1304 2019 1398 2047 Deum.

79 2069 120 2098 16.
136 2072 193 2099 Καὶ
209 2073 225 2107 ή
238 2071 330 2107 διδαχὴ
348 2071 437 2098 αὐτῶν
454 2070 586 2105 κατέσχεν
604 2069 650 2096 ἐπὶ
662 2069 711 2105 τῆς
725 2069 786 2104 γῆς.

915 2068 959 2095 16.
979 2067 1012 2095 Ει
1025 2067 1148 2094 doctrina
1161 2074 1256 2094 eorum
1272 2066 1389 2093 obtinuit
1400 2073 1482 2101 super
1494 2063 1605 2094 terram.

80 2116 121 2145 17.
136 2118 187 2144 Διὰ
202 2117 283 2144 τοῦτο
303 2118 348 2144 τὸν
368 2117 431 2144 λαόν
448 2125 498 2151 μου
516 2115 706 2152 ὲπισυναγάγῃ
720 2113 752 2150 [ὁ
765 2114 829 2146 λαός

918 2114 964 2141 17.
987 2113 1134 2149 Propterea
1159 2113 1276 2149 populus
1300 2120 1379 2141 meus
1403 2114 1615 2150 congregabitur
1640 2114 1667 2142 in

51 2169 94 2196 μου
108 2163 362 2199 ὲπισυναγάγηται]
381 2164 410 2189 ἐν
427 2163 465 2198 (5)
487 2160 610 2197 βασιλείᾳ
629 2170 688 2196 μου.

293 2163 362 2199 παι]
381 2164 410 2189 ἐν
427 2163 465 2198 (5)
487 2160 610 2197 βασιλείᾳ
629 2170 688 2196 μου.
844 2160 860 2163 ⁷
881 2168 964 2196 regno
978 2167 1049 2188 meo.

80 2208 120 2237 18.
144 2210 198 2237 Καὶ
226 2210 301 2237 οὐδὲν
331 2209 467 2236 σκοτεινὸν
490 2209 571 2244 ἔργον
589 2208 617 2234 ὲν
642 2207 745 2239 αὐτοῖς,
763 2207 830 2234 ἀλλὰ

917 2206 961 2234 18.
977 2206 1010 2234 Et
1025 2207 1128 2234 nullum
1142 2214 1211 2242 opus
1223 2207 1397 2235 tenebrosum
1413 2207 1440 2235 in
1458 2207 1535 2243 ipsis,
1551 2208 1597 2247 sed
1610 2215 1669 2234 om-

50 2255 90 2282 τοῦ
102 2258 189 2290 φωτὸς
202 2257 309 2283 πάντων
326 2255 452 2292 [πάντα]
480 2254 529 2290 (6).

346 2255 452 2291 πάντα]
480 2254 529 2290 (6).
880 2253 926 2281 nia
942 2254 987 2281 lux
1005 2256 1095 2280 erunt.

81 2299 120 2327 19.
139 2302 195 2329 Καὶ
224 2299 305 2328 εἶπαν
325 2302 350 2329 οἰ
372 2300 496 2332 ἀσεὸεῖ;’
523 2299 609 2326 Πόθεν
639 2296 710 2325 οἶδεν
734 2299 748 2324 ὁ
764 2298 831 2330 Θεός

917 2299 960 2327 19.
978 2299 1012 2326 Et
1024 2300 1153 2327 dixerunt
1168 2300 1243 2334 impii
1261 2308 1267 2326 :
1283 2298 1361 2326 Unde
1383 2298 1463 2326 scivit
1479 2298 1552 2327 Deus
1567 2298 1669 2335 aliquid

50 2350 73 2369 τι
86 2345 145 2381 περὶ
162 2345 229 2380 ἐμοῦ
245 2346 304 2381 (ῗ);

245 2346 304 2381 (ῖ);
880 2346 914 2374 de
925 2355 969 2374 me
984 2347 994 2374 ?

69 2388 121 2418 .20.
136 2390 188 2417 Καὶ
200 2392 223 2418 εἰ
239 2392 307 2423 ὅλως
319 2390 377 2417 ἐστὶ
391 2390 501 2426 φροντὶς
516 2390 580 2425 περὶ
591 2389 695 2417 τούτων
705 2389 744 2424 τῷ
751 2388 825 2424 Θεῷ;

705 2389 744 2424 τῷ
751 2388 827 2424 Θεῷ;
917 2393 963 2420 ‘20.
981 2392 1014 2420 Et
1024 2392 1047 2420 si
1063 2392 1118 2420 ulla
1132 2395 1175 2420 est
1189 2399 1255 2419 cura
1267 2391 1301 2419 de
1317 2392 1362 2420 his
1375 2391 1431 2420 Deo
1445 2391 1456 2418 ε

81 2434 123 2463 21.
135 2438 179 2464 Ἐν
197 2437 235 2472 τῷ
250 2437 346 2472 κόσμῳ
357 2436 535 2472 εὐθηνοῦντες
546 2436 596 2471 (8).

918 2439 965 2467 21.
980 2438 1008 2465 ln
1026 2438 1130 2465 mundo
1142 2445 1270 2473 prospere
1282 2442 1401 2474 agentes.

84 2481 125 2510 2‘2.
139 2484 186 2515 Εἰς
198 2483 244 2510 τὸν
253 2483 339 2510 αἰῶνα
349 2483 394 2509 τὸν
410 2482 457 2509 νῦν
470 2482 520 2517 (9).

445 2491 457 2508 ν
470 2482 520 2517 (9)ο
916 2485 963 2513 22.
977 2486 1007 2512 In
1025 2485 1077 2512 hoc
1092 2484 1201 2512 saeculo.

83 2526 124 2554 25.
141 2529 197 2555 Καὶ
210 2528 375 2564 ἐλογισάμην
385 2528 446 2555 καθ’
463 2527 558 2554 ἑαυτόν
567 2535 574 2542 ⁶
588 2525 661 2563 ’Ᾱρα
674 2528 712 2563 μὴ
726 2529 765 2560 εἰς
779 2528 830 2563 μά-

919 2531 963 2558 25.
975 2530 1006 2557 Et
1017 2531 1088 2566 apud
1103 2538 1147 2558 me
1160 2530 1250 2565 ipsum
1268 2529 1384 2565 cogitavi
1398 2528 1486 2565 :Ergo
1500 2528 1600 2557 frustra
1612 2528 1670 2556 abs-

55 2576 99 2605 την
109 2573 155 2600 οὐκ
173 2574 291 2607 ἐξέδωκα
311 2575 351 2607 εις
377 2574 423 2601 τὸν
447 2574 561 2601 πλοῦτον
585 2573 632 2600 τοῦ
648 2574 750 2610 κόσμου
767 2574 811 2610 τὴν

648 2574 750 2610 κόσμου
767 2574 815 2610 τὴν
886 2577 956 2604 tinui
973 2585 1020 2605 cor
1034 2584 1125 2604 meum
1138 2586 1153 2603 a
1167 2577 1261 2604 mundi
1276 2576 1396 2604 divitiis?

56 2619 156 2654 καρδίαν
174 2629 223 2656 μου
233 2628 241 2652 ς

521 2677 676 2709 Addenda
702 2681 734 2709 et
749 2677 937 2718 corrigenda
953 2686 993 2708 ex
1009 2677 1080 2708 cod.
1093 2677 1184 2707 Vatic

87 2736 123 2776 (1)
133 2741 274 2776 γ’Δμαρτιᾳ
288 2739 387 2768 αὐτῶν.
922 2739 962 2776 ((3')
975 2739 1055 2766 Ἀλλὰ
1066 2740 1155 2776 πλήρη
1170 2739 1214 2765 τοῦ
1228 2738 1318 2776 (φωτὸς
1331 2738 1432 2766 πάντα.

96 2772 272 2811 ἓᾙὶίπάρσειξ
291 2810 295 2811 ν
985 2776 1013 2801 'U
1029 2772 1303 2809 θεὺςβτίποιοῦμεν.

99 2777 122 2803 2)
133 2777 272 2811 Ἐπάρσει.
937 2777 964 2807 7)
985 2777 1013 2801 'U
1029 2777 1104 2806 θεὸς,
1120 2777 1145 2800 τί

99 2808 123 2847 ξ)
133 2810 325 2847 ’ᾼναδειχθείψ
980 2810 1157 2847 βρθηνοῦᾳιν.

99 2809 123 2841 5)
133 2809 325 2847 ’Δναδειχθείψ
925 2809 954 2845 (8
980 2810 1157 2845 Εὺθηνοῦσιν.

99 2843 123 2882 ᾖ)
138 2845 212 2882 ῥεοῦ.
422 2881 432 2882 η
920 2809 965 2882 (91
980 2846 1037 2872 Νῦν
1049 2846 1180 2880 κατέσχον
1193 2844 1318 2871 πλούτου.

98 2877 121 2909 5i
138 2880 344 2916 Ἐπισυναγάγω
357 2890 386 2909 ιν
401 2881 445 2916 τῇ.
