1916 3052
18 196 34 223 θ

18 254 56 280 40.
70 253 152 288 Κάγὼ
166 253 388 287 ἑξουδενωμένος,
404 253 452 279 καὶ
465 253 516 279 οὐχ
527 253 612 287 ἔγνων
622 262 629 268 ·

19 298 58 325 Η.
70 297 216 333 Κτηνώδης
229 297 362 333 ἐγενήθην
381 296 457 332 παρά
474 297 524 324 σοί.

20 342 58 370 42.
74 342 156 377 Κάγὼ
169 343 315 374 διαπαντὸς
331 342 400 377 μετὰ
415 342 461 368 σοῦ
473 350 479 356 “

21 388 58 415 45,
79 389 246 424 Ἐκράτησας
261 388 310 423 τῆς
325 388 414 423 χειρὸς
426 389 474 422 τῆς
486 387 575 420 δεξιᾶς
592 397 642 424 μου
652 397 659 404 ·

22 433 59 460 Η.
71 434 122 460 Καὶ
139 435 168 460 ὲν
180 435 213 469 τῇ
230 434 311 469 βουλῇ
327 443 373 460 σου
389 433 533 470 ὡδήγησάς
548 442 597 470 με’

23 478 60 504 £5.
73 479 124 504 Καὶ
139 479 209 513 μετὰ
222 478 300 513 δόξης
315 478 483 512 προσελάόου
501 487 544 514 με.

23 525 60 551 ili.
76 525 105 551 Τί
117 525 172 561 γάρ
190 533 235 560 μοι
247 525 366 560 ὑπάρχει
382 526 411 551 ὲν
425 525 464 560 τῷ
479 524 599 560 οὐρανῷς

24 570 62 597 17.
76 571 127 597 Καὶ
139 571 215 606 παρὰ
229 571 275 597 σοῦ
290 571 317 596 τί
331 570 451 605 ἠθέλησα
466 571 512 597 ἐπὶ
527 571 575 606 τῆς
589 571 657 606 γῆς;

22 616 59 643 48.
79 617 215 648 Ἐξέλιπεν
240 618 256 652 ἡ
274 617 372 652 καρδία
390 625 440 652 μου
458 617 504 644 καὶ
527 618 544 652 ἡ
568 617 635 652 σάρξ
657 626 706 653 μου
719 638 726 650 ,
750 618 765 644 ὀ

18 662 48 693 ut;
61 662 95 697 (α)
108 663 156 697 τῆς
169 662 284 698 καρδίας
301 671 352 697 μου
364 671 371 678 ·

22 707 60 734 ιθ.
71 709 122 734 Καὶ
134 709 150 743 ή
168 709 248 743 μερίς
263 717 312 743 μου
327 709 341 734 ὁ
353 707 419 739 Θεὸς
435 709 475 740 εις
487 708 534 735 τὸν
546 710 642 736 αἰῶνα.

23 752 59 780 50.
79 753 137 779 Ὅτι
163 754 220 780 ἰδοὺ
248 755 273 780 οἱ
300 753 483 790 μακρύνοντες
504 756 618 788 ἑαυτοὺς
638 756 692 782 ἀπὸ
717 755 764 783 σοῦ

18 807 135 825 ωλθυνται
144 807 151 813 ’

24 843 60 870 51.
79 836 295 879 Ἐξωλὸθρευσας
309 845 396 871 πάντα
406 844 452 871 τὸν
466 845 631 882 πορνεύοντα
642 846 695 872 ἀπὸ
707 846 764 874 σοῦ.

22 889 58 916 5‘2.
73 890 146 924 Ἐμοὶ
159 889 188 916 δὲ
202 890 232 916 τὺ
245 890 462 926 προσκολλᾶσθαι
471 891 509 926 τῷ
517 891 576 926 Θεῷ
587 891 689 926 ἀγαθόν
697 892 764 918 ἐστι·

23 934 59 962 53,
70 935 196 962 Τίθεσϐαι
208 937 237 962 ἐν
250 936 290 971 τῷ
302 937 397 972 Κυρίῳ
411 937 460 973 τὴν
476 937 571 964 ἐλπίδα
587 946 648 973 μου.

24 979 60 1006 54.
72 980 121 1006 Τοῦ
132 980 290 1015 ἐξαγγεῖλαι
307 990 340 1016 με
355 982 444 1014 πάσας
459 982 508 1014 τὰς
523 982 641 1014 αἰνέσεις
653 991 712 1015 σου,

24 1024 61 1051 55.
79 1025 120 1052 Ἐν
130 1027 190 1058 ταῖς
203 1027 301 1059 πύλαις
314 1027 364 1062 τῆς
380 1026 514 1062 θυγατρὸς
527 1026 606 1054 Σιών.

776 260 798 287 Α

781 947 803 975 Β

26 1112 57 1148 (α)
71 1111 144 1141 Vers.
155 1113 201 1146 49,
223 1115 252 1141 '0
264 1114 340 1146 Θεὸς,
357 1121 422 1147 etc.,
437 1115 482 1142 τὸν
494 1115 590 1144 αἰῶνα,

406 193 450 220 DE
474 193 613 221 Tl'IL'LlS
633 192 858 220 PSALMORUM.
886 209 921 214 ——
940 192 1037 220 PSAL.
1058 191 1161 219 LXXII.

1553 188 1604 216 950

929 251 963 279 Et
979 260 1029 286 ego
1045 251 1078 278 ad
1091 250 1207 278 nihilum
1221 249 1348 277 redactus
1361 255 1432 282 sum,
1445 252 1472 275 et
1485 247 1604 276 nescivi:

933 297 1089 325 Jumentum
1107 296 1194 324 factus
1208 303 1268 323 sum
1283 295 1352 330 apud
1367 299 1402 322 te.

928 345 960 372 Et
979 352 1029 380 ego
1048 351 1155 378 semper
1167 347 1254 369 tecum
1270 351 1277 368 :

931 389 1053 416 Tenuisti
1069 395 1179 415 manum
1195 387 1330 414 dexteram
1344 393 1431 412 meam
1446 393 1453 401 '

928 435 961 462 Et
976 435 1004 461 in
1020 434 1134 462 consilio
1149 438 1196 460 tuo
1208 431 1343 459 deduxisti
1364 438 1426 458 me:

929 479 962 507 Et
976 487 1036 507 cum
1053 479 1138 513 gloria
1153 477 1296 512 suscepisti
1314 484 1366 504 me.

932 525 1002 559 Quid
1016 525 1087 552 enim
1104 524 1171 552 mihi
1187 528 1226 552 est
1243 524 1270 550 in
1284 523 1370 550 malo?

937 572 969 599 Et
985 579 1000 599 a
1021 576 1047 599 te
1061 571 1127 606 quid
1141 570 1214 598 volui
1231 577 1313 604 super
1329 568 1448 596 terram?

933 617 1037 645 Deiecit
1049 625 1113 645 caro
1136 624 1196 644 mea
1212 621 1238 643 et
1254 622 1301 643 cor
1316 622 1418 647 meum,
1431 613 1503 641 Deus
1518 614 1606 642 cordis

853 252 898 280 40.

857 299 902 326 Η.

855 345 900 372 42.

858 390 903 417 45.

854 436 900 463 64.

855 481 900 508 45.

856 527 903 554 ιδ.

861 573 906 600 47.

861 618 907 646 48.

819 665 871 692 mei
889 673 896 692 :

859 710 905 738 49.

862 755 908 783 50.

934 709 967 737 Et
982 717 1046 744 pars
1059 717 1118 737 mea
1137 709 1208 737 Deus
1230 709 1257 736 in
1272 713 1414 736 aeternum.

936 754 1004 788 Quia
1028 762 1092 782 ecce
1106 754 1153 790 qui
1175 754 1302 790 elongant
1321 760 1350 780 se
1364 761 1378 780 a
1402 757 1439 783 te,
1459 751 1605 787 peribunt:

859 845 904 872 5i.
929 844 1074 872 Perdidisti
1092 852 1187 872 omnes
1202 844 1249 878 qui
1267 843 1436 871 fornicamur
1457 843 1506 870 abs
1520 847 1555 870 te.

863 891 913 919 52.
936 890 1000 918 Mihi
1017 896 1107 918 autem
1123 891 1262 918 adhmrere
1274 889 1340 924 Deo,
1355 890 1456 917 bonum
1473 893 1533 917 est:

859 937 905 964 55.
927 936 1039 965 Ponere
1055 938 1082 964 in
1098 937 1214 965 Domino
1228 937 1283 965 Deo
1296 944 1370 972 spem
1389 943 1489 964 meam.

857 983 904 1011 5L
930 983 967 1011 Ut
980 984 1138 1012 annuntiem
1156 992 1251 1012 omnes
1265 984 1359 1012 laudes
1379 987 1450 1017 tuas,

859 1029 903 1057 55.
929 1030 960 1058 ln
980 1031 1066 1066 portis
1082 1031 1144 1059 tiliaa
1161 1031 1237 1059 Sion.

542 1193 734 1221 ATHANASII
755 1193 1047 1223 INTERPRETATIO.

27 1266 62 1293 ιο.
78 1268 128 1295 Καὶ
139 1268 352 1304 ἐξουδενωμένος
365 1270 439 1305 ἢμην
456 1270 520 1306 παρ’
535 1270 644 1304 αὐτοῖς,
658 1271 705 1298 καὶ
721 1271 771 1298 οὐκ

18 1313 64 1347 μελέ
77 1323 128 1349 μοι.
673 1315 675 1317 ’

30 1359 66 1386 Η.
78 1361 128 1387 Καὶ
140 1361 178 1392 ὡς
192 1361 292 1396 κτῆνος
305 1361 379 1397 ήμην
409 1360 485 1397 παρὰ
502 1361 544 1388 σοὶ
563 1361 603 1396 τῷ
618 1361 769 1399 βουλήματι

18 1405 137 1441 πιθέμενος
149 1406 241 1443 πάντῃ
255 1407 305 1443 (ι).

32 1449 67 1477 Ω.
79 1452 104 1478 '0
119 1452 222 1488 Κύριος
233 1452 306 1487 λέγει
317 1453 385 1488 πρὸς
397 1453 479 1480 αὐτόν
489 1462 496 1468 ·
507 1454 562 1481 Καὶ
574 1453 630 1488 ἐγὼ
641 1454 684 1481 διὰ
694 1454 774 1482 τοῦτο

18 1506 61 1532 μην
75 1498 214 1531 διαπαντὸς
233 1499 302 1535 μετὰ
314 1499 371 1527 σοῦ.

31 1543 67 1575 ιδ,
79 1545 118 1572 Η.
131 1546 185 1572 Καὶ
201 1546 241 1577 ὡς
263 1546 379 1582 κτῆνος,
401 1546 469 1572 ὅπου
485 1546 532 1573 ἐὰν
546 1546 672 1582 ὡδήγησέ
687 1547 724 1583 (2)
740 1556 773 1583 με

19 1589 78 1624 (χείρ
92 1598 135 1616 σου
150 1591 196 1617 καὶ
209 1591 241 1616 τὸ
253 1591 359 1626 ϐέλημά
376 1599 433 1623 σου,
448 1592 629 1628 ἐπορευόμην.

32 1634 66 1661 65.
81 1635 131 1662 Καὶ
145 1636 192 1663 νῗδν
206 1637 238 1664 ὲν
256 1639 289 1673 τῇ
304 1637 428 1674 βασιλείᾳ
445 1646 491 1664 σου
513 1638 582 1674 μετὰ
595 1638 674 1674 δόξης
688 1647 772 1674 προσ-

19 1678 80 1707 W500
92 1690 132 1716 με.

32 1725 67 1753 46.
83 1727 113 1754 Τί
122 1728 174 1764 γάρ
192 1728 324 1764 palea-1w
340 1728 403 1755 ἄλλο
417 1729 446 1755 ὲν
458 1728 496 1764 τῷ
511 1729 628 1764 οὐρανῷ,
642 1730 666 1756 εἰ
683 1729 720 1765 μὴ
728 1728 772 1756 διὰ

20 1769 42 1805 ἧς
51 1772 149 1808 χάριτός
160 1783 206 1800 σου
218 1773 417 1811 δοξασθήσομαι
432 1775 471 1809 (5)
485 1775 538 1801 ὑπὸ
555 1775 619 1808 σοῦ;

32 1816 68 1844 47.
80 1819 130 1846 Καὶ
143 1820 181 1847 ἔτι
196 1820 236 1847 ὣν
249 1822 276 1847 ὲν
292 1821 325 1856 τῇ
342 1822 376 1856 γῇ
391 1820 471 1847 τοῦτο
484 1821 605 1856 ἠθέλησα
619 1821 697 1857 παρὰ
712 1821 770 1849 σοῦ,

31 1861 67 1889 48.
82 1865 158 1892 Οὐδὲν
178 1866 287 1901 θέλημα
302 1867 351 1902 τῆς
364 1867 476 1902 καρδίας
492 1876 554 1902 μου,
573 1867 590 1902 ἢ
608 1867 657 1902 τῆς
672 1868 772 1903 σαρκός

21 1913 46 1932 ω
57 1908 206 1948 ἐποιούμην.

34 1953 69 1982 49.
91 1956 155 1984 Ἀλλ’
172 1959 202 1985 ὲν
219 1958 257 1993 (4)
276 1958 356 1985 παντὶ
381 1959 426 1986 καὶ
447 1959 476 1986 ὲν
503 1959 585 1986 πᾶσιν
602 1959 616 1984 ὁ
637 1959 703 1991 Θεός
721 1967 772 1995 μου

22 1999 111 2035 πάρκει.

35 2044 70 2077 50,
83 2046 171 2075 51.οἱ
194 2049 430 2085 ἀποσχοινιςοντες
453 2049 566 2081 ἑαυτοὺς
586 2049 640 2076 ἀπὸ
665 2049 712 2076 σοῦ
734 2049 772 2085 (5)

22 2098 154 2121 ποιουνται.

34 2135 67 2163 52.
83 2139 152 2175 Ἐμοὶ
166 2141 194 2168 δὲ
208 2141 240 2168 τὸ
253 2141 403 2178 ἀχώριστον
418 2140 487 2169 εἶναι
500 2141 548 2168 τοῦ
560 2141 626 2169 Θεοῦ
639 2141 773 2178 ἐπιθυμη-

23 2180 55 2206 έῡν
69 2184 101 2219 (δ)
116 2186 182 2213 ἐστί.

38 2226 73 2255 55.
92 2231 181 2259 Πᾶσαν
200 2232 251 2268 τὴν
277 2233 412 2269 μέριμνάν
437 2241 483 2259 σου
505 2233 544 2269 (7)
564 2232 707 2268 ὲπὶῥριψον
728 2232 772 2259 ἐπ’

23 2272 83 2301 ιὺτόν.

787 2257 810 2284 D

39 2318 72 2346 54.
87 2322 135 2349 Τοῦ
149 2324 301 2360 διηγεῖσθαί
314 2324 352 2361 (8)
369 2333 402 2359 με
414 2324 464 2355 τὰς
479 2323 637 2360 εὐεργεσίας
653 2332 710 2350 σου.

39 2364 74 2416 ξίὸ.
92 2369 247 2403 ’Δπαύστως
261 2370 432 2407 ἀνυμνοῧντά
452 2379 482 2397 σε
497 2371 526 2397 ὲν
547 2372 579 2406 τῇ
597 2371 653 2398 ἄνω
676 2369 774 2406 Ἰερου-

24 2415 91 2447 πιλήμ-

47 2503 65 2517 ⁸⁵
87 2504 183 2534 Psalm.
199 2515 255 2540 Liv,
268 2507 314 2535 25.

864 1271 910 1299 40.
935 1271 969 1300 Ει
982 1276 1158 1307 contemptus
1173 1271 1211 1300 l‘ui
1228 1272 1262 1300 ab
1277 1271 1355 1308 ipsis,
1368 1275 1396 1300 et
1407 1272 1523 1309 neglexi.

857 1359 902 1386 lii.
932 1358 966 1386 Et
979 1359 1063 1388 veluti
1078 1360 1234 1396 iumentum
1247 1361 1286 1388 l‘ui
1298 1360 1370 1396 apud
1386 1365 1422 1395 te,
1434 1360 1612 1389 omnivolun-

823 1404 873 1432 tati
889 1409 941 1433 tua!
957 1405 1078 1434 deditus.

856 1450 902 1479 42.
925 1452 960 1480 Et
976 1452 1110 1481 Dominus
1125 1454 1192 1482 dicit
1210 1455 1244 1483 ad
1259 1463 1333 1488 eum.
1356 1459 1384 1482 et
1400 1462 1452 1490 ego
1469 1458 1613 1490 propterea

822 1499 861 1527 l‘ui
876 1507 985 1535 semper
1002 1504 1104 1528 tecum.

857 1546 904 1580 45,
923 1547 969 1574 44.
991 1546 1026 1574 Et.
1041 1547 1125 1574 veluti
1136 1547 1302 1582 jumentum,
1319 1553 1483 1582 quocunque
1499 1546 1614 1574 deduxit

785 1585 807 1614 ο
823 1599 868 1619 me
882 1599 982 1620 manus
996 1595 1054 1625 tua,
1071 1597 1099 1620 et
1109 1593 1239 1620 voluntas
1250 1597 1306 1624 tua,
1323 1592 1513 1628 procedebam.

857 1635 902 1663 45.
923 1635 958 1664 Et
980 1637 1095 1664 nuncin
1116 1645 1201 1672 regno
1218 1642 1264 1665 tuo
1285 1645 1347 1664 cum
1363 1636 1449 1672 gloria
1469 1634 1613 1670 suscepisti

822 1689 876 1709 me.

858 1728 902 1755 46.
929 1727 1000 1761 Quid
1015 1727 1088 1754 enim
1105 1728 1172 1754 mihi
1192 1732 1235 1756 est
1253 1727 1327 1756 aliud
1348 1728 1375 1755 in
1400 1729 1480 1762 coelo,
1507 1728 1560 1756 nisi
1584 1733 1615 1757 ut

822 1782 871 1810 per
886 1775 1002 1810 gratiam
1020 1778 1094 1801 tuam
1112 1782 1127 1801 a
1141 1778 1166 1801 te
1182 1774 1336 1810 gloriﬁcer?

858 1819 905 1847 47.
928 1819 962 1846 Ει
977 1819 1066 1846 adhuc
1081 1819 1175 1847 vivens
1191 1820 1219 1848 in
1238 1823 1308 1846 terra
1328 1819 1381 1847 hoc
1397 1820 1470 1847 volui
1488 1825 1550 1848 ate.

859 1865 905 1894 48.
930 1864 1038 1893 Nullam
1065 1865 1233 1894 voluntatem
1261 1866 1352 1894 cordis
1381 1866 1445 1900 mei,
1473 1871 1499 1894 et
1523 1866 1614 1894 carnis

822 1919 891 1939 mem
906 1911 994 1940 cﬂ‘eci.

864 1958 910 1986 49.
935 1958 989 1986 Sed
1002 1959 1076 1986 omni
1099 1959 1126 1986 in
1143 1966 1182 1992 re,
1207 1963 1232 1985 et
1256 1958 1283 1986 in
1299 1958 1427 1986 omnibus
1450 1957 1523 1986 Deus
1537 1966 1614 1988 meus

823 2010 874 2033 est.

869 2053 914 2087 50,
941 2053 985 2081 51.
1002 2053 1181 2090 Sejungentes
1193 2054 1299 2090 seipsos
1314 2062 1329 2082 a
1341 2059 1366 2083 te
1379 2054 1517 2090 peribunt.

865 2143 910 2171 52.
937 2142 1003 2170 Mihi
1019 2147 1109 2171 autem
1127 2150 1180 2170 non
1197 2143 1320 2178 separari
1337 2151 1352 2170 a
1365 2142 1420 2171 Deo
1436 2143 1465 2174 in
1482 2143 1552 2171 votis
1563 2147 1605 2171 est

868 2233 913 2262 53.
935 2233 1049 2261 Omnem
1065 2241 1159 2261 curam
1179 2237 1254 2260 tuam
1268 2233 1341 2268 jacta
1354 2241 1436 2268 super
1453 2240 1515 2261 eum
1530 2233 1563 2260 ".

865 2323 910 2351 54.
937 2323 974 2351 Ut
987 2331 1110 2351 enarrem
1123 2323 1325 2351 beneﬁcientias
1336 2326 1407 2350 tuas.

866 2369 910 2397 55.
937 2368 1122 2398 lndesinenter
1148 2374 1174 2397 te
1197 2369 1312 2397 laudans
1327 2369 1355 2397 in
1371 2376 1489 2405 superna
1509 2367 1606 2396 Jerusa

829 2415 894 2443 lem.

464 2587 620 2619 Addenda
638 2591 668 2618 et
681 2584 868 2625 corrigenda
889 2593 930 2615 ex
951 2584 1022 2615 cod.
1041 2583 1140 2614 Vatic.

141 2669 287 2708 ﬂopkﬁpazi
302 2680 348 2699 σου
379 2670 511 2706 ἐπιθόμην
528 2669 626 2696 πάντα.

44 2700 74 2741 ῐὲ)
93 2700 237 2741 ἶσξήγήσέὶι

44 2736 74 2776 Ψ)
88 2736 245 2776 ἔρξᾴὲσῆναί
261 2749 304 2776 με·

44 2771 74 2812 (ᾗ)
179 2771 213 2803 τᾶ
224 2771 314 2803 πάντα
327 2777 366 2806 ὲν.
381 2781 434 2804 etc.

45 2806 75 2840 (ὅ)
89 2806 118 2834 Ν.
134 2809 177 2840 50.
197 2812 255 2839 ’Ότι
277 2811 332 2839 ἰδοὺ
350 2812 374 2838 οἱ
401 2809 636 2847 ἀποσχοινιζοντες
653 2809 706 2836 ἀπὸ
729 2817 776 2835 σου

831 2667 955 2699 ἑαυτούς,
974 2671 1025 2694 etc.
1039 2665 1073 2693 N.
1088 2665 1138 2702 51.
1157 2665 1224 2702 Περὶ
1239 2663 1355 2693 εἰδώλων
1370 2663 1456 2699 λέγει.

879 2704 906 2736 6)
928 2701 1119 2737 Ἑπιθυμητόν.

878 2738 904 2765 7)
922 2738 993 2765 Μου.

879 2705 906 2736 6)
928 2705 1117 2737 Ἐπιθυμητόν.

878 2738 893 2764 7
922 2738 993 2765 Μου.

866 2705 904 2809 Ξὸζ
920 2771 1117 2809 Διηγήσασθαί.
