1916 3052
261 128 308 154 97l

297 191 343 218 26.
361 191 421 218 Non
433 191 621 219 custodierunt
636 196 827 219 testamentum
842 192 899 220 Dei.

297 236 342 263 27.
356 236 389 264 Ει
400 237 427 264 in
444 237 501 272 lege
513 237 573 272 ejus
588 237 735 265 noluerunt
748 239 898 265 ambulare.

298 327 343 355 28.
360 327 393 355 Et
405 328 480 355 obliti
494 333 558 356 sunt
571 328 774 356 benefactorum
789 329 860 363 ejus,

297 373 342 402 29,
358 373 391 400 Ει
407 374 572 401 mirabilium
587 375 657 409 ejus,
675 382 735 410 qua:
749 374 868 402 ostendit
880 374 929 401 eis.

296 462 339 490 30.
354 462 452 490 Coram
464 463 587 498 patribus
598 471 704 497 eorum,
717 471 776 498 qua:
791 463 853 491 l'ecit
866 463 1012 494 mirabilia,

296 550 342 578 3L
357 549 386 577 ln
399 555 469 578 terra
485 551 606 586 Egypti,
619 551 645 578 in
662 559 758 586 campo
769 551 878 578 Taneos

295 595 340 623 32.
353 595 500 631 Interrupit
514 605 598 628 mare.
613 602 640 624 et
656 597 781 632 perduxit
795 605 841 624 eos
855 606 861 624 :

297 643 342 669 33.
356 642 388 670 Et
399 644 496 670 statuit
506 651 592 678 aquas
605 644 684 678 quasi
697 648 796 671 utrem.

295 690 340 717 34.
356 689 389 716 Et
404 690 516 718 deduxit
530 698 578 718 eos
594 691 620 717 in
636 692 707 717 nube
721 690 792 717 diei:

296 734 342 762 35.
359 733 392 761 Et
403 738 458 761 tota
476 740 555 762 nocte
570 735 596 761 in
612 735 810 762 illuminatione
824 734 905 770 ignis.

295 779 341 808 36.
356 780 504 815 Interrupit
519 785 621 815 petram
634 781 661 807 in
673 789 764 808 eremo
778 790 784 808 :

294 825 340 853 37.
355 825 388 852 Et
401 826 547 860 adaquavit
560 834 608 854 eos
622 827 696 854 velut
709 827 737 854 in
750 827 852 862 abysso
867 827 952 854 multa
966 836 972 854 :

295 872 340 900 38.
356 872 389 899 Et
402 873 496 900 eduxit
507 880 607 908 aquam
622 873 656 900 de
668 879 743 908 petra
756 882 765 901 :

295 919 341 946 39.
361 918 394 946 Et
404 919 497 946 eduxit
514 923 644 954 tanquam
659 919 773 946 ﬂumina
787 926 885 954 aquas.

294 964 339 991 ιι).
352 964 383 992 Et
396 969 582 1008 apposuerunt
596 964 685 992 adhuc
697 972 811 999 peccare
825 965 867 992 ei:

293 1009 339 1036 4i.
356 1008 384 1036 In
402 1009 469 1036 iram
487 1009 678 1037 excitaverunt
692 1009 837 1036 Excelsum
851 1009 879 1036 in
899 1009 1045 1044 inaquoso.

296 1054 342 1082 42.
357 1054 389 1082 Et
401 1059 573 1083 teutaverunt
584 1055 668 1083 Deum
686 1056 714 1083 in
727 1056 856 1083 cordibus
871 1055 941 1087 suis,

296 1153 336 1189 la)
350 1154 476 1190 'Hﬂslov.
485 1154 520 1190 At
534 1154 561 1182 in
576 1162 664 1190 marg.
675 1153 876 1190 ἠϐουλήθησαν.

298 1190 335 1224 (In
349 1189 403 1216 Τοῦ
415 1189 494 1216 Θεοῦ.
511 1189 540 1216 In
557 1189 649 1224 marg.
663 1189 757 1216 αὑτοῦ.

296 1226 332 1260 (c)
352 1225 482 1252 Ἔδωκεν,
496 1225 526 1251 ln
543 1233 630 1261 marg.
646 1224 758 1258 ἔδειξεν.

676 130 704 157 S.
724 129 911 161 ATHANASII
929 129 1005 158 OPP.
1025 130 1115 159 PARS
1143 129 1187 158 lll'.
1206 146 1240 151 —
1259 130 1462 171 EXEGE’l‘lCA.

1061 197 1083 226 Α
1131 193 1174 220 26.
1189 193 1246 220 Οὐκ
1259 193 1402 228 ¹ἐφύλαξαν
1415 193 1465 228 τὴν
1481 191 1613 228 διαθήκην
1628 190 1674 218 τοῦ
1687 189 1767 218 Θεοῦ.

1831 130 1876 157 9ἷέ

1133 240 1177 266 27.
1192 240 1247 266 Καὶ
1274 240 1302 266 ὲν
1326 239 1366 275 τῷ
1393 239 1467 274 νόμῳ
1481 238 1563 265 αὑτοῦ
1577 238 1627 264 οὐκ
1642 237 1831 273 ἠϐουλήθησαν
1848 239 1879 272 (α)

1098 285 1272 320 πορεύεσθαι.

1134 331 1178 359 28.
1194 332 1248 358 Ka‘l
1261 331 1424 359 ἐπελάϐοντο
1432 331 1486 357 τῶν
1498 331 1662 367 εὐεργεσιῶν
1672 330 1754 358 αὑτοῦ
1768 328 1817 365 (ι),

1133 378 1178 405 29.
1211 377 1264 404 Kal
1290 378 1344 404 τῶν
1369 378 1526 413 Θαυμασίων
1553 377 1646 410 αὐτοῦ,
1673 374 1710 404 ὧν
1729 376 1828 408 ἔδειξεν
1850 378 1879 411 (ι’)

1099 424 1200 455 αὐτοῖς.

1133 470 1178 497 30.
1214 469 1349 496 Ἐναντίον
1376 470 1430 496 τῶν
1447 470 1573 506 πατέρων
1599 470 1699 503 αὐτῶν,
1731 470 1750 497 ἃ.
1776 470 1878 504 ὲπσὲηπ

1099 514 1248 550 θαυμάσια,

1133 560 1178 587 3!.
1201 561 1245 586 Ἐν
1257 561 1291 595 γῇ
1307 561 1449 596 Αἰγύπτῳ,
1466 562 1495 588 ὲν
1512 561 1597 596 πεδίῳ
1612 561 1734 593 Τάνεως.

1133 606 1176 632 32.
1193 605 1325 641 Διέρῥηξε
1342 605 1491 639 Θάλασσαν,
1506 607 1554 634 καὶ
1570 607 1700 642 διήγαγεν
1719 605 1834 638 αὐτούς·

1133 652 1176 678 33.
1194 652 1369 688 Παρέστησεν
1386 653 1472 680 ὕδατα
1487 653 1554 679 ὡσεὶ
1571 653 1664 680 ἀσκόν.

1134 697 1177 724 54.
1194 698 1248 723 Kal
1258 697 1398 733 ὡδήγησεν
1410 699 1508 730 αὐτοὺς
1520 699 1548 725 ὲν
1562 699 1661 734 νεφέλῃ
1678 698 1786 733 ἡμέρας
1795 706 1802 712 ·

1133 743 1178 770 35.
1191 743 1245 769 Kal
1256 744 1319 779 ὃλην
1331 744 1379 779 τὴν
1395 744 1480 771 νύκτα
1492 746 1521 771 ὲν
1538 743 1671 780 φωτισμῷ
1686 744 1782 779 πυρός.

1133 790 1178 819 36.
1197 790 1328 826 Διέρῤηξε
1343 791 1446 827 πέτραν
1465 792 1494 818 ὲν
1512 793 1625 827 ὲρήμῳθ

1136 836 1181 863 37.
1200 837 1255 862 Καὶ
1269 837 1393 863 ἐπότισεν
1404 838 1503 869 αὐτοὺς
1514 837 1552 869 ὡς
1564 839 1593 864 ἐν
1608 837 1722 871 ἀδύσσῳ

1135 881 1180 908 38.
1196 882 1252 908 Kal
1265 882 1399 918 ἐξήγαγεν
1419 881 1492 918 ὕδωρ
1503 883 1535 909 ὲκ
1550 882 1654 918 πέτρας
1664 891 1670 897 ·

1135 927 1179 954 39.
1194 927 1249 954 Kal
1263 928 1420 963 κατήγαγεν
1430 928 1467 960 ὡς
1481 929 1618 963 ποταμοὺς
1632 928 1726 954 ὕδατα.

1136 972 1181 1000 40.
1200 974 1255 1000 Kal
1274 974 1438 1009 προσέθεντο
1451 975 1490 1001 ἔτι
1507 974 1554 1000 τοῦ
1575 973 1745 1009 ἁμαρτάνειν
1761 970 1832 1005 αὖτῷ

1136 1018 1180 1046 41.
1200 1020 1413 1057 Παρεπίκραναν
1428 1022 1472 1048 τὸν
1485 1021 1616 1055 Ὕψιστον
1629 1021 1658 1046 ἐν
1672 1019 1790 1055 ἀνύδρῳ.

1137 1064 1183 1092 42.
1201 1066 1255 1093 Kal
1267 1066 1448 1102 ἐξεπείρασαν
1460 1067 1507 1094 τὸν
1518 1067 1584 1094 Θεὸν
1597 1069 1626 1094 ὲν
1637 1068 1698 1098 ταῖς
1709 1065 1830 1101 καρδίαις
1839 1062 1877 1090 αὖ·

1102 1117 1167 1142 των,

824 1280 1013 1309 ATHANASII
1032 1279 1324 1308 INTERPRETATIO.

297 1362 342 1390 26.
353 1362 382 1390 In
394 1362 428 1390 iis
439 1369 501 1397 qua:
509 1362 542 1389 de
553 1362 668 1390 Domino
677 1362 749 1390 dicta
762 1366 827 1390 sunt
836 1369 884 1398 per
892 1361 1048 1398 prophetas.

297 1447 342 1474 27.
361 1447 393 1474 Et
407 1455 438 1474 ea
454 1455 514 1482 quae
527 1448 594 1483 legis
610 1453 698 1482 erant,
712 1449 858 1477 noluerunt
876 1448 976 1476 facere.

297 1493 345 1524 28.
359 1493 404 1520 29.
431 1492 514 1520 Obliti
537 1498 600 1521 sunt
626 1495 765 1529 quomodo
790 1495 964 1530 pcrtransivit
981 1493 1048 1528 ipsis

264 1538 391 1566 omnibus
409 1537 594 1572 benefaciens,
611 1543 638 1567 et
655 1548 755 1568 sanans
774 1548 868 1568 otnncs
892 1540 939 1575 qui
959 1539 1048 1574 possi-

264 1585 398 1612 debantur
411 1593 426 1612 a
442 1585 560 1612 diabolo.

301 1630 346 1658 30.
361 1629 460 1658 Coram
476 1631 646 1666 principibus
661 1629 827 1663 Judmorum,
842 1639 903 1666 quae
917 1631 981 1659 fecit
996 1631 1049 1658 mi-

264 1677 372 1704 rabilia.

299 1723 345 1750 3L
361 1723 389 1750 In
407 1726 479 1750 terra
499 1723 675 1750 obtenebrata
696 1732 723 1751 in
740 1729 829 1759 gente,
842 1731 903 1759 quae
920 1723 987 1750 nihil
1002 1731 1050 1750 su.-

265 1769 348 1796 blime
359 1769 423 1804 agit.
445 1768 540 1795 Tantis
558 1769 630 1796 enim
651 1770 844 1805 interpretatur
861 1770 975 1796 humilia
991 1769 1050 1804 jus—

265 1824 322 1846 sus,
337 1816 389 1843 hoc
401 1820 442 1843 est
453 1814 550 1843 Judaei.

300 1861 346 1889 3‘2.
363 1861 475 1897 Aperuit
489 1862 571 1889 corda
587 1869 694 1894 eorum,
708 1867 738 1889 ut
755 1867 895 1890 cessarent
909 1870 922 1889 a
938 1861 1050 1897 pristina

266 1915 361 1935 eorum
381 1908 598 1936 conversatione.

301 1954 345 1981 33.
360 1953 394 1981 Et
407 1954 549 1982 advocavit
562 1958 656 1991 gentes
669 1959 790 1982 mortuas
804 1954 839 1982 ob
852 1958 1004 1990 peccatum.

302 2044 348 2072 34.
360 2043 390 2071 ln
405 2043 465 2072 luce
479 2051 540 2072 sua.

300 2089 345 2117 55.
360 2088 393 2116 Et
404 2097 513 2117 omnem
532 2089 704 2117 tenebrosam
719 2088 837 2124 priorem
852 2089 974 2124 ipsorum
991 2098 1054 2117 con-

267 2135 449 2163 versationem
472 2140 664 2168 commulaus.
687 2135 713 2162 in
737 2135 936 2164 illuminatione
959 2136 1053 2171 gratia:

268 2189 324 2210 sua:
337 2182 448 2210 deduxit
461 2189 520 2209 eos.

301 2228 347 2258 36.
362 2228 446 2256 Latus
461 2235 542 2255 suum
558 2228 586 2255 in
600 2227 703 2257 mundo
720 2227 837 2262 aperuit.

302 2273 347 2301 37.
362 2272 500 2309 Sanguine
514 2280 565 2300 suo
585 2272 733 2308 adaquavit
747 2272 959 2308 iustiﬁcationes
977 2280 1052 2300 suas.

303 2361 347 2388 38.
363 2361 402 2388 Ex
416 2361 502 2388 latere
518 2368 578 2388 suo.

301 2407 347 2435 39.
365 2407 398 2434 Et
410 2407 469 2442 ipsa
491 2415 572 2442 aqua,
588 2415 649 2443 qua:
667 2407 746 2446 ﬂuxit
765 2415 798 2434 ex
816 2406 900 2434 latere
914 2414 973 2441 ειυς
988 2406 1051 2433 illu—

270 2454 380 2481 minavit
394 2459 495 2488 gentes.

303 2501 348 2528 40.
364 2500 497 2528 lncreduli
511 2498 607 2527 Judaei.

302 2548 346 2574 41.
361 2545 598 2574 Contristaverunt
619 2544 751 2581 Spiritum
765 2551 890 2574 sanctum
903 2546 931 2573 in
947 2545 1051 2574 sterili-

267 2597 321 2621 tate
337 2593 436 2620 animm
451 2599 557 2619 eorum.

302 2638 346 2666 42.
365 2637 464 2665 Filium
478 2637 525 2665 Dei
538 2638 565 2665 in
578 2637 693 2665 adventu
711 2645 772 2665 suo.

1137 1360 1182 1388 26.
1196 1359 1251 1386 Kal
1262 1360 1317 1391 τοῖς
1333 1359 1487 1394 εἰρημένοις
1502 1360 1566 1395 περὶ
1583 1359 1630 1386 τοῦ
1660 1360 1764 1396 Κυρίου
1777 1360 1816 1387 διὰ
1831 1361 1877 1387 τᾶν

1103 1403 1259 1441 προφητῶν.

1062 1446 1084 1474 C
1134 1450 1179 1476 27.
1196 1449 1251 1476 Kal
1264 1447 1299 1474 τὰ
1312 1448 1358 1475 τοῦ
1374 1449 1456 1484 νόμου
1471 1449 1521 1475 οὐκ
1533 1449 1668 1485 ἠθέλησαν
1681 1451 1799 1486 ποιῆσαι.

1133 1495 1179 1528 28,
1197 1496 1241 1523 29.
1265 1494 1442 1522 Ἐπελάθοντο
1462 1495 1520 1527 πῶς
1548 1496 1654 1532 διῆλθεν
1678 1498 1824 1533 εὐεργετῶν
1838 1499 1878 1524 αὑ-

1099 1541 1161 1572 τοὺς
1172 1541 1286 1572 πάντας,
1303 1540 1350 1566 καὶ
1379 1539 1493 1575 ἰώμενος
1519 1541 1623 1573 πάντας
1647 1543 1710 1574 τοὺς
1741 1543 1878 1570 καταδυνα-

1101 1586 1277 1621 στευομένους
1293 1585 1345 1612 ὑπὸ
1359 1585 1405 1612 τοῦ
1420 1586 1553 1614 διαϐόλου.

1135 1632 1180 1659 30.
1196 1631 1369 1667 Ἔμπροσϐεν
1393 1631 1448 1658 τῶν
1462 1633 1600 1668 ἀρχόντων
1615 1633 1669 1661 τῶν
1696 1634 1842 1666 Ἰουδαίων,
1866 1635 1880 1661 3.

1101 1677 1212 1712 ἐποίησε
1229 1676 1377 1712 θαυμάσια.

1134 1723 1180 1750 3!.
1202 1723 1246 1750 Ἐν
1261 1725 1295 1759 τῇ
1307 1725 1341 1759 γῇ
1357 1723 1395 1759 (1)
1413 1725 1593 1761 ἐσκοτισμένῃ
1605 1726 1632 1753 ὲν
1645 1726 1684 1762 τῷ
1699 1727 1771 1754 ἓΘνει
1785 1727 1822 1763 τῷ
1838 1737 1879 1763 μη-

1101 1769 1144 1795 δὲν
1161 1769 1261 1796 τέλειον
1277 1770 1408 1797 ποιοῦντι.
1421 1770 1507 1804 Τάνις
1523 1772 1578 1807 γὰρ
1589 1773 1773 1808 ἑρμηνεύεται
1789 1775 1879 1801 ἐντελ-

1101 1815 1229 1849 λόμενος
1248 1815 1383 1846 ταπεινὰ,
1400 1816 1539 1842 τουτέστιν
1555 1818 1579 1843 οἱ
1602 1818 1732 1845 Ἰουδαῖοι.

1140 1861 1185 1888 32.
1201 1860 1321 1896 Διήνοιξε
1347 1861 1396 1892 τὰς
1417 1861 1536 1897 καρδίας
1556 1863 1661 1895 αὐτῶν,
1676 1864 1723 1890 τοῦ
1737 1864 1879 1891 παύσασθαι

1108 1905 1147 1940 (2)
1163 1905 1212 1940 τῆς
1235 1905 1371 1941 προτέρας
1385 1906 1475 1933 αὐτῶν
1490 1907 1673 1943 ἀναστροφῆς.

1138 1951 1182 1978 33.
1199 1952 1253 1978 Kal
1270 1952 1489 1987 προσεκαλέσατο
1509 1954 1544 1980 τὰ
1557 1954 1620 1990 ἔθνη
1639 1956 1828 1992 νενεκρωμὲνα
1848 1955 1879 1990 (3)

1105 1996 1157 2023 ὑπὸ
1171 1996 1220 2031 τῆς
1233 1997 1380 2032 ἁμαρτιας.

1140 2042 1185 2070 54.
1208 2043 1253 2069 Ἐν
1271 2043 1311 2078 τῷ
1324 2044 1392 2077 φωτὶ
1409 2043 1503 2072 αὐτοῦ.

1142 2087 1186 2114 35.
1204 2088 1259 2114 Kal
1290 2088 1354 2123 ὃλην
1379 2087 1429 2124 τὴν
1450 2088 1589 2124 σκοτεινὴν
1618 2089 1654 2124 (4)
1679 2089 1730 2124 τὴν
1760 2091 1878 2127 προτέραν

1105 2133 1195 2160 αὐτῶν
1209 2134 1381 2169 ἀναστροφὴν
1399 2134 1559 2170 μεταῦαλὼν
1569 2154 1576 2166 ,
1595 2136 1624 2161 ἐν
1642 2135 1680 2170 τῷ
1696 2136 1825 2172 φωτισμῷ
1840 2136 1878 2170 τῆς

1105 2179 1215 2215 χάριτος
1229 2180 1310 2206 αὐτοῦ
1324 2180 1465 2215 ὡδήγησεν
1481 2179 1580 2211 αὐτούς

1141 2224 1184 2252 36.
1199 2225 1254 2261 Τὴν
1265 2225 1384 2260 πλευρὰν
1397 2225 1479 2252 αὐτοῦ
1491 2227 1519 2252 ὲν
1531 2226 1570 2261 τῷ
1585 2225 1819 2262 κόσμῳπδιήνοιξε.

1140 2274 1184 2301 37.
1199 2273 1248 2300 Διὰ
1261 2273 1308 2300 τοῦ
1327 2274 1443 2310 αἵματος
1460 2274 1544 2301 αὐτοῦ
1557 2261 1670 2302 ἐπότισεν
1733 2261 1876 2302 τἰἶὸικαιώ-

1108 2328 1180 2355 ματα
1193 2319 1286 2346 αὑτοῦ.

1141 2365 1184 2392 38.
1209 2365 1256 2391 Ἐκ
1279 2366 1330 2400 τῆς
1344 2362 1466 2402 πλεὺρᾶς
1482 2365 1576 2393 αὑτοῦ.

1143 2411 1186 2438 39.
1201 2411 1255 2437 Kal
1268 2411 1296 2438 ὲν
1313 2411 1386 2447 αὐτῷ
1400 2411 1439 2447 τῷ
1452 2412 1529 2438 ὕδατι
1545 2412 1583 2448 τῷ
1596 2413 1628 2440 ἐκ
1644 2413 1694 2448 τῆς
1709 2413 1823 2449 πλευρᾶς
1836 2412 1875 2439 αὑ-

1106 2457 1153 2484 τοῦ
1171 2457 1286 2492 ἐφώτισε
1297 2458 1332 2485 τὰ
1342 2458 1415 2494 ἔθνη.

1143 2502 1187 2529 40.
1203 2503 1234 2529 Ul
1247 2503 1423 2536 ἀπειθοῦντες
1445 2503 1575 2530 Ἰουδαῖοι.

1142 2548 1186 2575 41.
1210 2548 1362 2584 Ἑλύπησαν
1377 2550 1407 2576 τὸ
1421 2550 1533 2585 Πνεῦμα
1542 2551 1571 2577 τὸ
1586 2550 1663 2584 ἅγιον
1675 2559 1705 2577 εν
1722 2552 1755 2587 τῇ
1770 2549 1859 2585 ἀκαρπί

1107 2593 1157 2629 τῆς
1169 2594 1257 2630 ψυχῆς
1271 2595 1369 2622 αὐτῶν.

1144 2641 1185 2667 82.
1201 2641 1253 2668 Τὸν
1268 2642 1330 2669 Υἱὸν
1344 2642 1391 2668 τοῦ
1406 2642 1473 2669 Θεοῦ
1490 2643 1519 2670 ὲν
1530 2645 1563 2679 τῇ
1579 2643 1716 2679 παρουσίᾳ
1731 2642 1817 2671 αυτοῦ.

742 2704 896 2736 Addenda
913 2709 943 2736 et
957 2707 1144 2748 corrigenda
1161 2718 1200 2740 ex
1216 2711 1286 2742 cod.
1303 2711 1404 2742 Vatic.

303 2768 340 2804 (ι)
355 2768 394 2804 Τῇ
407 2770 442 2804 γῇ
454 2770 497 2804 τῇ,
513 2772 577 2801 etc.,
594 2777 655 2795 mox
673 2768 866 2804 ἐντελλόμενοι.

305 2803 343 2864 (ἓ)
356 2802 545 2839 Interpretalio
569 2805 650 2838 hujus
669 2804 738 2831 vers.
752 2802 846 2839 incipit
862 2814 876 2831 ιι
891 2806 973 2834 verbo
984 2807 1052 2833 παύ-

270 2846 317 2864 σεσ
334 2847 372 2866 αι.

1145 2774 1181 2810 (3)
1200 2774 1358 2810 Νικὼμενα.

1144 2809 1181 2847 (τῇ)
1196 2809 1431 2847 ﬁrmam,“
1443 2811 1492 2847 τὴν
1506 2812 1654 2847 προτέραν,
1669 2809 1734 2845 etc.|

1142 2845 1180 2878 (ὅ)
1202 2845 1339 2872 Ἐπότισεν
1353 2845 1534 2879 αὐτούς,’θιε.’
1566 2860 1573 2863 -
