1881 3053
48 169 94 194 977
477 169 514 197 DF
544 170 680 199 TlTULlS
703 171 929 201 PSALMORUM.
949 188 984 194 —
997 172 1094 201 PSAL.
1115 171 1241 200 LXXVII.
1613 171 1666 198 978

77 227 118 255 80.
134 228 188 255 Kal
209 229 393 265 ἐμνήσθησαν,
402 230 442 256 ὅτι
456 231 469 257 ὀ
479 229 544 263 Θεὸς
551 231 647 267 βοηθὸς
655 232 744 259 αὐτῶν
756 234 820 260 ἐστιι

913 234 958 262 80.
977 233 1011 261 Et
1026 234 1199 262 rememorati
1229 236 1293 261 sunt
1317 231 1381 268 quia
1409 230 1480 259 Deus
1498 231 1605 266 adjulor
1621 235 1664 260 est

76 325 116 352 81.
133 325 189 352 Kal
203 327 218 352 6
234 326 300 358 Θεὸς
314 328 329 353 6
345 326 454 362 ὕψιστος
473 327 612 364 λυτρωτὴς
628 329 717 356 αὐτῶν
731 331 798 357 ἐστι.

77 371 121 402 82.
131 372 189 398 Kal
203 371 351 408 ἠγάπησαν
368 373 448 400 αὐτὸν
469 374 497 400 ὲν
515 374 555 409 τῷ
572 375 684 410 στόματι
701 376 806 402 αὐτῶν·

75 417 114 444 83.
130 418 186 444 Kal
202 419 236 453 τῇ
255 417 365 454 γλώσσῃ
380 419 468 445 αὐτῶν
483 419 632 454 ἐψεύσαντο
643 420 730 456 αὐτῷ.

75 464 116 491 84.
138 465 171 491 Ἡ
188 464 217 491 δὲ
235 465 334 501 καρδία
349 465 438 492 αὐτῶν
453 466 502 493 οὐκ
521 466 611 493 εὐθεῖα
629 468 687 503 μετ’
701 467 782 494 αὑτοῦ
794 476 802 483 ·

75 510 115 538 85.
133 511 202 537 Οὐδὲ
216 511 405 546 ἐπιστώθησαν
423 513 450 538 ἐν
469 514 501 548 τῇ
514 513 635 550 Διαθήκῃ
650 513 741 541 αὐτοῦ.

75 556 116 584 86.
133 557 220 589 Αὺτὺς
237 557 266 584 δέ
287 558 326 591 (α)
343 559 417 585 ἐστιν
428 559 594 594 οἰκτίρμων

75 601 116 629 87.
132 603 189 629 Kal
202 603 324 630 ἱλάσεται
340 605 400 636 ταῖς
412 604 560 640 ἁμαρτίαις
576 605 681 632 αὐτῶν·

74 646 116 674 88.
133 648 190 675 Kal
204 649 235 674 οὐ
253 649 402 684 διαφθερεῖ.

74 692 114 720 89.
125 695 182 721 Kal
191 695 332 730 πληθυνεῖ,
344 695 391 722 τοῦ
401 696 570 732 ἀποστρέψαι
580 697 624 723 τὸν
638 696 722 733 θυμὸν
733 696 826 723 αὑτοῦ·

74 739 115 767 9ὐ.
130 741 186 767 Kal
201 742 262 777 οὐχ).
279 743 409 770 ὲκκαύσει
420 744 510 769 πᾶσαν
523 744 571 779 τὴν
585 744 668 780 ὀργὴν
681 743 774 771 αὑτοῦ.

73 783 114 811 91.
128 786 184 812 Kal
196 787 331 824 ἐμνήσθη,
347 789 389 815 ὄτι
403 788 471 824 σάρξ
482 790 546 822 εἰσι,

74 829 115 856 92.
133 830 248 866 Πνεῦμα
263 833 457 868 πορευόμενον,
470 834 517 861 καὶ
532 834 581 860 οὐκ
600 834 771 869 ἐπιστρέφον.

74 875 116 903 95.
130 877 251 910 [Ιοσάκις
270 880 479 915 παρεπίκραναν
490 880 571 906 αὐτὸν
587 880 616 906 ὲν
627 881 660 916 τῇ
671 880 783 916 ὲρήμῳ;

75 920 115 948 9t.
129 922 313 958 Παρώργισαν
326 924 406 951 αὑτὸν
423 926 452 951 ὲν
473 926 508 961 γῇ
524 925 559 960 (l1)
578 925 685 962 ἀνύδρῳ
700 934 706 958 ;

75 1013 116 1041 95.
132 1013 188 1040 Kal
205 1013 388 1048 ἐπέστρεψαν,
407 1014 454 1040 καὶ
473 1014 622 1049 ἐπείρασαν
636 1014 681 1040 τὸν
691 1014 757 1040 θεόν
769 1023 776 1029 ·

75 1058 117 1086 96.
130 1059 187 1086 Kal
201 1059 247 1085 τὸν
260 1059 354 1093 Ἀγιον
376 1059 423 1086 τοῦ
444 1059 552 1095 Ἰσραὴλ
569 1059 742 1095 παρώξυναν.

76 1104 117 1131 97.
135 1105 192 1131 Kal
207 1105 243 1139 (ε)
257 1105 307 1131 οὐκ
316 1104 491 1140 ἐμνήσθησαν
506 1105 555 1140 τῆς
565 1105 655 1140 χειρὸς
672 1104 765 1136 αὐτοῦ,

76 1151 117 1179 98-
141 1150 274 1186 Ἦμέρας,
286 1148 320 1186 ἧς
335 1150 506 1186 ὲλυτρώσατο
517 1151 615 1182 αὐτοὺς
629 1150 668 1185 (d)
685 1151 718 1178 ὲκ
739 1150 829 1186 χειρὸς

49 1196 186 1229 θλίϐοντος.

78 1264 113 1299 (n)
129 1264 196 1299 Γάρ.
211 1265 240 1291 1η
255 1271 340 1298 marg.
356 1263 397 1290 δέ.

78 1298 112 1334 (b)
125 1298 257 1334 Fﬁ’deest
270 1300 296 1326 in
312 1304 398 1331 textu;
411 1302 439 1325 al.
453 1298 505 1333 leg.
522 1299 550 1325 in
565 1306 650 1334 marg.

78 1334 112 1369 (τ)
126 1334 182 1361 Καί
198 1342 252 1361 non
267 1334 375 1368 legitur.

878 288 971 308 eorum
988 290 994 307 ἒ

913 327 957 354 8|.
976 326 1009 354 Et
1031 325 1102 353 Deus
1116 324 1241 353 excelsus
1255 324 1410 359 redemptor
1420 331 1513 351 eorum
1528 327 1580 351 est.

913 372 957 400 8‘2.
972 372 1005 399 Et
1016 372 1169 399 dilexerunt
1179 379 1240 399 eum
1253 371 1280 398 in
1293 378 1340 398 ore
1353 377 1403 398 suo
1416 379 1423 398 :

912 419 957 447 85.
976 418 1007 446 Et
1022 419 1113 453 lingua
1129 426 1178 446 sua
1191 417 1297 445 mentiti
1312 421 1376 445 sunt
1387 416 1422 444 ci.

913 465 957 492 84.
972 465 1025 492 Cor
1036 469 1126 492 autem
1145 471 1240 491 eorum
1258 471 1312 491 non
1329 467 1433 490 rectum
1451 471 1513 490 cum
1527 471 1578 491 eo:

913 510 957 538 85.
973 510 1028 538 Nec
1047 510 1139 537 tldcles
1158 509 1244 536 habiti
1263 514 1327 537 sunt
1343 509 1369 536 in
1384 509 1560 538 Testamento
1574 509 1642 544 eius.

912 555 956 583 86.
975 555 1034 590 Ipse
1048 553 1138 582 autem
1154 559 1196 582 est
1208 554 1381 583 misericors:

913 601 957 629 87.
976 600 1009 628 Et
1025 600 1159 636 propitius
1174 600 1218 627 ﬂet
1230 600 1350 635 peccatis
1364 608 1458 628 eorum
1473 609 1481 628 :

912 647 957 674 88.
973 646 1006 674 Et
1019 654 1073 674 non
1086 647 1233 682 disperdet.

912 693 957 721 89.
974 692 1008 720 Et
1024 693 1184 726 abundabit,
1202 698 1232 721 ut
1249 698 1384 722 averteret
1397 694 1465 721 iram
1479 702 1577 722 suam:

913 738 957 766 90.
975 737 1008 766 Et
1021 747 1075 766 non
1090 739 1219 767 accendet
1233 747 1341 767 onmem
1353 740 1421 767 iram
1438 748 1526 767 suam.

912 784 956 813 9t.
975 784 1007 812 Et
1020 785 1181 813 recordatus
1193 791 1249 818 est,
1262 786 1326 821 quia
1343 793 1408 814 caro
1423 790 1503 819 sunt,

913 829 958 857 92.
973 830 1091 866 Spiritus
1104 831 1217 863 vadens,
1229 836 1256 860 et
1268 839 1321 858 non
1335 831 1453 859 rediens.

913 875 957 903 95.
974 875 1086 909 Quaties
1097 877 1330 904 exacerbaverunt
1348 884 1410 905 eum
1427 878 1455 904 in
1470 876 1596 905 deserto?

844 905 866 934 Β
915 921 960 948 94.
982 922 1011 948 lu
1044 922 1111 950 iram
1151 923 1355 951 concitaverunt
1381 931 1444 951 eum
1470 924 1497 950 in
1523 927 1593 951 terra
1621 923 1666 951 in-

881 968 1005 1002 aquosa?

915 1015 960 1042 95.
978 1015 1011 1042 Et
1027 1017 1152 1045 conversi
1164 1021 1237 1051 sunt,
1252 1022 1279 1045 et
1295 1022 1467 1045 tentaveruut
1485 1017 1570 1045 Deum
1587 1027 1592 1033 -

915 1059 959 1087 96.
976 1060 1009 1087 Et
1023 1060 1151 1089 Sanclum
1165 1061 1246 1090 Israel
1263 1063 1507 1091 exacerbaverunt.

917 1105 961 1134 97.
977 1105 1009 1133 Et
1024 1114 1077 1134 non
1090 1108 1223 1136 recordati
1235 1113 1300 1136 sunt
1310 1117 1409 1138 manus
1418 1109 1493 1145 ejus,

917 1152 963 1180 98.
981 1152 1040 1188 Die,
1053 1161 1106 1189 qua
1122 1155 1232 1183 redemil
1245 1163 1293 1184 eos
1306 1156 1339 1184 de
1352 1164 1432 1184 manu
1446 1157 1603 1185 tribulantis

77 1370 113 1406 (tl)
124 1369 227 1401 Δὺτούς
237 1370 313 1397 deest
325 1369 352 1395 in
365 1372 436 1396 textu
450 1376 458 1402 ς
473 1368 570 1404 legitur
586 1368 612 1396 in
633 1377 718 1404 marg.
730 1378 737 1402 ;
755 1377 817 1398 mox

913 1379 987 1403 ντων,
999 1371 1027 1398 in
1043 1380 1127 1408 marg.
1142 1372 1286 1406 θλίὸοντος.

601 1440 793 1469 ΑΤιιΑΝΑειι
812 1441 1105 1473 INTERPRETATIO.
1117 1419 1123 1426 I

81 1508 123 1541 80,
141 1507 185 1535 81.
203 1507 260 1534 Kal
287 1508 369 1544 ἀνέϐη
397 1508 443 1534 ἐπὶ
459 1508 509 1543 τὴν
523 1508 635 1544 καρδίαν
660 1508 749 1535 αὐτῶν
779 1508 830 1535 ὅσα

918 1510 963 1543 80,
980 1511 1024 1539 8i.
1041 1512 1073 1538 Et
1093 1513 1216 1541 ascendit
1235 1513 1262 1540 ln
1279 1521 1326 1541 cor
1343 1521 1438 1541 eorum
1454 1515 1585 1551 quidquid
1606 1516 1669 1545 fecit

53 1553 154 1588 ἐποίησε
173 1554 229 1583 τοῖς
246 1552 306 1578 δυσὶ
337 1551 476 1587 βασιλεῦσι
500 1553 553 1579 τῶν
576 1553 757 1589 Ἀμορραίων,
783 1561 819 1580 κα

913 1557 989 1584 robus
1005 1558 1113 1592 regibus
1128 1558 1340 1592 Amorreorum.
1359 1564 1386 1586 et
1396 1560 1506 1589 Amalec
1529 1561 1556 1589 in
1575 1563 1632 1590 via.

54 1598 98 1625 τῶν
119 1598 243 1634 Ἀμαλὴκ
257 1598 284 1624 ὲν
304 1599 336 1633 τῇ
350 1597 411 1633 ὁδῷ.

83 1644 123 1672 ετ.
143 1644 198 1670 Kal
210 1643 376 1670 συνετίθεντο
388 1645 444 1675 τοῖς
456 1644 665 1680 προστάγμασιν
692 1643 774 1671 αὑτοῦ
792 1644 832 1680 τῷ

55 1688 159 1723 πόματι
176 1688 277 1714 αὐτῶν.

83 1735 123 1762 83.
147 1734 230 1770 Ἦρνή
237 1742 317 1760 παντο
327 1733 418 1761 αὐτόν.

84 1780 125 1808 84.
146 1781 177 1807 'H
193 1780 222 1807 δὲ
245 1779 342 1815 καρδία
358 1779 447 1807 αὐτῶν
468 1781 562 1816 πόρρω
578 1781 691 1816 ἀπεῖχεν
712 1781 759 1808 ἀπ’
782 1781 832 1808 αύ-

56 1826 101 1853 τῶν
119 1827 167 1862 (l).

85 1872 125 1900 85.
141 1873 209 1900 Οὐδὲ
232 1872 371 1908 ἠνείχοντο
391 1871 531 1898 ἐπιθέσθαι
560 1871 597 1907 (2)
619 1872 669 1908 τῆς
697 1873 834 1910 Διαθήκης

71 1918 140 1945 ὺτσῦ.

57 1927 129 1993 u‘8‘?
140 1966 222 1995 Αὐτὸς
242 1964 270 1991 δὲ
289 1963 464 1999 μακρόθυμός
478 1964 561 1991 ἐστιν.

86 2010 126 2038 87.
140 2011 195 2037 Kal
210 2008 327 2035 ἱλατεύει
342 2008 401 2040 ταῖς
416 2009 564 2044 ἁμαρτίαις
581 2009 682 2036 αὐτῶν.

86 2055 126 2083 88.
143 2056 198 2082 Kal
208 2055 260 2082 οὐκ
284 2054 393 2081 ἀπόλλει
409 2054 445 2089 ('5)
472 2055 571 2087 αὐτοὺς
592 2054 768 2091 ἐκδεχόμενος
785 2055 834 2090 τὴν

60 2102 190 2137 μετάνοιαν
206 2100 308 2128 αὐτῶν.

87 2147 126 2175 89.
143 2147 198 2174 Kal.
217 2147 265 2173 ἐπὶ
286 2145 354 2172 πολὺ
368 2147 494 2181 ἐπιμενεί
508 2146 545 2181 (4)
562 2147 594 2182 τῇ
613 2146 760 2182 ἀγαθότητι
787 2147 836 2173 αὺ-

59 2201 107 2218 του.

85 2203 126 2265 90.
144 2238 200 2265 Καὶ
210 2238 261 2265 οὐκ
274 2238 378 2274 ὀργίζει
396 2238 515 2270 τελείως.

87 2284 127 2311 9i.
143 2283 316 2319 Μνημονεύει
333 2283 396 2319 γὰρ,
412 2285 452 2311 ὅτι
469 2284 570 2319 πλῆθός
587 2286 650 2311 εἰσι.

87 2329 127 2356 92.
144 2330 204 2356 Ὀτι
226 2329 265 2364 (5)
284 2329 331 2355 ἐὰν
358 2329 522 2366 ἀναχωρήσῃ
542 2329 634 2356 αὐτῶν
662 2329 836 2366 ἡψυχὴ,οὑκ

61 2374 94 2401 ἔτι
106 2376 230 2403 δύνανται
245 2375 420 2410 μετανοῆσαι.

89 2421 128 2454 95,
145 2421 188 2449 94.
208 2420 375 2456 Παρώξυναν
387 2421 416 2447 ἐν
429 2422 461 2456 τῇ
473 2421 571 2457 καρδίᾳ
586 2422 686 2450 αὐτῶν.

89 2467 128 2500 95,
139 2467 182 2503 96.
198 2467 255 2493 Kal
266 2466 373 2493 ἐποίουν
386 2467 498 2497 ἑαυτοὺς
510 2467 574 2498 τοὺς
594 2467 798 2502 μετανοοῦντας.

89 2509 128 2536 97.
143 2511 199 2537 Οὐκ
215 2510 370 2545 ἐμέμνηντο
383 2510 433 2545 τῆς
447 2510 538 2546 ἰσχύος
552 2511 645 2538 αὑτοῦ.

90 2554 130 2582 98.
147 2556 208 2582 Ὂτι
223 2555 305 2589 αὐτός
317 2556 389 2583 ἐστιν
403 2556 417 2582 ὁ
431 2555 611 2591 λυτρούμενος
624 2557 723 2588 αὐτοὺς
735 2557 766 2583 ὲκ
779 2565 835 2592 χει-

64 2601 101 2634 ρδς
111 2601 217 2637 Φαραώ.

920 1646 966 1676 82.
984 1647 1016 1675 Et
1034 1649 1138 1676 assensi
1157 1654 1220 1677 sunt
1231 1651 1364 1680 mandatis
1378 1652 1437 1687 ejus
1449 1659 1496 1680 ore
1509 1660 1569 1680 suo.

918 1733 962 1762 85.
981 1733 1120 1770 Negabant
1134 1745 1207 1765 eum.

917 1779 962 1807 ει,
980 1780 1034 1808 Cor
1046 1786 1137 1809 autem
1154 1791 1249 1810 eorum
1267 1785 1345 1821 longe
1362 1782 1455 1814 aberat
1469 1787 1503 1814 ab
1519 1793 1562 1813 eo.

919 1870 964 1898 85.
981 1870 1074 1907 Neque
1106 1873 1297 1901 sustinuerunt
1324 1875 1463 1904 intendere
1495 1875 1670 1904 Testamento

883 1915 954 1950 ejus.

921 1962 965 1989 86.
985 1963 1043 1998 Ipse
1056 1969 1147 1991 autem
1166 1965 1328 1999 longanimis
1339 1971 1389 1994 est.

920 2009 966 2036 87.
984 2009 1014 2036 Et
1033 2011 1165 2045 propitius
1177 2012 1298 2039 redditur
1312 2013 1429 2047 peccatis
1441 2020 1546 2041 eorum.

921 2055 965 2082 88.
980 2055 1012 2082 Et
1028 2064 1082 2084 non
1103 2057 1192 2092 perdit
1202 2065 1249 2085 eos
1259 2064 1419 2094 exspectans
1431 2067 1524 2087 eorum
1536 2059 1672 2096 paeniten-

886 2101 962 2128 tiam.

921 2147 965 2175 89.
985 2147 1017 2175 Et
1032 2149 1145 2175 multum
1162 2151 1331 2184 exspectabit
1348 2151 1382 2178 ob
1397 2159 1475 2179 suam
1494 2152 1653 2181 bonitatem.

923 2235 966 2262 90.
985 2235 1017 2263 Et
1029 2243 1083 2264 non
1100 2236 1226 2265 irascitur
1242 2245 1329 2273 usque
1346 2239 1372 2266 in
1385 2238 1476 2267 ﬁnem.

852 2294 873 2321 ι)
923 2280 967 2308 91.
985 2280 1153 2309 Recordatur
1166 2283 1250 2317 enim,
1265 2284 1337 2324 quod
1350 2285 1497 2313 multitudo
1514 2291 1588 2314 sunt.

925 2326 969 2354 92.
985 2327 1062 2360 Quod
1076 2328 1098 2356 si
1111 2329 1256 2357 recesserit
1267 2331 1302 2358 ab
1318 2330 1358 2358 eis
1373 2332 1476 2366 anima,
1492 2340 1546 2360 non
1558 2333 1674 2369 amplius

888 2379 1003 2408 possunt
1016 2376 1155 2410 poenitere.

923 2420 968 2454 95,
981 2421 1024 2449 94.
1039 2422 1216 2451 lrritaverunt
1233 2424 1259 2452 in
1271 2425 1352 2452 corde
1368 2433 1475 2453 eorum.
1558 2458 1564 2464 .

924 2466 969 2498 95,
986 2467 1030 2495 96.
1047 2468 1079 2495 Et
1095 2469 1231 2497 ﬁnxerunt
1247 2479 1276 2498 se
1288 2471 1359 2506 ipsos
1374 2471 1548 2506 pmnitentes.

925 2512 969 2540 97.
984 2511 1044 2540 Non
1060 2515 1193 2542 recordati
1207 2521 1271 2543 sunt
1282 2517 1446 2551 poenitentia!
1457 2518 1527 2550 ejus.

925 2557 969 2584 98.
985 2557 1063 2591 Quod
1077 2560 1134 2595 ipse
1146 2566 1196 2593 est,
1208 2562 1255 2597 qui
1265 2562 1393 2590 liberavit
1404 2569 1451 2589 eos
1463 2562 1497 2589 de
1510 2569 1591 2590 manu
1602 2561 1673 2589 Pha-

887 2604 988 2632 raonis.

528 2683 683 2716 Addenda
698 2687 728 2715 et
749 2682 938 2723 corrigenda
957 2692 995 2714 ex
1014 2684 1084 2715 cod.
1101 2677 1202 2716 l’atic.

93 2758 127 2792 μ)
140 2759 235 2786 Αὑτοῦ.

95 2793 130 2831 lg)
142 2794 287 2831 Πείθεσθαι
302 2795 336 2830 τῇ
350 2794 481 2831 Διαθήκῃ,
496 2799 549 2824 etc.

95 2828 128 2861 (5)
148 2829 300 2857 Ἀπηλλύει.

95 2863 129 2898 (6)
148 2864 295 2901 Ἑπιμένει.

926 2761 965 2795 (5)
980 2760 1069 2789 N.9‘2.
1091 2762 1157 2789 Ὅτε
1182 2763 1224 2793 ἄν.
1245 2766 1298 2789 etc.
1323 2761 1355 2788 Ν.
1378 2762 1424 2793 95,
1447 2761 1492 2796 94.
1509 2758 1675 2796 Παρῴξυνᾳν

891 2794 1133 2860 ἯὲιιειριὲγηΝ.
1151 2797 1194 2826 95.
1222 2797 1288 2830 Καί,
1302 2802 1356 2825 etc.
1383 2796 1414 2824 Ν.
1431 2795 1475 2824 96.
1503 2794 1606 2832 Ἰησοῦν
1629 2794 1675 2822 τὸν

940 2840 1013 2859 ντου,
1049 2841 1103 2860 εον.

940 2840 953 2858 ν
964 2840 1013 2859 του,
1026 2840 1103 2860 υεου.
