1910 3048
43 141 105 170 997
503 145 546 173 DE
564 147 702 176 TITULIS
722 147 951 178 PSALHORUM.
972 165 1006 172 —
1026 150 1124 180 PSAL.
1146 153 1253 182 LXXX.
1632 160 1684 188 908

85 202 115 231 9.
135 203 295 240 Μαρτύριον
311 214 339 233 εν
353 206 392 242 τῷ
415 207 513 243 Ἰωσὴφ
527 207 601 235 ἔθετο
614 209 708 236 αὐτόν·

860 216 883 244 Α
932 213 958 240 9.
977 213 1174 242 Testimonium
1191 216 1219 242 in
1233 215 1334 252 Joseph
1347 217 1437 252 posuit
1453 218 1520 246 illud
1536 227 1543 246 :

86 249 133 276 10.
153 250 197 276 ’Ev
212 250 251 286 τῷ
265 251 383 284 ἐξελθεῖν
399 253 479 279 αὑτὸν
496 255 528 280 ἐκ
544 255 595 290 γῆς
608 256 754 289 Αἰγύπτου.

931 257 972 284 10.
988 258 1056 286 Cum
1072 260 1160 287 exiret
1174 260 1232 295 ipse
1247 261 1280 289 de
1299 249 1372 290 terra
1389 263 1499 299 Aﬁgypti
1516 272 1522 290 :

86 294 134 321 11.
150 296 278 323 Γλῶσσαν
291 298 324 333 ἦν
339 298 388 324 οὐκ
401 298 481 333 ἔγνω,
500 300 626 335 ἤκουσεν.

930 302 973 329 11.
989 302 1120 339 Linguam
1137 313 1217 340 quam
1235 314 1290 333 non
1307 313 1431 341 noverat,
1449 308 1562 337 audivit.

86 339 132 366 12.
149 341 318 376 Ἀπέστησεν
331 342 384 369 ἀπὸ
398 343 504 379 ἄρσεων
520 345 564 371 τὸν
580 346 663 372 νῶτον
681 347 763 374 αὑτοῦ
773 357 779 362 ·

773 357 779 362 ·
931 349 973 375 12.
991 349 1104 377 Divertit
1121 352 1154 377 ab
1168 352 1297 380 oneribus
1314 339 1428 381 dorsum.
1439 355 1499 389 ejus
1515 363 1523 382 :

85 385 133 413 15.
150 387 183 412 Αἱ
199 388 288 422 χεῖρες
304 388 385 414 αὐτοῦ
398 389 426 414 ἐν
443 388 480 423 τῷ
497 389 598 425 κοφίνῳ
615 390 787 418 ἐδούλευε-αν·

769 400 787 416 ι·
929 395 973 422 15.
989 394 1086 423 Manus
1102 397 1162 431 ejus
1180 398 1206 424 in
1224 399 1344 433 cophino
1360 401 1523 428 servierunt.

87 431 134 458 14.
153 433 197 458 Ἐν
211 432 299 467 θλίψει
314 435 470 461 ὲπεκαλέσω
488 444 532 470 με,
549 437 594 462 καὶ
610 438 768 472 ἐρρυσάμην
782 446 811 464 σε
822 447 828 453 ’

929 441 972 467 14.
990 440 1018 467 in
1038 441 1212 470 tribulatione
1228 431 1360 471 invocasti
1376 453 1430 478 me,
1444 450 1470 473 ct
1485 447 1597 475 liberavi
1613 453 1638 476 te
1654 458 1660 476 :

85 475 131 502 15.
150 477 307 512 Ἐπήκουσά
322 487 367 504 σου
384 480 412 505 ἐν
428 480 580 516 ἀποκρύφῳ
595 482 762 514 καταιγίδος·
782 490 785 493 ·

929 486 972 513 15.
989 485 1121 514 Exaudivi
1138 492 1162 514 te
1178 489 1203 514 in
1218 489 1378 517 abscondito
1395 493 1565 526 tempestatis
1584 503 1590 521 :

84 520 130 548 16.
148 521 313 559 Ἐδοκιμασά
329 533 357 551 σε
375 526 420 552 ἐπὶ
437 526 531 558 ὕδατος
545 528 707 562 ἀντιλογίας.

929 532 972 559 16.
989 532 1106 561 Probavi
1123 538 1150 561 te
1163 535 1234 569 apud
1253 543 1350 570 aquam
1367 520 1601 567 contradictionis.

391 572 549 607 Διάψαλμα
555 593 562 599 .

1205 580 1371 615 Diapsalma.

85 614 131 641 17.
147 616 290 650 Ἄκουσον,
303 617 368 649 λαός
389 627 456 654 μου,
480 620 527 645 καὶ
548 619 769 655 διαμαρτύρομαι
789 630 839 653 σοι,

929 624 970 650 17.
987 623 1067 658 Audi,
1085 627 1200 661 populus
1215 636 1301 662 meus,
1320 635 1346 656 ct
1370 633 1508 658 contestor
1526 636 1551 658 te
1568 631 1654 660 Israel
1669 641 1677 660 :

54 658 166 695 Ἰσραήλ
178 660 215 695 (α)

86 707 130 734 18.
157 707 218 734 Ἐὰν
242 707 361 744 ἀκούσῃς
389 718 455 744 μου,
476 711 526 737 οὐκ
549 710 626 737 ἔσται
651 711 680 738 ὲν
706 712 747 738 σοὶ
775 712 840 744 Θεὸς

930 713 970 739 18.
993 713 1021 740 Si
1045 714 1164 742 audieris
1187 723 1249 749 me,
1275 724 1329 744 non
1357 718 1408 745 erit
1435 719 1462 746 in
1486 724 1512 746 te
1537 720 1608 749 Deus
1633 730 1677 749 re-

49 751 208 787 ’πρόσφατος
217 761 223 768 ·

890 767 955 786 CCIIS
976 769 980 786 Ζ

84 797 128 825 19,
144 798 180 834 (ιν)
195 799 263 826 Οὐδὲ
277 802 475 836 προσκυνήσεις
490 801 543 837 θεῷ
558 802 700 838 ἀλλοτρίῳ.

926 806 967 833 19.
986 805 1079 842 Neque
1096 808 1222 836 adorabis
1242 810 1323 837 deum
1342 810 1470 839 alienum.

83 842 129 870 20.
149 843 219 878 Ἐγὼ
235 845 288 881 γάρ
303 847 360 882 εἰμι
375 847 476 882 Κύριος
490 849 503 874 ὁ
514 848 580 880 Θεός
597 857 642 875 σου
653 857 659 864 ·

924 852 968 880 ‘20.
984 852 1040 888 Ego
1056 854 1127 881 enim
1144 863 1204 882 sum
1222 856 1354 885 Dominus
1369 857 1441 886 Deus
1454 863 1520 888 tuus
1534 869 1541 888 :

84 889 130 916 21.
151 890 181 916 'O
198 891 343 926 ἀναγαγών
359 901 388 919 σε
401 897 433 920 ἐκ
449 895 500 929 γῆς
511 895 649 929 Αἰγύπτου
660 904 666 910 ·

855 903 876 930 Β
924 897 968 924 21.
986 898 1038 931 Qui
1055 899 1135 926 eduxi
1153 905 1177 927 te
1193 901 1226 928 de
1242 907 1312 929 terra
1330 903 1439 938 Aﬂgypti
1457 913 1461 930 :

81 937 127 963 22.
143 938 279 965 Πλάτυνον
293 939 322 965 τὸ
339 940 425 975 στόμα
441 949 497 974 σου,
516 942 563 967 καὶ
579 941 716 977 πληρώσω
732 943 806 969 αὐτό.

732 943 806 969 αὐτό.
919 943 964 970 22.
983 944 1070 972 Dilata
1084 953 1115 973 os
1128 950 1214 978 tuum,
1230 953 1256 974 et
1274 937 1391 983 implebo
1403 937 1478 976 illud.

83 982 128 1010 25.
143 984 198 1010 Καὶ
214 984 263 1010 οὐκ
278 985 394 1020 ἤκουσεν
413 987 427 1012 6
446 986 509 1019 λαός
526 995 577 1022 μου
595 988 643 1023 τῆς
658 989 749 1023 φωνῆς
767 995 835 1023 μου¹

919 989 965 1016 25.
980 989 1013 1017 Et
1026 999 1079 1018 non
1097 992 1202 1020 audivit
1218 982 1335 1028 populus
1356 1003 1433 1022 meus
1448 1003 1543 1023 vocem
1560 1005 1648 1024 meam
1666 1007 1672 1011 ·

80 1027 125 1054 24.
140 1028 195 1055 Καὶ
212 1029 320 1066 Ἰσραὴλ
334 1031 365 1057 οὐ
380 1032 514 1067 προσέσχε
532 1041 588 1067 μοι.

919 1035 965 1062 at.
983 1035 1015 1063 Et
1032 1036 1115 1064 Israel
1132 1046 1186 1065 non
1202 1027 1318 1067 intendit
1331 1041 1408 1067 milii.

81 1074 127 1101 25.
145 1075 201 1102 Καὶ
214 1077 390 1110 ὲξαπέστειλα
397 1079 477 1111 αὐτὸς
487 1079 608 1116 [αὐτοὺς]
618 1081 688 1108 κατὰ
697 1081 731 1107 τὰ
742 1082 835 1116 ἐπιτη-

919 1081 964 1109 25.
995 1082 1028 1110 Ει
1053 1083 1144 1111 dimisi
1167 1092 1214 1112 eos
1243 1087 1394 1114 secundum
1424 1087 1559 1116 desideria
1583 1090 1673 1118 cordis

44 1119 168 1156 διύματα
183 1122 237 1149 τῶν
254 1123 372 1159 καρδιῶν
384 1124 488 1151 αὐτῶν

254 1123 372 1159 καρδιῶν
384 1124 473 1151 αὐτῶν
481 1133 488 1140 ι
885 1135 980 1155 eorum
997 1136 1002 1155 :

81 1179 118 1250 Ea)
140 1179 217 1208 Vers.
242 1181 286 1208 18.
315 1183 439 1218 Ἰσραήλ·
471 1184 553 1215 Ἐάν,
578 1189 630 1212 etc.
649 1185 680 1213 V.
704 1186 747 1213 19.
771 1186 827 1212 Οὐκ

93 1215 119 1250 b)
136 1215 212 1243 Vers.
235 1216 279 1243 20.
302 1217 387 1250 Οὺδέ,
404 1223 456 1246 etc.
479 1219 509 1246 V.
529 1219 573 1246 ‘21.
594 1220 663 1250 Ἐγὼ
686 1221 758 1250 γάρ.
786 1225 835 1248 etc.

390 1183 439 1218 ήλ·
471 1184 553 1215 Ἐάν,
578 1189 630 1212 etc.
649 1185 680 1213 V.
704 1186 747 1213 19.
771 1186 827 1212 Οὐκ
848 1185 941 1216 ἔσται.
961 1192 1014 1215 etc.

404 1223 456 1246 etc.
479 1219 509 1246 V.
529 1219 573 1246 ‘21.
594 1220 663 1250 Ἐγὼ
686 1221 758 1250 γάρ.
786 1225 839 1248 etc.
859 1221 891 1248 V.
911 1222 956 1249 22.
975 1223 1004 1249 '0
1019 1223 1144 1250 ἀναγαγά

93 1215 119 1250 b)
136 1215 212 1243 Vers.
235 1216 279 1243 20.
302 1215 456 1252 οὺδέ,ἐις.
479 1219 509 1246 ν.
529 1219 573 1246 ‘21.
594 1220 663 1255 Ἐγὼ
686 1221 758 1257 γάρ,
786 1225 839 1248 etc.

535 1219 573 1246 21.
594 1220 663 1255 Ἐγὼ
686 1221 758 1257 γάρ,
786 1225 839 1248 etc.
859 1221 891 1248 V.
911 1215 956 1249 29..
975 1223 1004 1249 '0
1019 1223 1166 1258 ἀναγαγών
1180 1233 1221 1258 σε,
1236 1230 1289 1253 etc.

610 1277 797 1306 ATHANASII
818 1277 1107 1309 lNTERPRETATlO.
1434 1310 1437 1315 .

81 1321 108 1349 9.
121 1320 159 1348 Τὸ
178 1321 263 1354 πάθος
283 1322 367 1349 αὑτοῦ
389 1324 562 1359 μνημόσυνον
581 1324 657 1352 ἔθετο
674 1327 702 1353 ὲν
723 1325 762 1361 τῷ
776 1325 833 1360 λαῷ

919 1327 945 1354 9.
961 1328 1123 1357 Passionem
1145 1338 1222 1358 suam
1244 1332 1406 1359 memoriam
1423 1339 1515 1367 posmt
1530 1335 1557 1361 in
1575 1337 1672 1369 populo

43 1366 82 1402 τῷ
103 1366 310 1404 καθαριζομένῳ
335 1369 389 1395 ἀπὸ
410 1369 465 1396 τῶν
488 1371 630 1406 ἁμαρτιῶν
651 1371 700 1406 (1).
726 1371 797 1398 Ἰωσὶ

919 1375 1028 1403 tundato
1056 1383 1071 1402 a
1097 1377 1226 1411 peccatis.
1251 1377 1349 1413 Ioseph
1374 1366 1446 1406 enim
1481 1366 1673 1415 interpretatur

44 1414 99 1448 γὰρ
115 1413 294 1449 ἑρμηνεύεται
311 1414 430 1441 ὀνείδου
444 1416 611 1450 ἀφαίρεσις,
626 1417 705 1452 οἵπερ
721 1417 790 1443 εἰσὶν

811 1417 831 1442 at
882 1419 979 1447 oblatio
996 1422 1140 1456 opprobrii,
1158 1424 1230 1458 quod
1251 1425 1379 1452 convenit
1394 1413 1565 1453 illuminalisi.

44 1459 233 1495 φωτιζόμενοι.

78 1505 122 1533 10.
136 1507 180 1532 Ἐν
193 1506 230 1542 (2)
242 1506 280 1542 τῷ
295 1507 340 1534 τὸν
357 1507 421 1535 λαὸν
438 1507 600 1544 λυτροῦσθαι
616 1508 670 1535 τῶν
688 1508 829 1544 ἁμαρτιῶν

918 1509 960 1535 10.
977 1509 1044 1537 Cum
1063 1511 1190 1540 liberaret
1206 1513 1338 1548 populum
1355 1522 1370 1541 a
1386 1516 1508 1549 peccatis
1527 1524 1633 1544 eorum.

41 1559 143 1578 αυτων.

78 1596 121 1624 11.
142 1597 178 1624 Τὸ
196 1599 326 1634 κήρυγμα
347 1597 392 1626 τοῦ
414 1599 517 1635 Κυρίου
529 1619 536 1632 ,
554 1601 622 1636 ὅπερ
638 1601 687 1627 οὐκ
709 1601 829 1636 ᾔδεισαν,

920 1599 963 1626 11.
981 1599 1150 1628 Dominicam
1174 1602 1396 1636 praedicationem
1415 1612 1422 1629 :
1444 1612 1525 1639 quam
1546 1614 1600 1633 non
1620 1615 1669 1634 no-

40 1641 161 1676 ἦκουσαν
177 1641 212 1668 τὰ
223 1642 297 1678 ἔθνη.

881 1649 985 1676 verant,
999 1646 1160 1673 audiverunt
1175 1652 1278 1681 gentes.

75 1686 120 1714 12.
141 1686 300 1724 Ἀπέστησε,
327 1689 374 1716 καὶ
401 1690 564 1726 ἀπεστράφη
596 1691 665 1726 μετὰ
693 1691 779 1718 ταῦτα
795 1691 827 1718 τὸ

916 1690 959 1717 12.
979 1689 1127 1723 Discessit,
1153 1697 1180 1719 et
1206 1698 1279 1720 retro
1305 1702 1438 1722 conversa
1464 1700 1505 1724 est
1527 1702 1586 1731 post
1612 1698 1668 1726 ha‘c

39 1732 252 1770 σκληροτραχεῖν
269 1737 306 1771 (5)
318 1736 373 1762 τῶν
391 1736 535 1764 Ἰουδαίων.

460 1737 535 1764 αίων.
880 1737 1031 1771 pervicacia
1048 1736 1214 1765 Judmorum.

73 1778 118 1806 15.
134 1779 164 1806 Οἱ
179 1771 322 1807 ἀπόστολοι
336 1782 364 1808 ἐν
384 1781 423 1817 τῷ
436 1782 531 1818 κόσμῳ
550 1782 588 1818 τῷ
603 1782 788 1818 πεπληγμένῳ
799 1783 827 1809 τὸ

916 1782 959 1810 15.
977 1783 1098 1818 Apostoli
1115 1783 1142 1810 in
1166 1784 1269 1812 mundo
1294 1790 1405 1820 stupore
1428 1787 1553 1820 perculso
1568 1784 1664 1822 pr'asdi-

38 1825 171 1860 κήρυγμα
186 1826 336 1861 διηκόνουν.

879 1828 1013 1855 cationcm
1031 1829 1271 1857 administrabant.

74 1871 118 1899 id.
132 1871 204 1907 Πρὸς
228 1873 274 1899 τὸν
289 1872 353 1900 λαὸν
374 1873 465 1908 λέγει·
488 1874 531 1900 Ἐν
547 1875 695 1910 ἁμαρτίαις
711 1874 749 1901 ὢν
778 1875 827 1902 ἐπ-

917 1875 958 1901 11.
974 1875 1012 1901 Ad
1030 1875 1160 1910 populum
1180 1876 1307 1911 loquitur
1321 1886 1327 1903 :
1343 1877 1485 1906 Exsislcns
1500 1879 1525 1905 in
1549 1881 1666 1912 pecralis

37 1917 159 1944 εκαλὲσω
175 1927 219 1952 με,
235 1919 282 1946 καὶ
299 1919 457 1955 ἐρρυσάμην
474 1928 514 1947 σε.

880 1920 1011 1947 invocasti
1030 1928 1084 1951 me,
1103 1925 1130 1947 et
1144 1921 1257 1948 liberavi
1277 1926 1311 1948 te.

71 1963 117 1991 15.
133 1964 290 2000 Ἐπήκουσά
303 1973 349 1992 σου
363 1966 391 1992 ὲν
405 1966 443 2001 τῷ
462 1966 551 1992 σκότει
563 1966 659 2002 τῆςμ)
679 1967 825 2003 ἁμαρτίας.

689 1968 825 2003 ιμαρτιας.
915 1966 958 1992 15.
973 1965 1104 1993 Exaudivi
1121 1971 1146 1994 te
1158 1967 1185 1994 in
1199 1967 1318 1995 tenebris
1329 1967 1443 2002 peccati.

70 2008 115 2035 16.
138 2009 199 2035 Ἐπὶ
212 2010 259 2036 τοῦ
278 2010 472 2046 βαπτίσματος.

410 2018 472 2042 ιτος.
914 2013 957 2040 16.
972 2013 1000 2039 In
1019 2013 1164 2048 baptismo.

68 2055 82 2081 1
88 2055 114 2087 7,
131 2055 172 2082 18.
184 2056 221 2091 (5)
230 2056 345 2082 Ἐπὶτοῦ
353 2057 538 2092 βαπτίσματος
546 2057 762 2094 διαμαρτύρεται
773 2059 805 2085 αὖ
811 2074 822 2079 -

914 2059 959 2092 17,
976 2059 1021 2086 18.
1044 2058 1072 2086 In
1094 2059 1230 2094 baptismo
1249 2063 1417 2088 contestatus
1431 2064 1474 2087 est
1496 2061 1540 2092 ei;
1564 2060 1605 2088 vir
1626 2061 1663 2087 vi-

35 2101 86 2136 τῷ·
105 2102 174 2136 ἀνὴρ
186 2101 255 2128 ὁ¹τὸν
269 2101 333 2128 Θεὸν
345 2102 426 2138 ὁρῶν,
438 2102 485 2130 ἐὰν
497 2102 616 2138 ἀκούσῃς
632 2113 693 2139 μου,
707 2105 757 2130 οὐκ
767 2104 789 2131 ἔι

912 2112 944 2131 ns
961 2104 1055 2136 Deum,
1073 2104 1095 2132 si
1111 2104 1230 2131 audieris
1246 2112 1300 2135 me,
1317 2112 1372 2132 non
1388 2105 1440 2132 erit
1463 2105 1489 2132 in
1512 2110 1548 2138 te,
1569 2114 1663 2141 quem-

35 2146 61 2173 ὲν
79 2147 133 2179 σοὶ,
150 2147 188 2179 ὡς
202 2147 254 2183 πρὸ
266 2147 360 2174 τούτου
379 2148 428 2184 μὲν
443 2147 479 2183 μὴ
493 2147 540 2180 ὣν,
552 2148 620 2183 μετὰ
629 2149 714 2175 ταῦτα
725 2150 789 2184 λέγω

755 2158 820 2184 γων.
877 2150 1023 2176 admodum
1042 2158 1092 2177 nec
1110 2155 1189 2177 antea
1202 2150 1263 2182 fuit,
1277 2155 1307 2177 ut
1320 2155 1415 2186 postea
1432 2150 1506 2178 dicit.

68 2193 112 2220 19.
137 2193 204 2219 Οὐδὲ
235 2193 336 2228 κτίσμα
358 2193 517 2229 προσθήκην
541 2193 602 2220 τινὰ
623 2196 820 2231 προσκυνήσεις

913 2195 956 2222 19.
976 2195 1069 2230 Neque
1090 2204 1146 2223 rem
1168 2201 1288 2223 creatam
1312 2196 1528 2223 additamentum
1552 2197 1661 2232 aliquod

35 2239 104 2275 πλὴν
120 2240 169 2274 τῆς
183 2239 309 2275 Τριάδος.

871 2242 1009 2273 adorabis,
1028 2243 1074 2269 sed
1091 2243 1178 2269 solam
1198 2239 1369 2269 Trinitatem.

65 2285 111 2316 20,
127 2285 171 2311 21.
191 2285 262 2319 Ἐγὼ
282 2285 335 2321 γάρ
352 2286 409 2320 εἰμι
429 2287 443 2312 6
458 2286 605 2321 Δεσπότης,
623 2287 671 2313 καὶ
685 2287 819 2323 Δημιουρ-

909 2287 954 2317 20,
971 2287 1016 2314 2|.
1030 2287 1086 2323 Ego
1103 2288 1176 2314 enim
1195 2295 1254 2315 sum
1268 2287 1411 2320 Dominus,
1425 2293 1451 2315 et
1462 2288 1574 2315 Creator
1587 2293 1659 2323 tuusl

35 2330 77 2363 γός
100 2339 161 2362 σου,
181 2331 195 2357 6
215 2330 260 2357 διὰ
272 2331 319 2358 τοῦ
334 2331 437 2363 πάθους
453 2341 504 2368 μου
517 2332 662 2367 ἀναγαγών
678 2341 707 2358 σε
726 2335 756 2359 ἐκ
771 2342 789 2359 τη

912 2334 917 2360 i
937 2342 983 2368 per
999 2334 1155 2369 passionem
1173 2341 1260 2361 meam
1273 2334 1355 2361 eduxi
1376 2338 1402 2362 te
1420 2342 1434 2361 e
1455 2335 1583 2362 servitute
1600 2343 1661 2370 pec-

32 2374 151 2408 δουλείας
164 2377 213 2412 τῆς
227 2377 372 2412 ἁμαρτίας.
872 2380 934 2407 cati.

65 2421 110 2449 22.
125 2421 247 2454 Ἀνοιξον
259 2422 290 2449 τὸ
306 2423 393 2458 στόμα
407 2431 463 2454 σου,
476 2423 523 2449 καὶ
534 2422 599 2449 λαϐὲ
613 2423 723 2457 Πνεῦμα
735 2423 819 2457 ἅγιον.

910 2427 955 2453 92.
973 2426 1053 2460 Aperi
1070 2433 1102 2453 os
1115 2431 1203 2458 tuum,
1219 2429 1245 2453 et
1260 2426 1351 2460 accipe
1366 2425 1495 2461 Spiritum
1508 2432 1641 2456 sanctum.

65 2467 112 2495 25.
133 2468 217 2494 Καιοὶ
235 2468 440 2503 ἀπιθοῦντες(α)
460 2468 580 2495 Ἰουδαῖοι
597 2468 647 2494 οὐκ
660 2467 819 2495 ὲπίστευσάι

907 2474 952 2501 25.
972 2473 1004 2500 Et
1020 2473 1151 2501 increduli
1164 2473 1249 2501 Judaei
1261 2473 1328 2500 mihi
1341 2481 1394 2501 non
1406 2474 1588 2502 crediderunt.

53 2521 92 2540 ου.

36 2521 108 2586 μοέλ.
123 2559 155 2586 Οἱ
167 2559 243 2586 αὐτοὶ
263 2559 382 2586 Ἰουδαῖοι
396 2559 550 2595 ὴρνήσαντό
567 2568 617 2594 με.

905 2562 950 2589 24.
968 2562 1051 2589 [idem
1064 2561 1151 2590 δυ(ιωί
1165 2567 1330 2598 negaverunt
1343 2570 1396 2589 me.

63 2605 106 2634 25.
120 2605 176 2631 Καὶ
188 2605 268 2632 εἴασα
280 2605 376 2636 αὐτοὺς
387 2606 416 2633 ὲν
427 2606 486 2636 ταῖς
500 2604 658 2640 ἐπιθυμίαις
675 2605 729 2632 τῶν
747 2615 813 2643 καρ-

907 2607 988 2635 25.Ει
995 2608 1085 2636 dimisi
1093 2615 1140 2635 eos
1147 2609 1173 2635 in
1183 2609 1412 2643 concupiscentiis
1420 2608 1543 2636 cordium
1551 2613 1656 2634 eorum.

33 2646 91 2676 ὂιῶν
108 2649 209 2677 αὐτῶν.

501 2684 655 2714 Addenda
680 2689 710 2714 et
734 2688 921 2729 corrigenda
937 2698 976 2719 ex
992 2690 1063 2720 cod.
1079 2689 1178 2720 Vatic.

65 2735 102 2772 (1)
122 2735 275 2772 Ἀμαρτιῶν
287 2735 386 2767 αὐτῶν,
402 2739 468 2766 ftc.;
484 2734 569 2769 ὅσπερ
588 2741 637 2768 pro
650 2735 740 2770 οἵπερ.

65 2770 99 2781 Ιοι
114 2771 137 2781 \V
165 2772 195 2781 ιιι
223 2772 250 2781 an
261 2772 279 2781 ,I
301 2780 305 2781 ν
316 2771 340 2781 ,"
359 2771 544 2781 D,.__I_..__-_

905 2739 950 2781 (5).
967 2739 998 2766 N.
1017 2739 1059 2781 1_7.
1089 2739 1161 2781 ἐπε,
1184 2738 1289 2781 βιο.,Ν.
1312 2739 1365 2781 is“
1379 2739 1470 2781 Ἀνῄρ,
1488 2743 1544 2781 etc“.
1561 2738 1593 2765 N.
1613 2739 1654 2781 19‘.

63 2770 342 2817 ςὲ)’1οζ;Επὶτοιῖ
359 2771 555 2811 βαπτίσματοξ.
641 2804 655 2817 Δ
694 2804 702 2811 ἢ
777 2812 782 2817 ι
870 2770 924 2814 oo}.
934 2770 1016 2817 ἔσται
1029 2776 1057 2801 ἐν
1066 2774 1303 2817 Ξοὶξηπρρῑτούτου
1321 2770 1452 2817 Θεὸςημὲν
1514 2773 1569 2817 μῶν,
1587 2774 1657 2817 μετὰ

152 2807 195 2850 1'2.
205 2804 378 2850 ’ἀπεστράφη
389 2815 417 2840 μ.
427 2814 452 2831 τ.
465 2813 491 2831 τ.
502 2804 568 2839 σκλη
574 2804 749 2840 ροτράχηλον,
760 2812 811 2834 etc.

901 2811 950 2835 ὑτα
961 2810 987 2836 δὲ
1002 2809 1047 2835 ὧν.
1065 2809 1096 2836 Ν.
1109 2810 1152 2836 :10.
1166 2804 1236 2835 Όὺοὲ
1250 2810 1351 2850 κτίσμα
1361 2830 1373 2850 ἱ
1420 2804 1653 2850 πρόσθηκηνίειπ.

65 2840 101 2877 (4)
119 2842 212 2868 Σκότει
228 2840 377 2878 ὕντοςτῆές.
866 2844 897 2872 Ν.
914 2845 959 2871 ‘21.
977 2845 1046 2871 Ἑνὼ
1062 2845 1116 2871 "aio
1142 2849 1193 2872 clc.
1208 2847 1240 2871 ἢ.
1253 2845 1298 2870 22.
1315 2840 1346 2870 Ὅ
1360 2840 1403 2870 6ιᾶ
1417 2840 1462 2869 σόῦ
1477 2840 1578 2875 πάθους
1593 2852 1653 2879 μου.

64 2886 100 2913 (al
122 2888 312 2920 Ἀπιθοῦντες.
330 2886 409 2915 Forte
426 2885 611 2917 ἁπιστοῗωτες.
626 2887 705 2915 Ευιτ.
