1881 3053
237 157 304 185 1007

658 156 686 183 S.
705 154 888 182 ATHANASII
909 154 984 182 UPP.
1007 155 1096 182 PARS
1115 154 1159 182 Ill.
1178 170 1213 175 —
1234 154 1439 183 EXEGETICA.

1798 156 1860 183 1008

270 216 296 242 2.
313 215 497 250 Concupiscit,
526 219 551 242 et
581 214 669 242 deficit
696 216 785 242 anima
813 223 872 242 mea
894 215 922 242 in
946 214 1032 246 atria,

1105 215 1128 242 Ξ.
1159 215 1311 247 Ἐπιποοεί,
1340 216 1387 242 καὶ
1413 214 1534 241 ἐκλείπει
1552 216 1568 250 ὴ
1591 215 1664 251 ψυχή
1683 224 1735 251 μου
1754 215 1796 248 εἰς
1816 216 1859 246 τὰς

236 261 353 290 Domini.

272 309 298 336 5.
315 308 369 337 Cor
384 315 473 336 meum
484 313 510 336 et
522 316 587 336 caro
600 316 660 336 mea
668 306 878 337 'exsultaverunt
891 308 918 335 in
933 307 1018 336 Deum

235 355 326 383 vivum

270 401 296 428 4.
315 401 420 428 Etenim
436 408 530 435 passer
545 400 647 427 invenit
658 400 709 427 sibi
723 400 854 427 domum:

272 447 297 474 5.
316 446 348 473 Et
365 451 456 474 turtur
477 447 570 474 nidum
588 446 652 478 sibi,
669 446 715 473 ubi
732 451 813 481 ponat
831 446 919 482 pullos
932 452 1017 474 suos:

268 535 294 562 6.
313 535 416 562 Altaria
432 539 493 567 tua,
510 534 624 562 Domine
644 533 774 561 virtutum
786 554 793 566 ,
817 541 864 561 rex
893 541 970 562 meus
993 538 1020 562 et

236 581 307 610 Deus
320 589 407 609 meus.

270 628 298 655 7.
315 627 388 654 Beati
403 628 449 662 qui
464 627 587 654 habitant
599 628 625 653 in
640 626 722 654 domo
737 631 782 654 tua
796 637 802 654 :

269 673 297 701 8.
315 672 344 700 In
360 673 458 701 saecula
472 673 633 700 saeculorum
651 673 800 700 laudabunt
815 678 849 700 te.

545 717 710 752 Diapsalma.

271 766 297 793 9.
314 765 413 793 Beatus
428 764 479 796 vir,
493 764 538 792 cui
548 769 589 792 est
601 765 730 792 auxilium
745 765 795 800 ipsi
808 765 856 792 ahs
871 769 916 792 te:

272 812 314 838 10.
330 811 511 839 Ascensiones
523 811 549 837 in
563 811 645 838 corde
659 819 708 838 suo
723 811 874 846 disposuit,

272 859 314 886 11.
332 857 359 884 In
377 857 445 884 valle
456 856 637 892 lacrymarum
651 857 678 883 in
691 857 762 888 loco,
778 865 859 892 quem
880 857 982 892 posuit.

271 949 314 977 12.
332 947 437 975 Etenim
451 947 664 976 benedictionem
681 947 756 975 dabit
767 947 906 984 legislator
921 957 927 975 ε

273 995 316 1022 15.
332 994 411 1021 Ibunt
423 993 457 1021 de
468 994 567 1021 virtute
579 994 606 1021 iu
621 987 748 1021 virtutem
762 1003 769 1021 :

270 1041 315 1068 14.
334 1039 475 1068 Videbitur
489 1040 561 1068 Deus
575 1041 690 1068 deorum
708 1041 734 1068 in
753 1040 831 1068 Sion.

271 1087 315 1128 ιβ.
335 1086 448 1114 Domine
475 1086 546 1114 Deus
572 1088 722 1121 virtutum,
749 1087 846 1116 exaudi
868 1087 1020 1116 orationem

237 1143 325 1164 meam
342 1145 348 1162 Ζ

549 1181 716 1216 Diapsalma.

274 1227 315 1255 I6.
332 1227 451 1255 Auribus
465 1227 583 1262 percipe,
605 1226 676 1254 Deus
691 1226 786 1255 Jacnb.

271 1273 316 1301 17.
332 1273 474 1301 Protector
489 1277 581 1299 noster
595 1272 696 1308 aspice,
718 1272 790 1300 Deus
803 1282 810 1299 :

273 1341 310 1377 (a)
328 1340 405 1377 νει-ε.
423 1341 450 1367 7.
471 1340 500 1377 'O_

1068 260 1153 292 αὐλὰς
1166 261 1213 287 τοῦ
1233 262 1346 296 Κυρίου.

1104 307 1131 334 3.
1150 307 1181 333 Ἦ
1192 307 1290 342 καρδία
1304 316 1353 343 μου
1371 308 1419 334 καὶ
1449 308 1465 343 ἡ
1495 307 1564 344 σάρξ
1584 316 1634 343 μου
1665 307 1859 343 ὴγαλλιάσαντο

1069 353 1115 380 ἐπὶ
1126 353 1192 380 Θεὸν
1206 353 1304 386 ζῶντα.

1104 400 1131 428 4.
1146 401 1202 427 Καὶ
1215 400 1270 435 γὰρ
1286 400 1425 435 στρουθιον
1443 397 1521 435 εὗρεν
1537 400 1625 436 ἑαυτῷ
1639 400 1741 428 οἰκίαν·

1105 445 1131 471 5.
1146 446 1202 472 Καὶ
1217 445 1324 480 τρυγὼν
1336 445 1444 472 νοσσιὰν
1458 446 1553 481 ἑαυτῇ,
1577 442 1608 472 οὖ
1621 445 1702 482 Θήσει
1717 446 1756 473 τὰ
1772 447 1857 473 νοσσία

1069 491 1179 526 ἑαυτῆς.

1104 535 1130 564 6.
1145 537 1185 563 Τὰ
1198 537 1381 574 θυσιαστήριά
1404 547 1462 571 σου,
1489 539 1576 575 Κύριε
1599 538 1654 566 τῶν
1673 539 1827 574 δυνάμεων,
1846 542 1858 566 ὁ

1071 583 1197 619 βασιλεύς
1209 585 1246 619 (a)
1266 594 1318 621 μου
1334 586 1380 612 καὶ
1393 586 1407 612 ὁ
1418 586 1484 617 Θεός
1496 594 1558 621 μου.

1105 630 1131 657 7.
1148 631 1285 666 Μακάριοι
1298 632 1322 658 οε
1336 631 1525 663 κατοικοῦντες
1536 632 1565 658 ἐν
1578 631 1617 667 τῷ
1632 631 1699 666 οἴκῳ
1714 640 1776 658 σου·

1105 676 1131 703 8.
1150 677 1196 708 Εἰς
1209 679 1272 708 τοὺς
1287 677 1386 709 αἰῶνας
1398 676 1451 703 τῶν
1462 677 1566 705 αἰώνων
1577 678 1712 705 αἰνέσουσί
1731 686 1772 704 σε.

1371 724 1538 759 Διίὶψαλμα.

1103 768 1273 805 9.Μακάριος
1278 765 1380 804 ἀνὴρ,ᾦ
1386 769 1458 795 ἐστιν
1465 770 1684 806 ἁντίληψιςαὺτῷ
1690 770 1771 807 παρὰ
1777 770 1858 804 σοίίῡ).

1106 815 1149 842 10.
1170 815 1327 847 ’Λναὸάσεις
1340 817 1368 841 ἐν
1382 817 1414 851 τῇ
1427 816 1525 851 καρδίᾳ
1541 816 1621 843 αὑτοῦ
1642 817 1760 849 διέθετο,

1106 861 1149 888 11.
1166 862 1213 893 Εἰς
1229 862 1276 897 τὴν
1291 861 1401 888 κοιλάδα
1430 861 1477 889 τοῦ
1494 862 1680 898 κλαυθμῶνος,
1705 864 1750 895 εἰς
1770 863 1814 890 τὸν
1829 863 1857 898 (τ)

1033 898 1058 928 Β
1070 907 1162 940 τόπον,
1179 908 1207 935 ὃν
1220 908 1305 935 ἔθετο.

1105 952 1149 980 12.
1161 954 1215 979 Καὶ
1228 954 1281 990 γὰρ
1294 954 1416 988 εὐλογίας
1440 955 1520 982 δώσει
1530 956 1545 982 ὁ
1557 955 1722 990 νομοθετῶν.

1106 1000 1149 1027 15.
1168 1000 1349 1036 Πορεὺσονται
1365 1003 1396 1028 ἐκ
1410 1002 1550 1037 δυνάμεως
1567 1003 1605 1034 εἰς
1619 1002 1748 1036 δύναμιν·

1108 1046 1150 1072 14.
1174 1047 1335 1083 Ὀιροήσεται
1348 1048 1439 1080 otiae;
1452 1049 1505 1074 τῶν
1524 1049 1592 1075 θεῶν
1611 1050 1638 1075 ἐν
1656 1048 1739 1075 Σιών.

1108 1093 1150 1119 15.
1167 1094 1252 1129 Κύριε
1265 1096 1279 1121 ό
1295 1095 1361 1127 Θεὸς
1372 1096 1427 1122 τῶν
1455 1095 1606 1131 δυνάμεων,
1631 1095 1793 1123 εἰσάκουσον
1815 1096 1856 1129 τῆς

1071 1140 1225 1175 προσευχῆς
1241 1149 1301 1176 μου·

1375 1187 1542 1221 Mdg-(4.11m.

1107 1231 1150 1257 16.
1169 1231 1320 1265 Ἐνὼτισαι,
1333 1233 1347 1258 ὁ
1365 1233 1431 1264 Θεὸς
1449 1233 1555 1260 Ἰακώϐ.

1109 1277 1152 1304 17.
1176 1278 1381 1314 Ὑπερασπιστὰ
1393 1278 1482 1314 ἡμῶν,
1500 1279 1548 1312 ἴδε,
1563 1280 1576 1305 ὀ
1590 1279 1667 1312 Θεός·

514 1339 638 1381 βασιλεύς
659 1346 790 1381 “putem.
855 1341 880 1368 8.
897 1340 1039 1381 μακάριοι
1054 1342 1156 1375 πάντες
1168 1345 1214 1381 poi,
1230 1349 1284 1374 etc.

272 1373 310 1414 (ὁ)
390 1377 463 1414 ἔστιν
490 1373 630 1409 ἀντίληψις
655 1373 736 1402 αὑτοῦ
761 1376 834 1411 παρὰ
863 1376 920 1403 σοῦ.
936 1379 970 1403 At
987 1373 1032 1403 in:

1108 1399 1115 1406 .
1132 1373 1182 1407 σοι.

273 1411 308 1447 (ε)
319 1411 370 1437 Τόν
390 1411 473 1439 deest.

799 1455 844 1482 AT
847 1454 983 1483 HANASII
1005 1455 1297 1485 INTERPRETATIU.

273 1516 299 1543 2.
315 1515 399 1551 Cupio
413 1514 521 1542 dissolvi
531 1535 538 1547 ,
553 1518 578 1541 et
593 1522 648 1541 esse
663 1522 721 1541 cum
740 1513 844 1541 Christo
859 1515 879 1541 ².

273 1562 303 1588 5.
316 1560 383 1589 Tota
398 1561 499 1593 anima,
514 1565 541 1588 et
553 1567 666 1596 corpore
681 1560 708 1587 in
726 1560 779 1587 Deo
792 1560 921 1588 inhaereo.

273 1650 301 1677 4.
314 1649 409 1678 Omnis
432 1650 523 1677 anima
545 1653 702 1677 sanctorum
715 1649 786 1685 apud
801 1649 885 1677 Deum
900 1650 1021 1684 requiem

237 1696 328 1724 habet.

274 1743 299 1770 5.
318 1742 351 1770 Et
362 1742 448 1770 Filius
462 1740 510 1769 Dei
523 1740 605 1768 habet
621 1747 717 1768 rursus
734 1739 781 1768 ubi
803 1741 926 1770 habitare
940 1741 1022 1770 faciat

238 1793 346 1816 sanctos
363 1794 438 1815 SUOS.

272 1833 299 1862 6.
316 1833 406 1861 Corda
422 1835 579 1860 sanctorum
604 1834 712 1858 tuorum
726 1844 736 1862 ,-
758 1838 876 1866 regnans
892 1835 920 1859 et
933 1832 1021 1860 domi-

238 1888 307 1909 nans
321 1881 349 1908 in
366 1887 418 1907 me.

274 1927 301 1954 7.
321 1927 351 1953 In
368 1933 485 1960 superna
507 1923 671 1952 Jerusalem.

272 1973 299 2000 8.
315 1971 495 2000 incessanter.

271 2020 299 2046 9.
316 2018 344 2046 In
358 2025 413 2054 quo
426 2016 587 2045 inhabitavit
602 2015 687 2050 gratia
701 2021 758 2042 tua.

273 2066 318 2093 10.
335 2064 463 2092 Ccelestia
477 2063 587 2098 cogitat,
600 2066 628 2089 et
639 2066 778 2096 operatur.

273 2113 317 2139 11.
334 2111 488 2139 Humilians
509 2111 556 2144 δεῖ,
578 2114 605 2138 et
623 2109 734 2144 plorans
756 2107 838 2136 corde
857 2114 912 2136 suo’
932 2108 1019 2136 inhae-

237 2163 314 2187 rente
333 2157 391 2186 tibi.

273 2205 317 2232 12.
334 2205 362 2231 In
377 2210 462 2238 regno
476 2202 544 2234 suo,
564 2202 630 2230 dicit
648 2201 796 2228 Dominus:
818 2199 930 2234 VeniteL
945 2200 1020 2227 bene-

238 2251 302 2278 dicti
316 2249 405 2277 Patris
419 2249 480 2283 mei,
494 2248 604 2283 accipite
615 2253 739 2282 paratum
757 2246 828 2273 vobis
841 2248 948 2281 regnum
961 2246 981 2273 ³.

272 2338 315 2365 15.
332 2337 409 2364 Ibunt
421 2345 454 2364 ex
465 2337 562 2371 gratia,
577 2343 637 2371 quae
651 2335 695 2363 hic
707 2339 749 2363 est
767 2335 795 2362 in
811 2335 888 2370 ipsis,
906 2335 932 2361 in
946 2335 1019 2362 hitu-

236 2391 295 2412 ram
310 2384 401 2411 vitam.

272 2430 316 2457 M.
336 2428 474 2457 Videbitur
498 2428 544 2456 Dei
569 2428 654 2455 Filius
668 2427 737 2455 Deus
751 2427 875 2461 deorum,
888 2429 933 2463 qui
949 2428 1016 2456 tales

236 2473 324 2509 gratia
338 2477 411 2506 sunt,
423 2472 450 2499 in
465 2472 582 2500 adventu
598 2479 658 2499 suo.

271 2519 316 2548 15.
331 2518 415 2555 imple
426 2519 567 2554 petitiones
585 2525 670 2545 meas.

271 2567 314 2593 16.
333 2565 419 2598 Audi,
432 2564 502 2592 Deus
513 2563 605 2591 Jacoh.

270 2613 314 2641 17.
332 2611 456 2642 Attende.
474 2611 555 2638 Deus.

270 2660 281 2676 ³
294 2658 411 2694 Philipp.
428 2666 446 2690 ι,
458 2656 502 2683 25.
541 2657 552 2672 ⁸
566 2655 659 2682 Matth.
679 2662 741 2687 xxv,
757 2655 802 2683 54.

1035 1509 1056 1538 C
1107 1516 1134 1543 2.
1154 1513 1301 1542 Ἐπιποθῶ
1317 1514 1483 1547 ἀναλῦσαι,
1499 1516 1548 1542 καὶ
1564 1515 1626 1543 σὺν
1641 1517 1762 1551 Χριστῷ
1776 1519 1855 1546 εἶναι.

1107 1562 1134 1589 5.
1152 1560 1240 1592 ’Ὁλως
1251 1561 1282 1596 τῇ
1301 1559 1373 1596 ψυχῇ
1386 1561 1434 1588 καὶ
1446 1561 1484 1597 τῷ
1497 1561 1602 1598 σώματι
1624 1563 1794 1600 πράσκειμαι
1817 1566 1856 1591 ἐπὶ

1071 1607 1117 1634 τὸν
1128 1607 1204 1633 Θεόν.

1107 1653 1134 1680 4.
1146 1653 1225 1680 Πᾶσα
1235 1652 1307 1689 ψυχὴ
1321 1653 1405 1688 ἁγίων
1419 1653 1475 1689 ἔχει
1485 1654 1638 1682 ἀνάπαυσιν
1652 1656 1730 1692 παρὰ
1745 1657 1784 1693 τῷ
1793 1657 1854 1692 Θεῷ.

1106 1741 1131 1767 5.
1150 1740 1205 1767 Καὶ
1215 1741 1229 1767 ὁ
1243 1740 1306 1772 Υἱὸς
1316 1739 1363 1767 τοῦ
1379 1740 1446 1767 Θεοῦ
1462 1741 1516 1776 ἔχει
1532 1743 1612 1770 πάλιν
1627 1744 1695 1771 ὅπου
1712 1745 1751 1781 (1)
1771 1755 1855 1773 κατοι-

1071 1787 1149 1821 κήσει
1162 1787 1224 1818 τοὺς
1236 1786 1330 1820 ἁγίους
1343 1786 1436 1815 αὑτοῦ.

1106 1833 1132 1860 6.
1149 1833 1181 1859 Ai
1197 1833 1306 1868 καρδίαι
1321 1833 1374 1860 τῶν
1391 1833 1477 1868 ἁγίων
1490 1842 1537 1861 σου
1550 1835 1599 1870 (2),
1617 1836 1631 1862 ὁ
1647 1836 1797 1872 βασιλεύων
1810 1837 1854 1873 (5).

1071 1879 1118 1905 καὶ
1133 1880 1148 1905 ὁ
1161 1878 1298 1911 δεσπόζων
1311 1888 1372 1915 μου.

1106 1924 1132 1950 7.
1149 1924 1195 1956 Εἰς
1211 1924 1268 1951 ἄνω
1281 1923 1468 1961 Ἰερουσαλήμ.

1106 1970 1133 1996 8.
1156 1969 1394 2003 Ἀκαταπαύστως.

1106 2014 1132 2042 9.
1147 2015 1193 2046 Et;
1203 2014 1233 2041 ὃν
1253 2016 1441 2051 ἐπεσκήνωσεν
1455 2017 1471 2052 ἡ
1494 2016 1574 2052 χάρις
1591 2025 1648 2046 σου.

1106 2060 1149 2087 10.
1162 2061 1202 2087 Τὰ
1219 2062 1367 2097 ἐπουράνια
1384 2064 1486 2097 φρονεῖ,
1503 2063 1549 2090 καὶ
1570 2064 1750 2092 πολιτεύεται.

1107 2107 1150 2134 il.
1168 2108 1318 2140 Ταπεινῶν,
1335 2109 1382 2135 καὶ
1395 2109 1433 2144 (4)
1449 2109 1554 2136 πενθῶν
1567 2111 1596 2137 ἐν
1612 2112 1645 2146 τῇ
1664 2113 1762 2149 καρδίᾳ
1778 2113 1853 2141 αὑτοῦ

1071 2154 1103 2188 τῇ
1118 2153 1285 2190 ἁνακειμένῃ
1297 2162 1348 2183 σοι,

1109 2199 1151 2226 12.
1174 2199 1219 2226 Ἐν
1234 2201 1267 2235 τῇ
1294 2199 1416 2236 βασιλείᾳ
1431 2201 1520 2228 αὐτῶν
1548 2202 1586 2237 (5)
1613 2202 1687 2238 λέγει
1716 2206 1730 2231 ὁ
1746 2205 1852 2241 Κύριος

1067 2246 1168 2278 Δεῦτε,
1185 2247 1212 2273 οἱ
1223 2247 1418 2282 εὐλογημένοι
1437 2247 1490 2274 τοῦ
1516 2249 1630 2283 Πατρός
1650 2259 1721 2285 μου,
1746 2251 1852 2279 ἀπολά-

1069 2293 1133 2319 ϐετε
1148 2292 1205 2326 τὴν
1221 2292 1523 2327 ἡτοιμασμένηνὺμῖν
1532 2295 1708 2326 βασιλείαν.

1103 2337 1147 2365 15.
1162 2337 1345 2374 Πορεύσονται
1360 2340 1391 2365 ἐκ
1403 2338 1452 2373 τῆς
1463 2339 1573 2374 χάριτος
1599 2341 1646 2376 τῆς
1666 2342 1748 2379 οὔσης
1763 2344 1792 2370 ὲν
1806 2343 1851 2369 αὐ-

1067 2383 1122 2413 τοῖς
1137 2382 1254 2409 ἐνταῦθα
1268 2383 1307 2414 εἰς
1318 2383 1367 2418 τὴν
1384 2383 1531 2418 μέλλουσαν
1548 2385 1630 2420 ζωήν.

1106 2428 1150 2456 14.
1171 2429 1350 2464 Ὀραθήσεται
1365 2430 1378 2455 ὁ
1389 2429 1453 2462 Υἱὸς
1464 2431 1510 2457 τοῦ
1522 2430 1590 2458 Θεοῦ
1605 2432 1643 2468 (6)
1657 2433 1712 2459 τῶν
1727 2435 1795 2462 κατὰ
1808 2434 1850 2470 χά-

1069 2483 1109 2511 ριν
1122 2474 1189 2500 θεῶν
1206 2475 1233 2500 ὲν
1247 2476 1279 2510 τῇ
1294 2475 1429 2511 παρουσία
1441 2476 1533 2502 αὑτοῦ.

1102 2520 1146 2547 15.
1160 2520 1304 2557 Πλήρωσον
1317 2522 1349 2548 τὰ
1365 2523 1425 2557 αἰτή
1430 2523 1500 2557 ματά
1513 2531 1574 2558 μου.

1102 2565 1145 2592 16.
1160 2567 1300 2598 Ἄκουσον,
1318 2567 1332 2592 ὁ
1350 2567 1415 2599 Θεὸς
1434 2568 1539 2595 Ἰακώϐ.

1104 2612 1147 2638 17.
1162 2613 1294 2648 Πρόσχες,
1314 2615 1328 2640 ὀ
1343 2613 1419 2646 Θεός.

708 2713 861 2744 Addenda
876 2719 906 2745 et
926 2715 1114 2756 corrigenda
1138 2725 1178 2748 ex
1192 2716 1262 2748 cod.
1282 2717 1382 2748 Vatic.

270 2781 309 2816 (1)
321 2780 410 2813 Πόλιν,
429 2778 479 2816 ποῦ
496 2783 558 2816 etc.,
575 2777 657 2804 αὺτοῦ
670 2775 755 2804 deest.

281 2817 307 2848 ‘2)
321 2817 371 2842 Σου
387 2823 441 2842 non
456 2815 564 2849 legitur.

251 2848 356 2914 i“(malm
375 2851 402 2878 7.
421 2851 449 2876 ὐ
465 2848 612 2884 βασιλεύων
631 2855 692 2882 μου,
721 2849 777 2881 καὶ,
795 2853 846 2876 etc.
867 2849 898 2877 Ν.
924 2851 950 2877 8.
970 2851 1017 2882 Εἰς

234 2895 248 2911 τ
262 2895 283 2920 ,ν
321 2894 367 2913 νω.

1105 2781 1144 2813 (4)
1155 2780 1297 2807 Ταπεινῶν
1316 2781 1420 2813 ἑαυτὸν,
1434 2782 1490 2814 καὶ,
1504 2785 1556 2810 etc.

1096 2815 1145 2857 ,(5)
1169 2815 1266 2848 Αὐτοῦ,
1291 2820 1358 2847 etc.,
1378 2816 1514 2851 βασιλείαν
1545 2818 1599 2854 πρὸ
1630 2819 1778 2855 καταϐολῆς
1803 2816 1845 2845 τοῦ

1072 2859 1121 2878 κοσ
1144 2859 1184 2876 ου.

1111 2859 1147 2920 (ὣ
1173 2886 1201 2912 Ὀ
1214 2885 1288 2919 Θεός,
1304 2891 1356 2914 etc.
