1881 3053
11 162 70 190 11131
426 153 472 181 DE
489 152 626 182 TITULIS
646 150 798 180 PSALMOI

892 167 927 171 —
944 150 1041 177 PSA]...
1063 149 1216 179 LXXXV“.
1562 151 1632 180 1072?.

39 221 64 247 'i.
74 215 294 255 Προσελογίτῦην
304 213 374 250 μετᾶ
386 212 439 240 τῶν
452 211 669 239 καταϐαινόντων
681 209 721 240 εἰς
731 208 794 236 λάκ-

888 207 1085 236 1.ΛΕδιίωοιυε
1109 215 1171 235 sum
1194 215 1257 236 cum
1285 208 1513 236 descendentibus
1538 209 1564 235 in
1591 209 1633 236 la-

10 276 52 294 τιον
60 275 66 282 ⁸

41 313 64 339 8.
78 309 228 345 Ἐγενήθην
238 305 307 333 ὡσεὶ
315 304 458 340 ἄνθρωπος
467 301 628 337 ἀὸοήθητος,
644 300 673 327 ὲν
687 299 795 336 νεκροῖς

14 359 152 394 ἐλεύθερος.

41 408 64 433 9.
83 391 155 431 ’ὸσεὶ
168 399 338 439 τραυματίαι
355 396 532 428 καθεύδοντες
552 396 584 422 ἐν
598 394 675 430 τάφῳ
690 394 740 430 (a),
753 391 801 423 ὤν’

14 454 52 480 ώχ
65 450 204 487 ἐμνήσθης
219 448 260 474 ἔτι
270 457 278 463 ·

44 498 78 524 10.
92 496 148 522 Καὶ
165 494 244 522 αὐτοὶ
261 494 295 520 ὲκ
309 492 357 528 τῆς
371 490 462 527 χειρός
477 498 524 516 σου
539 487 717 523 ἀπώσθησαν.

41 541 78 568 11.
95 538 210 566 Ἒθεντό
229 546 263 573 με
279 538 308 563 ὲν
325 536 418 570 λάκκῳ
435 535 595 569 κατωτάτῳ,

42 586 77 612 12.
91 585 134 611 Ἐν
151 583 303 613 σκοτεινοῖς
320 581 367 608 καὶ
379 581 408 607 ἐν
421 580 485 615 σκιᾷ
499 579 626 606 Θανάτου.

41 633 78 659 13.
94 631 153 657 Ἐπ’
172 629 224 665 ἐμὲ
239 627 422 663 ὲπεστηρίχθη
439 628 453 653 ὁ
468 625 553 661 θυμός
567 634 613 652 σου
623 634 629 640 ·

42 677 77 704 11.
92 675 148 703 Καὶ
163 674 269 706 πάντας
284 673 348 704 τοὺς
367 670 573 707 μετεωρισμούς
591 678 638 696 σου
654 669 791 705 ἐπήγαγες

14 724 48 750 ἐπ’
62 721 119 757 ἐμέ.
340 739 343 743 ,

42 769 77 796 15.
93 767 273 803 Ἐμάκρυνας
283 773 346 797 τους
363 763 500 798 γνωστούς
516 770 566 798 μου
585 761 631 788 ἀπ’
649 760 734 797 ἐμοῦ·

42 816 77 842 16.
93 813 210 841 Ἔθεντὸ
225 820 259 847 με
274 810 411 846 βδέλυγμα
426 809 542 840 ἑαυτοῖς.

42 861 79 887 17.
91 858 263 895 Παρεδόθην,
277 857 325 883 καὶ
340 856 391 883 οὐκ
402 850 604 890 ὲξὲπορευόμην
614 862 620 868 ·

42 907 78 935 18.
90 907 120 934 Ol
131 904 271 940 ὀφθαλμοί
287 912 338 938 μου
355 902 508 937 ἠσθένησαν
519 901 573 927 ἀπὸ
590 900 735 935 πτωχείας.

42 955 79 982 19.
91 951 249 988 Ἐκέκραξα
265 949 333 987 πρὸς
351 949 396 983 σὲ,
409 947 496 984 Κύριε
506 967 514 980 ,
527 947 590 982 ὅλην
608 946 644 982 (b)
655 946 705 981 τὴν
720 945 790 980 ἡμέ-

24 1010 67 1028 ην·

24 1011 67 1028 αν·

16 1011 78 1074 F20.
94 1045 251 1073 Διεπὲτασα
268 1042 336 1078 πρὸς
351 1041 380 1068 σὲ
395 1039 444 1073 τὰς
459 1039 552 1076 χεῖράς
570 1047 630 1074 μου.

41 1093 79 1120 21.
94 1093 140 1128 Μὴ
155 1093 214 1123 τοῖς
226 1091 332 1126 νεκροῖς
348 1089 471 1124 ποιήσεις
485 1085 640 1120 θαυμάσια;

308 1135 477 1170 Διάψαλμα.

44 1185 80 1212 ἃ
91 1186 126 1212 Ἦ
138 1186 183 1212 ἱατ
189 1180 483 1220 ῳὶὰναστήσουσι,καὶ
491 1175 732 1213 ἐξομολογὴσονταῐ
740 1184 791 1207 am;

43 1232 82 1261 23.
97 1232 142 1268 Μὴ
159 1229 323 1266 διηγήσεταί
341 1237 382 1260 τις
398 1228 426 1254 ἐν
443 1226 482 1262 τῷ
497 1225 586 1252 σκότει
605 1223 639 1250 τὰ
655 1222 793 1250 θαυμάσια

46 1336 77 1369 (ιι)
93 1336 136 1362 Ἐν
151 1335 260 1369 τάφοις.
284 1332 314 1369 1η
332 1338 419 1365 marg.
444 1330 480 1369 év_
490 1329 578 1369 ταφῳ.

46 1365 76 1406 ψ)
92 1370 172 1399 Vers.
188 1365 235 1397 Ξθ.
248 1368 345 1403 Ὅλην,
359 1371 424 1398 ctc.,
437 1365 531 1400 χεῖράς
547 1371 607 1399 μου.

843 261 906 282 cum
917 263 923 281 Ζ

878 299 904 327 8.
919 299 1020 328 Factus
1042 307 1104 328 sum
1128 300 1200 328 sicut
1216 301 1300 328 homo
1318 301 1377 328 sine
1398 300 1546 336 adjutorio,
1564 300 1634 328 inter

843 350 967 374 mortuos
979 345 1057 373 liber.

880 392 907 420 9.
927 392 1004 420 Sicut
1029 392 1165 419 vulnerati
1189 391 1356 420 dormientes
1372 392 1399 419 in
1415 393 1550 428 sepulcro,
1566 401 1635 428 quo-

843 446 904 466 rum
917 446 971 465 non
983 446 1013 465 es
1025 445 1131 465 memor
1143 438 1260 473 amplius
1273 447 1280 465 :

883 484 927 512 10.
944 484 977 512 Et
990 485 1041 519 ipsi
1057 484 1090 512 de
1103 491 1187 512 manu
1204 489 1249 511 tua
1263 485 1365 520 repulsi
1381 481 1460 513 sunt:

880 530 923 557 11.
939 530 1094 558 Posuerunt
1112 538 1157 557 me
1171 531 1197 558 in
1217 531 1276 558 lacu
1291 531 1426 563 infcriori,

879 576 924 602 12.
943 575 973 602 In
990 576 1142 604 tenebrosis
1160 581 1186 604 et
1202 577 1229 603 in
1246 577 1342 604 umbra
1358 578 1463 605 mortis.

881 622 926 650 15.
946 621 1035 657 Super
1051 630 1096 650 me
1112 622 1291 650 conﬁrmatus
1308 628 1349 650 est
1366 622 1443 650 furor
1455 628 1518 650 tuus
1533 632 1539 650 :

880 668 925 695 11.
941 668 974 696 Et
984 676 1080 696 omnes
1088 668 1255 696 elevationes
1267 673 1330 695 tuas
1341 668 1473 696 induxisti
1487 676 1568 703 super
1581 675 1633 695 me.

881 758 924 786 15.
944 757 1039 793 Longe
1055 757 1144 786 fecisti
1157 762 1236 786 notos
1251 766 1327 786 meos
1340 766 1356 786 ει
1372 766 1432 786 me:

879 803 922 831 16.
938 803 1094 832 Posuerunt
1104 812 1147 832 me
1162 804 1396 832 abominationem
1411 804 1475 832 sibi.

877 851 921 877 17.
937 850 1066 878 Traditus
1084 858 1144 878 sum
1161 855 1188 878 et
1203 857 1259 877 non
1272 850 1452 886 egrediebar:
1478 840 1482 851 ¹

806 895 827 922 Β
877 896 921 924 18.
935 895 1013 924 Oculi
1025 897 1079 924 mei
1094 897 1259 932 langucrunt
1271 904 1327 931 pm
1344 896 1448 931 inopia.

881 941 924 970 19.
942 942 1064 970 Clamavi
1077 942 1112 971 ad
1129 948 1165 976 te,
1182 942 1310 975 Domine,
1323 946 1380 970 tota
1396 942 1460 970 die:

880 1032 925 1059 20.
941 1031 1063 1067 Expandi
1077 1032 1110 1059 ad
1127 1036 1153 1060 te
1169 1040 1268 1060 manus
1282 1040 1368 1060 meas.

880 1077 925 1104 21.
942 1076 1071 1112 Nunquid
1089 1077 1206 1104 mortuis
1220 1077 1306 1105 facies
1325 1076 1483 1104 mirabilia?

1149 1133 1321 1168 Diapsalma.

882 1178 927 1205 22.
940 1179 994 1206 Aut
1006 1179 1105 1207 medici
1121 1180 1295 1207 suscitabunt
1311 1183 1338 1206 et
1353 1179 1555 1207 conﬁtebuntur
1573 1178 1639 1206 tibi?

881 1224 925 1251 25.
944 1224 1071 1261 Nunquid
1089 1225 1212 1254 narrabit
1226 1225 1327 1262 aliquis
1340 1225 1367 1252 in
1392 1225 1515 1252 tenebris
1525 1224 1638 1251 mirabi-

845 1270 881 1298 lia
894 1271 957 1299 tua?

568 1430 757 1459 ATIIANASll
776 1429 1073 1458 INTERPRETATIO.

45 1512 67 1538 τ.
79 1511 130 1538 Καὶ
150 1506 350 1546 προσελογῐσθη
363 1506 377 1533 ὁ
390 1504 492 1541 Κύριος
510 1503 637 1540 μετὰτῶν
649 1500 795 1529 ἀσθενούν-

888 1501 909 1527 7.
927 1499 959 1527 Et
976 1504 1116 1534 reputatus
1128 1504 1170 1528 est
1181 1499 1314 1527 Dominus
1328 1506 1391 1526 eum
1411 1497 1528 1526 inﬁrmis
1544 1501 1572 1525 et
1584 1505 1643 1525 mo-

21 1567 62 1584 των
74 1559 115 1585 καὶ
130 1558 172 1593 (1)
187 1553 426 1590 ἀποθνησκόντων.

889 1547 993 1573 nlibus.

47 1604 68 1630 8.
83 1588 142 1631 Kal:
152 1588 262 1636 ἐγένετο
275 1588 293 1626 bi
302 1599 404 1634 Κύριος
417 1597 455 1628 ὠς
467 1596 515 1624 ἄνθ
521 1604 609 1632 ρωπος
623 1594 661 1631 (2)
679 1593 798 1629 ἀϐοήθη-

888 1591 907 1618 3.
924 1590 957 1617 Et
982 1590 1072 1618 factus
1094 1595 1135 1618 est
1161 1589 1295 1617 Dominus
1318 1592 1451 1623 tanquam
1477 1588 1560 1614 homo
1584 1589 1643 1615 sine

22 1658 56 1681 τος
70 1650 96 1676 ἐν
109 1633 220 1683 νεκροῖς
233 1633 386 1679 ἐλεύθερος,
400 1641 525 1669 τουτέστι
542 1640 579 1677 μὴ
595 1639 740 1676 χρεωστῶν
755 1638 798 1665 θά-

888 1636 983 1670 iutorio
1007 1636 1078 1662 inter
1101 1640 1227 1662 mortuos
1249 1634 1328 1665 liber,
1343 1634 1395 1660 hoc
1414 1637 1522 1660 estnon
1541 1633 1643 1660 debens

23 1705 93 1724 ναςον,

888 1687 978 1710 )rtem.

49 1743 118 1775 9/0;
128 1743 156 1769 οἱ
168 1739 324 1777 ἁμαρτωλοὶ
339 1738 362 1764 οἱ
376 1735 566 1767 ἀποθανόντες,
581 1731 618 1761 ὧν
628 1734 678 1760 οὐκ
690 1733 748 1760 ἔστι
759 1732 798 1768 (5)

24 1791 202 1826 μνημόνευσις.

51 1837 86 1865 10.
101 1835 287 1870 ’Δπώσθησαν
300 1833 353 1869 γὰρ
367 1832 466 1864 ζῶντες
481 1831 513 1857 ὲκ
534 1831 583 1865 τῆς
602 1827 726 1864 βοηθείας
742 1835 798 1852 σου.

51 1884 87 1911 11.
101 1884 135 1911 Οἱ
151 1882 280 1917 δαίμονες
296 1881 324 1906 ὲν
339 1880 372 1914 τῇ
389 1877 521 1913 ἁμαρτίᾳ.

51 1930 87 1957 12.
97 1930 144 1957 Ἐν
153 1930 213 1960 ταῖς
225 1925 383 1962 ἐπιθυμίαις
392 1924 438 1951 τοῦ
448 1923 550 1958 κόσμου
561 1922 608 1948 καὶ
618 1920 665 1947 τοῦ
675 1919 798 1946 θανάτου.

54 1975 88 2002 15.
101 1973 252 2010 Ὠργίσθης
271 1980 326 2007 μοι.

883 1729 910 1756 9.
930 1728 1006 1755 Sicut
1022 1732 1180 1763 peccatores
1197 1727 1357 1760 morientes,
1374 1733 1494 1762 quorum
1511 1726 1587 1753 nulla
1602 1730 1644 1753 est

851 1775 994 1802 memoria.

888 1821 931 1848 10.
950 1819 1076 1846 Viventes
1093 1817 1166 1844 enim
1178 1816 1284 1851 depulsi
1300 1820 1364 1844 sunt
1379 1817 1413 1845 de
1429 1817 1531 1845 auxilio
1549 1821 1608 1845 tuo.

886 1866 929 1892 11.
944 1865 1085 1892 Daemones
1100 1863 1126 1889 in
1140 1865 1263 1897 peccato.

889 1912 933 1938 12.
947 1911 975 1938 in
991 1909 1218 1944 concupiscentiis
1235 1907 1330 1935 mundi
1345 1911 1373 1935 et
1388 1906 1496 1935 mortis.

888 1958 931 1985 15.
949 1957 1035 1983 Iratus
1049 1963 1078 1983 es
1093 1955 1170 1983 mihi.

890 2004 934 2030 1.1.
952 2004 1041 2030 Minas
1055 2008 1125 2029 tuas.

890 2050 936 2078 15.
951 2049 1110 2083 Prophetas.

891 2097 935 2123 16.
950 2095 1094 2122 Odiosum.
1647 2090 1660 2107 ‘

890 2144 935 2170 17.
950 2143 1078 2170 Detentus
1103 2149 1163 2168 sum
1185 2149 1200 2168 a
1222 2145 1345 2176 peccato,
1364 2144 1392 2168 et
1413 2148 1466 2167 non
1481 2139 1556 2174 potui
1573 2139 1646 2166 absi-

858 2195 939 2219 stere.

893 2237 935 2264 18.
954 2235 1031 2263 Oculi
1051 2235 1150 2262 mentis
1174 2242 1240 2262 mea:
1264 2233 1394 2260 inﬁrmati
1412 2235 1487 2264 sunt,
1501 2230 1574 2267 quod
1591 2230 1648 2258 sine

858 2284 996 2319 adiutorio
1009 2291 1108 2310 essem.

894 2332 939 2359 19.
958 2330 1094 2365 Deprecor
1110 2334 1146 2362 te,

894 2379 939 2406 9.0.
955 2376 1008 2404 Cor
1026 2384 1116 2403 meum
1129 2375 1161 2402 ad
1176 2379 1201 2401 te
1221 2373 1335 2400 intendi.

895 2425 939 2451 21.
958 2421 1087 2457 Nunquid
1105 2427 1250 2456 postquam
1266 2425 1392 2446 mortuus
1408 2417 1486 2445 fuero
1499 2417 1591 2452 .I'acics
1602 2423 1648 2443 sn-

861 2479 908 2506 per
926 2478 971 2497 me
985 2469 1120 2496 mirabilia
1136 2468 1206 2494 tua?

895 2516 941 2543 22.
956 2516 1010 2542 Aut
1023 2514 1121 2542 medici
1134 2516 1249 2548 possunt
1263 2519 1306 2539 me
1318 2510 1453 2539 suscitare
1476 2513 1504 2536 ut
1521 2507 1652 2535 conﬁtear

861 2562 932 2590 tibi?

897 2609 944 2636 25.
957 2607 1086 2643 Nunquid
1103 2607 1131 2634 in
1150 2605 1276 2642 sepulcro
1292 2603 1369 2632 dabit
1385 2602 1451 2630 mihi
1471 2599 1576 2628 veniam
1591 2604 1653 2632 pec-

863 2659 987 2683 catorum
1002 2660 1126 2681 meorum
1138 2652 1149 2679 ?

53 2022 89 2049 1L
102 2021 159 2053 Τὰς
173 2018 287 2050 ἀπειλάς
303 2026 362 2046 σου.

53 2068 88 2095 15.
102 2067 173 2099 Τοὺς
186 2066 339 2102 προφήτας.

52 2115 88 2142 16.
104 2112 312 2150 Μεμισημένον.

54 2161 90 2188 17.
104 2158 297 2196 Ἐκρατούμην
312 2156 366 2184 ἀπὸ
378 2155 428 2190 τῆς
444 2151 579 2189 ἁμαρτίας
591 2171 598 2183 ,
612 2151 659 2177 καὶ
673 2149 724 2176 οὐκ
740 2149 802 2184 ἡδυ-

27 2208 101 2244 νᾶμην
114 2206 274 2242 ἀποστῆναι.

116 2255 148 2281 Οξ
165 2240 301 2288 ὀφθαλμοὶ
318 2250 367 2284 τῆς
383 2247 501 2278 διανοίας
522 2254 572 2281 μου
593 2243 748 2280 ἡσθένησαν
766 2240 804 2277 (1)

28 2301 71 2328 ἀπὸ
84 2301 130 2328 τοῦ
141 2297 294 2335 ἀϐοήθητον
312 2305 345 2332 με
361 2293 439 2321 εἶναι.

58 2348 92 2374 19.
109 2345 207 2382 Δέομαί
226 2353 284 2376 σου,
564 2372 566 2375 ν

55 2393 94 2419 20.
109 2392 164 2428 Τὴν
180 2390 295 2427 καρδίαν
314 2397 365 2424 μου
380 2388 503 2414 ἀνέτεινα
520 2385 589 2420 πρὸς
607 2383 646 2409 σέ.

56 2426 150 2474 ⁸21.Μῆ
168 2426 238 2474 μετᾶ
252 2436 282 2462 τὸ
301 2435 445 2462 ἀποθανεῖν
461 2441 494 2468 με
511 2431 634 2466 ποιήσεις
651 2429 693 2454 ἐπ’
705 2427 754 2463 ἐμὲ
768 2426 806 2461 (5)

30 2483 56 2511 τὲ
67 2485 208 2520 ’θαυμάσιά
231 2492 277 2510 σου
289 2491 296 2514 ;

58 2531 96 2557 22.
110 2532 143 2558 Ἦ
156 2530 244 2566 ἰατροὶ
257 2529 384 2556 δύνανται
399 2524 549 2561 ἀναστῆσαί
571 2532 613 2559 με,
628 2523 670 2549 ἵνα
683 2519 807 2556 ἐξομολο-

32 2577 144 2613 γήσωμαί
161 2586 202 2604 σοι
215 2585 222 2610 ;

61 2624 98 2651 25.
112 2625 156 2660 Μὴ
171 2625 200 2650 ὲν
212 2623 252 2658 τῷ
271 2622 350 2657 τάφῳ
365 2620 483 2656 δωρήσει
500 2626 545 2654 μοι
563 2614 736 2650 συγχώρησιν
755 2612 808 2638 τῶν

34 2668 223 2706 ἁμαρτημάτων
239 2677 290 2704 μου
305 2667 361 2704 (6›;

494 2733 648 2767 Addenda
667 2734 696 2762 et
714 2727 903 2768 corrigenda
931 2734 971 2756 ex
987 2727 1058 2756 cod.
1076 2724 1177 2755 Velie.

1005 2796 1140 2838 deﬁniam!
1158 2805 1209 2838 μου
1226 2796 1275 2832 τῆς
1288 2794 1404 2824 διανοίας
1420 2791 1582 2828 ἧςθένησαν,
1600 2795 1653 2819 etc.

953 2834 1000 2864 Εἰς
1016 2833 1076 2868 ἐμὲ,
1091 2832 1167 2859 drcsl.
1181 2832 1225 2857 τά.

902 2866 938 2905 (6)
951 2869 1005 2903 Τὴν
1023 2866 1098 2901 σνγχ.
1114 2876 1137 2893 τ.
1160 2868 1184 2894 ἁ.
1204 2866 1279 2895 ἡμῶν
1294 2874 1298 2895 ;

62 2813 94 2847 (1)
107 2813 166 2840 Τῶν
182 2811 380 2842 ἀσθενούντων,
395 2810 441 2836 καὶ
453 2809 559 2838 desunt.

63 2848 95 2881 (2)
113 2849 140 2875 ’0
151 2849 254 2884 κόσμος
268 2847 421 2882 ἄνθρωπος.

63 2883 96 2918 (3)
109 2884 179 2911 Ἔτι.
