1881 3053
8 164 67 192 1095
400 164 445 192 DE
464 164 600 193 TlTULIS
620 165 844 193 PSALMORUM.
862 180 897 186 —
911 165 1009 192 PSAL.
1032 163 1196 191 LXXXVIII.
1551 163 1619 191 1026

34 223 59 249 2.
76 222 120 253 Εἰς
131 222 229 256 γενεὰν
248 222 295 249 καὶ
315 223 410 257 γενεὰν
426 224 572 259 ἀπαγγελῶ
587 225 635 260 τὴν
651 225 782 262 ἀλήθειάν

872 226 896 253 2.
916 226 945 252 ln
960 225 1162 261 generationem
1189 227 1212 250 et
1231 222 1432 258 generationem
1453 223 1620 249 annuutiabo

9 277 46 294 σου
61 269 87 295 ἐν
97 269 135 304 τῷ
151 268 266 304 στόματί
283 278 344 304 μου.

872 272 973 298 ritatem
985 275 1059 298 tuam
1073 270 1099 296 in
1113 277 1160 296 ore
1174 276 1243 295 meo.

36 315 122 341 5.“Οτι
139 312 221 347 εἶπας
231 324 238 331 ’
262 316 310 348 Εἰς
324 316 370 342 τὸν
385 316 471 343 αίῶνα
483 316 556 349 ἕλεος
573 318 783 354 οἰκοδομηθήσε-

872 318 898 344 3.
909 316 1044 350 Quoniam
1055 316 1164 344 dixisti:
1176 315 1204 342 lu
1214 315 1545 351 aeternummisericordia
1557 316 1622 344 καί·

9 369 44 386 ται
53 369 58 375 ¹
474 379 478 383 .

872 364 961 391 abitu-r
974 371 981 389 :

37 407 58 432 ί.
70 406 110 433 Ἑν
123 408 182 439 τοῖς
193 407 319 443 οὐρανοῖς
331 407 558 444 ὲτοιμασΘήσ-εται
573 409 590 444 ὴ
601 408 715 444 ἀλήθειά
726 417 782 435 σου.

872 410 896 437 4.
911 409 940 436 ln
954 409 1032 436 caelis
1048 407 1247 444 praeparabitur
1263 411 1364 435 veritas
1377 412 1434 436 tua.

37 455 57 480 5.
75 453 208 490 Διεθέμην
227 454 359 490 διαθήκην
376 456 431 487 τοῖς
447 455 584 486 ἐκλεκτοῖς
600 463 651 490 μου
662 463 669 470 ·

37 499 58 526 6.
66 500 169 534 Ὦμοσα
182 499 266 527 Δαὸὶδ
280 500 319 536 τῷ
333 501 418 536 δούλῳ
433 510 495 537 μου.

37 544 132 576 7.Ἕως
147 545 198 571 τοῦ
210 545 307 577 αἰῶνος
322 546 460 581 ἑτοιμάσω
470 546 502 573 τὸ
519 546 628 582 σπέρμα
648 554 694 573 σου
706 555 712 562 ·

36 589 58 615 8.
75 590 126 615 Καὶ
138 590 312 626 οἰκοδομήσω
330 592 370 623 είς
384 592 481 626 γενεὰν
497 593 543 618 καὶ
556 592 651 626 γενεὰν
666 592 710 618 τὸν
724 591 786 628 θρό-

11 646 44 663 νῦν
55 645 104 665 που.

297 683 466 719 Διάψαλμιι.

37 729 58 756 9.
74 728 333 764 Ἐξομολογήσονται
352 730 376 756 οἱ
393 729 502 766 οὐρανοὶ
519 729 553 756 τὰ
570 729 710 765 θαυμάσιά
728 738 785 762 σου,

11 773 79 809 Κύριε
86 783 93 789 ·

36 819 72 846 10.
92 820 145 847 Καὶ
161 820 220 856 γὰρ
237 820 285 856 τὴν
300 820 427 856 ἀλήθειάν
439 829 486 846 σου
498 820 526 846 ὲν
535 819 683 856 Ἐκκλησίᾳ
691 819 785 854 ἁγίων.

38 864 73 891 11.
83 865 142 892 Ὂτι
155 865 202 896 τίς
220 866 249 891 ὲν
264 865 389 900 νεφέλαις
404 865 566 900 ίσωθήσεται
582 865 620 900 τῷ
639 865 751 900 Κυρίῳς

37 909 73 937 12.
85 910 303 946 Ὀμυιωθήσεται
316 911 355 946 τῷ
368 911 463 946 Κυρίῳ
479 911 507 938 ἐν
519 911 586 942 υἱοῖς
603 911 669 936 Θεοῦ
680 918 688 943 ;

37 954 73 982 13.
85 956 113 983 ’0
131 956 212 989 Θεὸς,
232 957 246 982 ὁ
260 956 466 992 ὲνδοξαζόμενος
482 957 510 983 ὲν
525 956 605 991 βουλῇ
620 955 715 990 ἁγίων,

38 1001 74 1031 H.
92 1001 190 1036 Μέγας
202 1002 250 1028 καὶ
261 1001 376 1038 φοϐερός
386 1003 460 1029 ἐστιν
474 1003 520 1029 ἐπὶ
530 1002 634 1033 πάντας
648 1002 712 1033 τοὺς
722 1001 787 1038 περὶ

14 1046 86 1082 ﬁxit-9
101 1048 196 1074 αὑτοῦ.

41 1091 76 1119 15.
94 1093 181 1128 Κύριε
194 1093 208 1119 ὁ
224 1093 291 1125 Θεὸς
306 1093 359 1121 τῶν
375 1093 526 1129 δυνάμεων,
540 1093 581 1124 τίς
599 1093 691 1128 ὅμοιός
709 1101 767 1126 σοι;

40 1137 75 1164 16.
84 1139 200 1171 Auum-:6;
210 1136 245 1174 εἴ,
256 1139 352 1175 Κύριε,
362 1141 410 1168 καὶ
419 1141 436 1176 ὴ
444 1139 558 1175 ἀλήθειά
565 1147 611 1166 σου
619 1138 718 1165 κύκλου
729 1147 786 1166 σου.

41 1227 76 1254 17.
94 1228 127 1255 Σὺ
140 1228 284 1260 δεσπόζεις
299 1227 346 1254 τοῦ
361 1228 477 1264 κράτους
496 1227 547 1262 τῆς
563 1225 698 1261 θαλάσσης
708 1234 715 1240 '

42 1274 78 1301 18.
95 1275 144 1302 Τὸν
158 1275 188 1301 δὲ
201 1275 282 1302 σάλον
291 1274 345 1301 τῶν
356 1274 486 1310 κυμάτων
496 1273 581 1308 αὐτῆς
591 1272 622 1299 σὺ
631 1271 790 1307 καταπραΰ-

18 1328 67 1350 mg.

870 455 897 483 5.
913 455 1042 490 Disposui
1056 458 1250 482 testamentum
1268 453 1362 480 electis
1375 453 1444 480 meis
1457 462 1463 479 :

870 501 896 528 6.
910 501 1003 528 Juravi
1020 500 1104 528 David
1121 507 1200 528 servo
1217 506 1288 526 meo.
1459 523 1463 530 ,

872 548 897 575 7.
914 547 1006 582 Usque
1029 547 1056 574 in
1076 551 1208 574 aeternum
1232 546 1390 581 prmparabo
1408 553 1501 573 semen
1519 548 1598 573 tuum
1615 555 1620 573 :

871 594 897 620 8.
911 593 944 620 Et
958 592 1097 620 aadilicabo
1110 592 1136 619 in
1157 593 1358 626 generationem
1373 596 1400 619 et
1416 592 1619 627 generationem

836 639 928 667 sedem
944 643 1042 667 tuam;

1147 684 1315 720 Diapsalma.

873 729 898 758 9.
915 730 1126 758 Conﬁtebuntur
1140 731 1202 757 cwli
1218 730 1353 757 mirabilia
1371 734 1432 762 tua,
1448 729 1562 757 Domine
1578 739 1584 756 :

873 816 917 843 10.
933 815 1036 843 Etenim
1048 816 1189 843 veritatem
1201 821 1274 843 tuam
1288 817 1313 843 in
1322 816 1443 844 Ecclesia
1454 821 1622 844 sanctorum.

873 863 917 889 11.
930 861 1063 895 Quoniam
1078 863 1140 898 quis
1155 863 1181 889 in
1194 863 1312 890 nubibus
1327 863 1479 898 aequabitur
1491 862 1626 891 Domino?

871 909 916 936 12.
931 909 1034 936 Similis
1049 910 1101 936 erit
1116 908 1232 936 Domino
1248 910 1276 936 in
1288 910 1351 937 tiliis
1367 909 1433 936 Dei?

872 955 915 982 13.
930 955 1011 988 Deus,
1025 955 1071 990 qui
1093 955 1261 990 gloriﬁcatur
1280 955 1307 982 in
1328 955 1443 983 consilio
1455 959 1625 988 sanctorum,

874 1001 918 1028 14.
934 1000 1049 1035 Magnus
1060 1005 1087 1028 et
1104 1001 1234 1029 terribilis
1257 1009 1340 1036 super
1355 1008 1451 1029 omnes
1467 1001 1515 1036 qui
1529 1000 1557 1028 in
1572 1001 1626 1028 cir-

837 1047 912 1075 cuitu
927 1047 986 1082 ejus
996 1050 1069 1074 sunt.

875 1093 918 1120 15.
933 1092 1057 1124 Domine,
1075 1091 1145 1119 Deus
1162 1091 1306 1124 virtutum,
1322 1091 1384 1126 quis
1402 1092 1501 1120 similis
1517 1092 1589 1120 tibi?

876 1139 920 1166 16.
936 1138 1037 1166 Potens
1049 1146 1088 1172 es,
1104 1137 1228 1171 Domine,
1244 1143 1271 1165 et
1289 1139 1388 1167 veritas
1406 1144 1452 1167 tua
1466 1140 1493 1167 iu
1510 1140 1626 1168 circuitu

843 1190 898 1214 tuo.

876 1230 918 1257 17.
939 1230 979 1258 Tu
997 1230 1146 1258 dominaris
1161 1230 1287 1266 potestati
1304 1230 1408 1258 maris:

880 1276 924 1304 18.
943 1276 1046 1304 Motum
1063 1281 1153 1304 autem
1170 1275 1301 1303 ﬂuctuum
1314 1276 1374 1312 ejus
1385 1279 1413 1302 tu
1428 1276 1548 1311 mitigas.

564 1402 750 1432 ATHANASII
769 1400 1066 1430 INTERPRETATIO.

44 1506 64 1532 2.
81 1507 118 1533 Τὰ
129 1506 332 1543 προστάγματά
347 1515 392 1533 σου
407 1506 527 1543 κηρύξω.

43 1552 124 1580 5.”οτι
145 1554 304 1589 ὲπηγγείλω
320 1553 498 1585 ἀδιαλείπτως
509 1553 554 1580 τὸν
564 1551 714 1588 ὴλεημένον
724 1551 788 1578 λσρδν

20 1600 174 1635 περιποιῆσαι
188 1600 227 1636 (1)
244 1601 284 1631 εἰς
297 1600 452 1636 οἰκοδομήν.

45 1644 65 1670 ί.
76 1645 115 1671 Ἐν
126 1647 184 1677 τοῖς
198 1646 287 1680 ἁγίοις
300 1646 316 1681 ἠ
329 1645 420 1677 πίστις
436 1645 484 1681 (2).

45 1691 65 1717 5.
76 1691 297 1727 Ἐπηγγειλάμην
306 1693 361 1723 τοῖς
369 1691 455 1726 ἁγίοις
470 1691 519 1728 τὴν
533 1691 669 1727 βασιλείαν
680 1699 729 1726 μου
739 1690 787 1724 (5).
803 1699 825 1728 C

44 1735 66 1762 ὃ.
82 1737 141 1769 Τοῖς
154 1737 226 1763 κατὰ
243 1737 290 1764 τὸν
307 1737 388 1763 Δαΰὶδ
401 1738 497 1773 πραεῖς
519 1735 644 1773 [πραέσι]
664 1737 697 1772 τῇ
725 1743 791 1771 καρ-

21 1783 102 1820 δίᾳμ).

48 1829 66 1856 7.
84 1831 236 1867 Προαγοὶγω
253 1831 282 1857 ἐν
298 1830 338 1865 τῷ
351 1830 456 1866 κόσμῳ.

47 1876 68 1904 8.
84 1877 140 1913 Τὴν
152 1877 290 1912 βασιλείαν
303 1886 360 1904 σου.

47 1921 66 1948 9.
83 1924 258 1959 Διηγήσονται
281 1924 306 1949 οί
329 1922 471 1950 ἀπόστολοι
487 1922 532 1948 καὶ
552 1921 591 1957 (5)
616 1921 641 1946 οἱ
664 1920 735 1954 ἆγιοι
758 1919 790 1947 τὰ

23 1966 140 2003 inpiati
158 1978 216 1997 σου.

47 2014 82 2042 10.
98 2016 154 2042 Καὶ
164 2016 218 2052 γὰρ
230 2015 279 2050 τὴν
289 2016 378 2042 πίστιν
388 2023 435 2041 σου
444 2015 473 2041 ἐν
481 2014 519 2050 τῷ
528 2014 623 2049 πλήθει
630 2013 684 2040 τῶν
694 2013 790 2047 ἁγίων.

49 2060 84 2092 11,
95 2062 138 2089 1‘2.
155 2062 193 2098 (6)
211 2062 258 2094 Τίς
272 2062 326 2088 τῶν
340 2061 486 2098 προφητῶν
499 2060 515 2096 ἦ
528 2059 582 2087 τῶν
603 2060 687 2094 ἁγίων
705 2058 791 2085 ίσοδύ-

876 1502 903 1529 2.
917 1501 1056 1536 Prmcepta
1072 1506 1116 1529 tua
1129 1501 1291 1536 praedicabo.

876 1549 902 1576 5.
921 1548 990 1581 Quia
1006 1548 1190 1575 indesinenter
1215 1546 1380 1574 denuntiasti
1402 1545 1532 1581 populum
1545 1545 1627 1572 mise-

842 1595 988 1622 ricordiam
1002 1594 1128 1628 adeptum
1146 1594 1284 1628 possidere
1299 1593 1325 1620 in
1340 1591 1556 1619 ardiﬁcationcm.

877 1641 904 1668 4.
920 1641 950 1667 la
963 1640 1066 1668 sanctis
1083 1639 1159 1667 ﬁdes.

877 1689 902 1716 5.
919 1688 1087 1715 Anuuntiavi
1099 1687 1201 1715 sanctis
1217 1693 1330 1722 regnum
1349 1693 1451 1713 meum.

878 1734 904 1761 6.
920 1734 1000 1761 Juxta
1015 1733 1098 1760 David
1114 1733 1225 1760 mitibus
1238 1732 1330 1760 corde.

881 1823 906 1850 7.
922 1822 1076 1850 Producam
1092 1822 1120 1849 in
1138 1821 1251 1849 mundo.

878 1873 904 1901 8.
921 1873 1044 1908 Regnum
1059 1877 1144 1900 luuun.

879 1921 905 1948 9.
920 1919 1074 1947 Narrabunt
1089 1917 1205 1953 apostoli
1222 1922 1248 1945 et
1265 1918 1353 1945 sancti
1366 1917 1502 1945 mirabilia
1518 1922 1575 1945 tua.

879 2011 922 2038 10.
936 2010 1041 2038 Etenim
1053 2009 1132 2037 iidem
1143 2014 1217 2036 tuam
1232 2009 1260 2035 in
1273 2008 1446 2036 multitudine
1460 2011 1628 2036 sanctorum.

879 2058 923 2091 11,
939 2058 982 2084 12.
1001 2057 1068 2090 Quis
1090 2056 1284 2091 prophetarum
1299 2060 1345 2082 aut
1365 2059 1521 2082 sanctorum
1536 2061 1630 2089 mqua—

24 2113 82 2132 mat
101 2105 169 2133 εἶναι
188 2106 235 2133 τοῦ
259 2106 434 2142 Κυρίου
450 2105 581 2141 Κυρίῳ];
606 2105 720 2131 Ἐκεῖνοι
737 2104 784 2140 γὰρ

872 2111 953 2132 sesse
976 2108 1065 2138 potest
1089 2101 1278 2129 Domino?llli
1302 2101 1374 2129 enim
1396 2100 1483 2136 gratia
1506 2100 1628 2135 ejusdem

25 2151 76 2176 κατὰ
89 2152 166 2188 χάριν
183 2151 266 2179 αὐτοῦ
281 2152 328 2178 τοῦ
352 2151 438 2187 Ἰησοῦ
455 2152 507 2178 εἰσι
520 2151 573 2177 vlo).
586 2150 634 2177 τοῦ
649 2149 728 2183 Θεοῦ,
740 2150 790 2176 αὺ-

25 2195 56 2226 τξς
66 2197 90 2223 δὲ
103 2198 171 2225 κατὰ
185 2198 276 2233 φύσιν.

50 2243 136 2271 13.Ἐν
151 2246 210 2278 ταῖς
226 2245 350 2282 καρδίαις
367 2244 466 2272 αὐτῶν.

50 2290 84 2317 14.
93 2292 295 2328 ’Δκατάληπτος
305 2292 352 2318 καὶ
365 2291 567 2326 παντοδύναμός
578 2291 651 2316 ἐστιν
663 2289 709 2316 ἐπὶ
720 2288 788 2315 πᾶν-

26 2341 60 2367 τις
70 2338 125 2370 τοὺς
139 2339 232 2373 ἁγίους
248 2338 342 2365 αὑτοῦ.

51 2382 86 2410 15.
103 2385 292 2421 Φιλάνθρωπος
303 2386 351 2412 καὶ
363 2384 497 2420 ἐλεήμων.

52 2428 87 2455 16.
105 2431 134 2457 υἱ
150 2431 222 2465 ἆγιοί
240 2440 299 2458 σου.

52 2473 86 2502 17.
104 2476 193 2512 Πάσης
211 2477 278 2511 ὁμοῦ
296 2477 344 2512 τῆς
358 2476 517 2511 οἰκουμένης
529 2473 651 2506 ἐξουσίαν
662 2473 706 2508 -(7)
719 2472 793 2508 ἔχεις

29 2517 54 2550 ὡς
64 2520 217 2558 δημιουργὸς
231 2523 326 2557 αὐτῆς.

54 2566 88 2595 18.
105 2569 169 2600 Τοὺς
181 2570 352 2605 πειρασμοὺς
363 2569 447 2604 αὐτῆς
462 2567 624 2602 ἀνωχύρους
636 2566 733 2596 ποιεῖς.

842 2150 905 2178 Jesu
919 2155 983 2178 sunt
996 2149 1041 2177 Dei
1057 2149 1116 2181 lilii,
1135 2149 1193 2184 ipse
1209 2152 1298 2175 autem
1317 2152 1424 2175 natura.

877 2240 921 2267 13.
934 2238 962 2265 lu
976 2237 1107 2266 cordibus
1123 2243 1230 2264 eorum.

878 2286 921 2312 14.
941 2281 1224 2318 incomprehensibilis
1248 2284 1274 2309 et
1292 2280 1464 2315 omnipotens
1489 2283 1530 2307 est
1550 2286 1633 2315 super

844 2340 940 2360 omnes
952 2335 1064 2359 sanctos
1079 2338 1156 2357 suos.

809 2381 831 2410 D
881 2379 925 2407 15.
943 2378 1081 2413 Beuignus
1091 2380 1117 2403 et
1130 2374 1296 2402 misericors.

881 2424 923 2451 16.
937 2423 1030 2451 Sancti
1043 2423 1090 2450 tui.

878 2471 921 2497 17.
941 2469 1038 2497 Totius
1063 2467 1144 2496 simul
1168 2467 1290 2495 universi
1313 2469 1475 2502 potestatem
1500 2465 1583 2493 habes
1602 2466 1634 2492 ut

844 2515 966 2552 ejusdem
985 2517 1106 2542 creator.

880 2562 924 2589 18.
941 2560 1117 2589 Tentationes
1131 2559 1191 2594 ejus
1204 2559 1327 2586 inﬁrmas
1341 2557 1416 2585 facis.

481 2679 637 2711 Addenda
649 2681 679 2710 et
703 2676 894 2717 corrigenda
908 2684 948 2707 ex
965 2673 1036 2705 cod.
1054 2673 1154 2704 Vatic.

96 2777 306 2814 Περιποιεῖσθαι.

55 2811 86 2847 (2)
102 2811 187 2846 lli-cm;
205 2822 263 2840 σου.

49 2848 85 2883 ιδ)
101 2849 156 2876 Σου.

56 2881 87 2918 (1)
102 2885 196 2920 Πραεῖς
209 2882 269 2911 οὖσι
285 2882 356 2911 κατὰ
370 2881 419 2917 τὴν
434 2881 542 2916 καρδίαν
558 2889 618 2916 μου.

876 2769 914 2805 (5)
934 2769 965 2795 Οἱ
978 2767 1133 2805 ᾁπόσεολοι,
1145 2766 1192 2805 καὶ
1204 2766 1312 2805 desunt.

874 2803 921 2842 (ﬁt
934 2804 974 2842 N;
988 2804 1028 2842 1|;
1045 2803 1102 2834 Τίς-
1114 2822 1120 2828 -
1134 2822 1157 2842 --
1167 2803 1351 2842 ἔξελεδύνειῖςιι
1367 2806 1377 2837 5

840 2834 936 2872 N312,
946 2840 1093 2866 Ἐκεῖνοι...
1112 2837 1158 2864 τοῦ
1171 2835 1236 2864 Υἱοῦ
1250 2835 1297 2861 τοῦ
1312 2834 1391 2860 Θεοῦ.

877 2876 915 2912 (7)
935 2875 970 2901 Σὺ
986 2873 1120 2906 ἐξουσίαν.

1167 2801 1222 2832 ἴσος
1239 2801 1351 2826 δύναται
1369 2805 1435 2824 sum
1454 2798 1499 2823 τοῦ
1516 2792 1632 2832 Κυρίου.
