1881 3053
241 146 310 174 1027

276 205 320 232 19.
337 203 376 230 Tu
389 203 539 231 humiliasti
552 203 623 231 sicut
637 203 810 232 vulneratum
825 204 987 239 superbum:

275 249 320 277 20.
343 249 373 276 in
397 250 509 277 brachio
526 250 634 278 virtutis
657 255 711 278 tua:
734 250 886 285 dispersisti
901 249 1026 277 inimicos

241 301 313 324 ιιιος.

276 343 320 370 2t.
336 341 387 369 Tui
404 346 469 370 sunt
481 341 544 370 coeli
561 346 588 369 et
600 347 647 369 tua
660 347 700 370 est
714 347 787 370 terra
803 350 809 368 :

275 389 320 416 22.
333 388 434 416 Orbem
461 393 539 416 terra:
562 393 590 416 et
611 389 808 423 plenitudinem
830 387 891 423 ejus
915 392 944 415 tu
965 387 1027 415 fun-

240 435 321 463 dasli.

276 481 322 508 25.
336 479 498 516 Aquilonem
514 484 541 507 et
555 487 631 506 mare
644 484 673 507 tu
687 480 787 507 creasti
802 488 810 506 :
826 516 829 519 γ

275 525 320 553 2i.
338 525 448 552 Thabor
469 530 496 552 et
520 524 639 552 llermon
662 525 689 552 in
706 525 814 552 nomine
836 529 884 552 tuo
904 525 1027 552 exsulta-

239 573 309 600 bunt
321 581 327 598 :

274 617 320 644 25.
338 615 427 643 Tuum
442 615 585 642 brachium
601 623 663 642 cum
679 615 813 650 potentia.
829 640 838 647 ,

276 662 321 690 26.
340 662 476 688 Firmetur
499 669 596 688 manus
619 666 683 694 tua,
708 665 735 688 et
761 661 896 689 exaltctur
917 662 1028 692 dextera

241 716 298 736 illa.

274 756 320 784 27.
335 755 445 782 Justitia
461 758 487 781 et
499 753 645 789 judicium,
661 754 826 789 praeparatio
841 755 914 783 sedis
929 760 991 783 ture.

275 802 320 829 28.
345 800 530 828 Misericordia
560 803 588 827 et
610 800 711 827 veritas
743 801 896 836 prmcedent
927 801 1026 830 [aciem

242 851 316 875 tuam
331 855 338 873 :

276 893 321 920 29.
336 893 434 920 Beatus
452 892 568 927 populus
584 892 629 926 qui
649 892 701 919 scit
713 892 915 927 jubilationem.

228 937 231 941 ’
275 939 321 966 50.
338 938 463 971 Domine,
475 939 502 964 in
519 938 621 964 lumine
633 937 725 965 vultus
744 938 782 964 tui
796 938 994 965 ambulabunt:

275 1039 319 1068 3i.
336 1039 369 1066 Et
383 1040 411 1067 in
426 1039 537 1067 nomine
551 1043 598 1067 tuo
615 1039 791 1068 exsultabant
803 1044 858 1068 tota
874 1041 918 1068 die
933 1050 940 1068 :

275 1119 321 1147 32.
339 1119 372 1147 Et
388 1119 414 1146 in
429 1119 534 1154 iustitia
547 1124 592 1148 tua
604 1121 809 1149 exaltabuntur.

276 1165 321 1191 55.
336 1163 471 1197 Quoniam
486 1166 570 1200 gloria
586 1166 694 1194 virtutis
709 1173 804 1193 eorum
818 1169 848 1192 tu
861 1173 892 1193 es
905 1175 912 1192 :

278 1211 323 1238 54.
341 1210 374 1239 Et
389 1211 416 1238 in
440 1211 610 1247 beneplacito
634 1217 681 1239 tuo
700 1212 864 1240 exaltabitur
877 1219 962 1240 cornu
978 1218 1028 1239 no-

243 1261 341 1284 strum.

661 147 689 174 S.
710 140 895 175 ATIIANASII
915 148 990 176 OPP.
1009 148 1099 176 PARS
1118 148 1162 177 Ill.
1179 143 1215 170 :-
1234 147 1440 178 EXEGETICA.

1803 148 1875 178 1034

1039 207 1064 235 Α
1113 203 1156 232 l9.
1177 204 1212 230 Σὺ
1227 203 1412 235 ὲταπείνωσας
1423 203 1461 234 ὡς
1474 203 1643 238 τραυματίαν
1656 203 1834 240 ὑπερήφανον
1845 215 1852 221 ο
1864 207 1866 209 ’

1112 250 1157 277 20.
1171 251 1215 276 ‘Ev
1234 249 1272 285 τῷ
1294 250 1415 285 βραχίονι
1430 249 1481 284 τῆς
1493 250 1634 285 δυνάμεώς
1650 259 1697 277 σου
1712 251 1868 287 διεσκόρπις

1079 304 1128 327 σας
1142 296 1206 327 τοὺς
1219 294 1332 330 ἐχθρούς
1349 303 1407 321 σου.

1112 340 1157 367 2|.
1179 340 1223 366 Σοί
1243 341 1311 366 εἰσιν
1323 340 1348 366 οἱ
1361 339 1481 375 οὐρανοὶ,
1497 340 1544 367 καὶ
1559 340 1591 375 σή
1610 340 1683 367 ἐστιν
1700 342 1716 376 ἡ
1730 341 1768 377 γῆ
1778 350 1786 356 ·

1111 386 1158 414 22.
1178 387 1234 422 Τὴν
1246 386 1408 422 οἰκουμένην
1422 386 1468 414 καὶ
1480 386 1510 414 τὸ
1522 386 1657 422 πλήρωμα
1670 387 1757 422 αὐτῆς
1773 388 1807 414 σὺ
1819 388 1867 415 ἐθε-

1079 431 1227 466 μελίωσας.

1111 476 1157 504 23.
1177 477 1229 503 Τὸν
1243 477 1343 513 βορρᾶν
1356 477 1403 504 καὶ
1416 476 1464 512 τὴν
1479 477 1617 504 θάλασσαν
1631 478 1663 505 αὖ
1678 478 1792 510 ἔκτισας
1802 488 1808 493 ’

1113 522 1158 550 24,
1179 523 1276 558 Θαὸὼρ
1289 524 1336 550 καὶ
1352 523 1458 559 Ἐρμὼν
1470 524 1499 550 ὲν
1512 523 1551 558 τῷ
1564 523 1676 559 ὀνόματὶ
1689 533 1734 551 σου
1745 525 1867 559 ἀγαλλιά-

1079 577 1171 596 σονται
1181 577 1187 584 ⁹

1112 615 1158 642 25.
1178 615 1227 647 Σὺς
1243 615 1257 642 6
1274 615 1392 651 βραχίων
1409 617 1477 650 μετὰ
1489 616 1656 648 δυναστείας.

1112 660 1158 688 26.
1179 661 1384 696 Κραταιωθήτω
1396 661 1413 697 ἡ
1423 662 1482 696 χείρ
1492 670 1550 694 σου,
1559 662 1718 698 semesam
1727 662 1807 695 δεξιά
1816 671 1866 690 σου.

1112 750 1157 778 27.
1178 751 1338 787 Δικαιοσύνη
1347 751 1394 778 καὶ
1404 752 1491 787 κρῖμα
1499 752 1640 787 ἐτοιμασία
1648 752 1696 779 τοῦ
1704 752 1804 788 Θρόνου
1816 763 1869 781 σου.

1112 797 1158 825 28.
1168 797 1261 829 Ἔλεος
1280 798 1328 824 καὶ
1343 797 1456 832 ἀλήθεια
1477 798 1778 835 προπορεύσονται-πρὸ
1790 809 1870 836 προτ-

1078 852 1153 870 ωπου
1169 852 1216 869 σου
1226 851 1232 858 “

1043 889 1065 917 Β
1114 890 1158 917 29.
1180 889 1323 924 Μακάριος
1334 890 1348 915 ὁ
1365 889 1427 922 λαὸς
1440 891 1456 917 ὁ
1471 890 1612 925 γινώσκων
1627 891 1803 927 ἀλαλαγμὸν.

1115 936 1159 963 50.
1180 936 1277 971 Κύριε,
1286 936 1314 962 ἐν
1324 935 1362 970 τῷ
1375 937 1445 970 φωτὶ
1453 937 1500 964 τοῦ
1509 937 1657 974 προσώπου
1668 947 1714 965 σου
1724 938 1869 974 πορεύσοιμ

1079 991 1136 1009 ται·

1107 1020 1162 1056 31.
1180 1030 1235 1057 Καὶ
1250 1030 1278 1057 ὲν
1289 1030 1329 1066 τῷ
1342 1030 1454 1066 ὀνόματί
1464 1039 1510 1057 σου
1529 1030 1740 1065 ἀγαλλιάσονται
1750 1031 1816 1068 ὃλην
1824 1032 1869 1067 τὴν

1080 1075 1203 1111 ἡμέραν

1115 1122 1160 1149 32.
1180 1122 1236 1149 Καὶ
1253 1123 1282 1149 ὲν
1295 1123 1328 1158 τῇ
1341 1122 1497 1158 δικαιοσύνῃ
1516 1131 1562 1150 σου
1577 1123 1782 1159 ὑψωθήσονται.

1116 1167 1229 1195 55.”οτι
1242 1168 1372 1204 καύχημα
1383 1169 1432 1204 τῆς
1446 1168 1586 1204 δυνάμεως
1599 1169 1687 1196 αὐτῶν
1704 1169 1737 1196 σὺ
1754 1166 1791 1196 εἴ.

1116 1213 1160 1240 54.
1182 1214 1236 1240 Καὶ
1257 1214 1286 1240 ὲν
1306 1215 1339 1249 τῇ
1363 1214 1471 1249 εὐδοκία
1492 1223 1537 1240 σου
1553 1214 1726 1250 ὑψωθήσεται
1744 1215 1778 1241 τὸ
1791 1214 1866 1250 κέρας

1081 1258 1171 1293 ήμῶν.

801 1333 990 1362 ATHANASII
1007 1333 1298 1363 INTERPRETATIO.

276 1386 329 1416 l9."
337 1381 492 1418 Dianolum.

273 1435 318 1462 20.
332 1436 362 1463 In
390 1435 551 1464 fortitudine
567 1436 628 1464 Filii
650 1438 688 1464 tui
713 1437 857 1473 perdidisti
878 1439 1030 1466 contrarias

242 1485 402 1515 potestates.

1113 1393 1157 1420 l9.
1177 1393 1229 1420 Τὸν
1244 1392 1374 1420 διάϐολον.

1114 1439 1159 1466 20.
1169 1439 1215 1466 ‘Ev
1227 1441 1262 1475 τῇ
1276 1439 1348 1474 ίσχύῗ
1362 1438 1409 1466 τοῦ
1425 1437 1489 1466 Υίοῦ
1505 1447 1552 1466 σου
1565 1438 1709 1472 ἀπώλεσας
1723 1438 1778 1471 τὰς
1794 1440 1866 1467 ὲναν-

1079 1485 1139 1517 τίας
1151 1485 1291 1521 δυνάμεις.

278 1525 322 1553 2i.
341 1524 392 1552 Tui
415 1529 480 1553 sunt
494 1526 582 1553 sancti
597 1527 636 1554 tui
658 1527 685 1554 in
708 1528 788 1560 cwlo.
805 1533 832 1556 et
854 1533 947 1564 gentes
968 1536 1029 1556 cre-

1115 1532 1161 1560 2l.
1240 1532 1308 1558 εἰσιν
1321 1531 1359 1567 (Ι)
1370 1531 1395 1558 οί
1411 1532 1440 1558 ὲν
1451 1531 1490 1567 τῷ
1502 1530 1608 1566 οὐρανῷ
1622 1531 1693 1565 ἃγιοί
1706 1539 1766 1564 σου,
1779 1532 1827 1558 καὶ
1836 1532 1869 1558 τὰ

242 1571 337 1599 dentes
353 1571 380 1598 in
395 1575 440 1599 te:
456 1572 582 1600 similiter
603 1577 630 1600 et
645 1573 747 1601 caelum
761 1578 789 1601 et
804 1578 878 1602 terra
895 1579 941 1602 tua
955 1580 1028 1607 sunt.

242 1617 307 1653 quia
320 1625 352 1645 ea
368 1618 480 1646 creasti.

277 1662 323 1690 22.
337 1662 439 1691 Omnes
453 1662 535 1690 simul
550 1663 676 1691 homines
691 1663 813 1694 fundasti
828 1666 856 1693 in
869 1666 921 1694 ﬁde
937 1672 993 1694 tua.

277 1752 322 1780 25.
338 1752 520 1780 Adversantes
534 1751 583 1780 tibi
595 1751 714 1786 Judaaos,
730 1757 758 1781 et
772 1754 905 1782 mundum
925 1759 954 1781 tu
967 1763 1028 1782 rur-

242 1806 290 1827 sus
302 1799 451 1826 renovasti.

277 1846 322 1873 24.
339 1845 424 1874 Electi
439 1845 479 1872 tui
493 1849 520 1873 et
534 1849 691 1881 peccatores
705 1846 732 1873 in
748 1847 859 1874 nomine
870 1851 917 1875 tuo
929 1848 1029 1883 gaude-

243 1894 322 1920 bunt.

277 1936 322 1964 25.
339 1935 425 1963 Filius
441 1941 504 1964 tuus
515 1936 563 1972 qui
575 1940 674 1972 potens
687 1942 740 1964 est.

277 1983 323 2011 26.
340 1982 444 2018 Regnet
464 1982 551 2010 Filius
564 1987 638 2016 tuus,
654 1987 682 2010 et
701 1982 867 2017 gloriﬁcetur
883 1988 946 2012 tuus
960 1983 1028 2011 Uni-

260 2031 358 2058 enitus.

260 2039 358 2058 emtus.

242 2039 259 2066 8
275 2077 320 2104 27.
335 2077 471 2105 Severitas
487 2081 514 2105 et
527 2077 642 2112 :equitas
658 2077 685 2104 in
699 2081 746 2104 tuo
763 2076 902 2104 tribunali.

276 2167 322 2195 28.
334 2167 363 2195 in
380 2168 506 2203 praesenti
521 2171 612 2195 autem
630 2168 730 2196 saeculo
744 2168 810 2197 ﬁdes
825 2173 851 2197 et
868 2168 1025 2197 misericor-

241 2213 285 2240 dia
300 2219 417 2248 aceeptze
429 2214 500 2248 apud
519 2219 555 2241 te.

276 2257 322 2286 29.
336 2258 389 2291 Qui
405 2266 439 2286 ex
451 2259 533 2286 corde
550 2267 601 2286 suo
612 2260 705 2294 gemit.

275 2304 321 2332 30.
337 2305 368 2331 In
385 2306 470 2339 gratia
480 2305 542 2332 Filii
557 2306 605 2332 tui.

275 2349 320 2377 3|.
336 2349 522 2378 lndesinenter
534 2351 561 2378 in
569 2356 672 2379 αξιοι-[ιιι
683 2350 775 2380 futura
787 2352 848 2380 luce
859 2353 1026 2387 gaudebunt.

275 2441 321 2468 52.
337 2441 370 2468 Et
385 2440 412 2467 in
428 2440 497 2468 Filio
513 2444 560 2468 tuo
576 2441 811 2476 glorificabuntur.

274 2487 319 2514 35.
332 2486 465 2519 Quoniam
481 2487 506 2514 in
521 2492 547 2514 te
558 2487 708 2522 gloriantur
723 2493 749 2516 et
762 2489 986 2518 corroborantur.

275 2532 319 2559 54.
335 2532 367 2558 Et
382 2532 408 2558 in
423 2532 560 2560 voluntate
576 2538 621 2560 tua
634 2538 661 2562 et
677 2534 737 2562 Filii
760 2536 797 2563 tui
822 2537 952 2571 dirigetur
972 2545 1023 2572 po—

240 2583 324 2607 testas
339 2584 444 2612 nostra,
460 2587 542 2614 quam
559 2580 638 2608 nobis
653 2581 686 2609 ab
699 2582 777 2610 initio
789 2583 897 2613 dedisti.

1080 1576 1143 1612 ἔθνη
1163 1576 1197 1602 τὰ
1215 1575 1375 1603 πιστεύοντα
1393 1577 1433 1608 εἰς
1452 1576 1497 1602 σέ·
1515 1576 1615 1611 ὁμοίως
1630 1576 1677 1602 καῖ¹
1692 1577 1765 1603 κατὰ
1782 1577 1813 1603 τὸ
1827 1576 1868 1611 δη-

1082 1623 1276 1660 μιουργητικὸν
1295 1622 1377 1650 αὐτοῦ
1395 1623 1463 1649 εἰσιν
1477 1623 1502 1649 οἱ
1516 1623 1625 1658 οὐρανοὶ
1641 1623 1689 1649 καὶ
1702 1624 1718 1657 ἡ
1734 1623 1784 1658 γῆ.

1115 1669 1159 1697 22.
1181 1670 1288 1700 Πάντας
1303 1668 1370 1704 ὁμοῦ
1387 1669 1449 1700 τοὺς
1468 1668 1626 1704 ἀνθρώπους
1644 1668 1829 1704 ἐθεμελίωσας
1842 1670 1868 1694 ἐν

1079 1716 1112 1750 τῇ
1131 1715 1220 1741 πίστει
1237 1724 1293 1741 σου.

1113 1761 1158 1787 23.
1179 1760 1247 1792 Τοὺς
1260 1760 1480 1796 ἐναντιουμένους
1493 1769 1533 1787 σοι
1550 1760 1693 1792 Ἰουδαίους
1709 1762 1758 1788 καὶ
1767 1761 1813 1788 τὸν
1828 1761 1868 1788 κό-

1084 1816 1151 1843 σμον
1168 1807 1201 1833 σὺ
1216 1806 1297 1833 πάλιν
1311 1807 1494 1837 ἁνεκαίνισας.

1113 1853 1158 1880 24.
1179 1853 1210 1879 υἱ
1227 1853 1348 1880 ἐκλεκτοί
1366 1861 1410 1879 σου
1427 1853 1473 1880 καὶ
1490 1853 1513 1879 οἱ
1531 1852 1688 1888 ἁμαρτωλοὶ
1712 1853 1741 1879 ἐν
1758 1853 1798 1888 τῷ
1812 1853 1865 1880 ὀνό-

1081 1900 1146 1935 ματί
1159 1908 1205 1926 σου
1218 1899 1383 1935 χαρίσονται.

1113 1946 1157 1972 25.
1180 1946 1229 1978 Σὺς
1242 1946 1256 1972 ὁ
1273 1945 1336 1978 Υἱὸς
1350 1946 1364 1972 ὁ
1377 1945 1489 1977 δυνατός

1112 1991 1158 2018 26.
1178 1991 1347 2018 Βασιλευέτω
1362 1991 1400 2026 (5)
1424 1992 1438 2017 ό
1454 1991 1518 2023 Υἱός
1542 2000 1600 2023 σου,
1617 1992 1665 2018 καὶ
1686 1991 1865 2028 δοξασθήτωὸ

1079 2037 1235 2072 Μονογενής
1249 2046 1307 2063 που.

1077 2104 1091 2117 π
1114 2083 1158 2110 27.
1178 2083 1330 2119 Αὶσηρότης
1346 2082 1383 2119 (6)
1397 2083 1443 2110 καὶ
1458 2084 1690 2119 απροσωποληψία
1709 2085 1740 2112 ἐν
1762 2084 1800 2120 τῷ
1820 2083 1863 2119 βή-

1081 2128 1146 2164 ματί
1164 2137 1221 2156 σου.

1113 2175 1157 2202 28.
1172 2175 1217 2201 Ἐν
1234 2175 1263 2201 δὲ
1276 2175 1315 2210 τῷ
1333 2175 1380 2202 νῦν
1393 2175 1470 2202 αἰῶνι
1484 2176 1574 2207 πίστις
1586 2176 1633 2203 καὶ
1646 2176 1814 2212 ἐλεημοσύνη
1823 2176 1862 2203 35-

1078 2220 1140 2247 κταὶ
1153 2219 1229 2255 παρὰ
1244 2220 1294 2246 σοί.

1113 2265 1158 2292 29.
1171 2265 1200 2292 '0
1212 2265 1244 2292 ὲκ
1255 2265 1304 2300 τῆς
1315 2265 1427 2301 καρδίας
1440 2265 1523 2293 αὐτοῦ
1539 2266 1633 2293 πενθεῖ
1647 2267 1696 2301 (5).

1113 2311 1158 2339 30.
1174 2311 1217 2339 Ἐν
1231 2313 1264 2347 τῇ
1280 2312 1370 2347 χάριτι
1383 2312 1430 2338 τοῦ
1446 2311 1512 2338 Υἱοῦ
1526 2321 1584 2340 σου.

1114 2356 1362 2389 51.¹Ᾱδιαλείπτως
1383 2357 1412 2383 ἐν
1437 2357 1477 2393 τῷ
1499 2357 1578 2393 ἀϊδίῳ
1596 2358 1665 2392 φωτὶ
1684 2358 1724 2394 τῷ
1745 2359 1863 2394 μέλλοντι

1079 2403 1244 2438 χαρίσονται.

1113 2447 1157 2474 52.
1179 2448 1233 2483 καὶ
1250 2449 1280 2474 ἐν
1298 2448 1336 2482 τῷ
1354 2448 1409 2483 Υἱῷ
1424 2457 1470 2475 σου
1487 2449 1708 2485 δοξασθήσονται.

1115 2492 1158 2519 55.
1169 2492 1229 2519 Ὅτι
1247 2493 1277 2519 ὲν
1296 2493 1337 2520 σοὶ
1350 2494 1505 2528 καυχῶνται
1517 2496 1564 2522 καὶ
1575 2495 1764 2532 δυναμοῦνται,

1114 2537 1158 2564 54.
1178 2538 1234 2564 Καὶ
1253 2539 1281 2565 ἐν
1299 2539 1339 2574 τῷ
1362 2539 1494 2575 θελήματί
1519 2549 1574 2574 σου,
1594 2542 1641 2568 καὶ
1660 2541 1707 2568 τοῦ
1729 2541 1793 2568 Υῐοῢ
1817 2549 1858 2567 σου

1078 2582 1295 2620 ἀνοροωοήσεται
1311 2586 1347 2620 (6)
1362 2587 1379 2620 ἡ
1402 2586 1510 2620 ἐξουσία
1527 2587 1615 2624 ἡμῶν,
1637 2588 1670 2624 ἣν
1691 2589 1758 2624 ἡμῖν
1771 2588 1800 2622 ἐξ
1812 2589 1859 2622 ἀρα

1080 2630 1130 2664 χῆς
1143 2630 1272 2662 δέδωκας.

713 2684 867 2715 Addenda
892 2690 922 2716 et
940 2686 1129 2726 corrigenda
1147 2696 1186 2719 ex
1198 2690 1267 2720 cod.
1287 2690 1387 2723 Valic.

276 2745 312 2785 (ι)
332 2745 377 2772 Σοί
392 2746 444 2773 εισι
459 2747 506 2774 καὶ
521 2746 556 2779 οἱ,
572 2748 721 2783 ειε.’⁷ομιυς
735 2748 791 2782 καί,
809 2755 860 2778 etc.
880 2749 944 2785 Leg.
957 2749 1025 2782 vid.,

238 2780 348 2816 ὁμοίιος.

275 2817 313 2849 (2)
326 2817 355 2842 'U
371 2817 415 2848 σὸς
428 2817 490 2849 Υἱὸς
504 2818 623 2851 δυνατός.

274 2851 312 2885 ('5)
331 2852 526 2879 Βασιλευτάτω.

1116 2751 1154 2815 (ιζ
1174 2752 1354 2794 Λύστΰρότης.

1116 2787 1142 2815 (5
1173 2788 1290 2814 Πενθων.

1114 2787 1153 2820 (5)
1173 2787 1290 2814 navem.

1116 2822 1153 2857 (ίί)
1163 2823 1364 2858 Ἀνδροιυοήτιι).
