1881 3053
61 128 115 155 1965
473 126 517 153 DE
537 125 676 153 TlTlILlS
695 125 918 153 PSALMORUM.
938 142 968 146 ——
986 125 1085 154 PSAL.
1108 125 1200 154 XCVI.
1588 125 1654 154 1066

835 187 859 216 Α
907 185 934 212 2.
949 185 1084 212 Lzetentur
1100 185 1196 212 insulae
1212 184 1315 212 multat.

905 231 932 258 5.
946 230 1035 258 Nubes
1051 235 1077 258 et
1093 231 1179 266 caligo
1195 231 1222 257 in
1239 230 1353 258 circuitu
1368 229 1428 265 ejus
1445 239 1451 256 ι

906 277 933 304 4.
945 275 1066 309 Iustitia,
1081 281 1109 304 et
1123 276 1256 312 judicium
1274 276 1409 303 correctio
1426 275 1498 303 sedis
1514 275 1585 310 ejus.

85 187 106 212 2.
120 185 344 220 Εὗφρανιιήτωσαν
358 185 434 220 νῆσοι
448 185 552 211 πολλαί.

85 234 106 259 3.
118 231 213 267 Νεφέλη
228 233 275 258 καὶ
291 232 385 266 γνόφος
398 232 489 268 κύκλῳ
504 231 596 258 αὑτοῦ·

83 279 104 304 ι.
116 277 265 312 Δικαιοσύνη
284 278 329 304 καὶ
352 279 438 313 κρῖμα
466 277 635 313 κατόρθωσις
663 276 709 304 τοῦ
726 277 820 313 Θρόνου

59 323 131 350 dimi.

84 370 104 395 5.
117 368 168 403 Πῦρ
182 367 297 395 ἐνώπιον
313 367 394 395 αὑτοῦ
412 368 640 404 προπορεύσεται·

84 414 105 440 6.
115 414 162 440 Καὶ
177 414 284 446 φλογιεῖ
298 413 389 447 κύκλῳ
404 414 466 445 τοὺς
479 413 593 449 ἐχθροὺς
609 414 701 441 αὐτου.

83 460 104 486 'i.
119 459 233 493 Ἐφαναν
248 459 277 484 αἱ
288 459 426 494 ἀστραπαὶ
446 459 529 486 αὐτοῦ
543 461 576 495 τῇ
592 459 749 495 οἰκουμένῃ·

84 505 104 532 8.
117 505 180 538 Εἰδε,
194 505 240 531 καὶ
255 505 387 540 ἐσαλεύθη
405 506 421 541 ἠ
437 506 483 540 γῆ.

906 363 932 391 5.
947 363 1019 398 Ignis
1035 368 1096 390 ante
1113 363 1200 398 ipsum
1218 361 1352 397 praecedet
1369 371 1375 388 :

905 409 932 436 6.
946 409 979 436 Et
993 408 1170 436 inﬂammabit
1185 407 1212 434 in
1228 408 1345 434 circuitu
1359 407 1485 435 inimicos
1498 407 1568 442 ejus.

907 454 933 481 7.
951 453 1099 480 llluxerunt
1115 453 1218 488 fulgura
1230 453 1289 488 ejus
1303 453 1361 480 orbi
1380 458 1477 480 terrae:

906 499 932 526 8.
949 499 1032 531 Vidit,
1047 504 1073 526 et
1089 502 1225 526 commota
1241 505 1283 526 est
1300 503 1371 526 terra
1386 507 1392 524 :

82 551 103 578 9.
115 551 150 577 Τὰ
172 551 221 586 ὅρη
236 551 302 577 ὡσεὶ
331 551 414 587 κηρὸς
443 551 580 587 ὲτάκησαν
595 552 648 579 ἀπὸ
675 551 815 587 προσώποι

906 545 932 572 9.
948 545 1052 572 Montes
1069 545 1140 572 sicut
1154 552 1214 572 cera
1232 545 1367 572 ﬂuxerunt
1378 553 1393 572 a
1408 544 1475 573 facie
1488 545 1593 574 Domini
1611 555 1618 574 :

58 596 144 632 Kupiou'
611 595 614 599 ”

83 642 117 670 10.
133 642 195 669 Ἀπὸ
209 641 354 678 προσώπου
371 643 475 679 Κυρίου
491 644 582 679 πάσης
596 643 646 678 τῆς
662 643 725 678 γῆς.

81 687 116 714 11.
138 687 308 724 Ἀνήγγειλαν
321 689 344 714 oi
355 688 463 724 οὐρανοὶ
478 689 527 725 τὴν
539 688 713 723 δικαιοσύνην
728 687 820 714 αὐτοῦ·

82 733 115 760 12.
127 734 177 760 Καὶ
194 734 300 760 είδοσαν
311 733 411 765 πάντες
419 735 443 760 oi
456 733 516 762 λαοὶ
532 734 582 770 τὴν
597 733 676 767 δόξαν
690 733 782 760 αὑτοῦ.

908 634 950 661 10.
967 635 988 661 A
1003 634 1072 662 facie
1087 634 1191 662 Domini
1206 635 1295 662 omnis
1308 639 1379 662 terra
1394 645 1400 662 :

908 680 950 706 Η.
966 680 1201 707 Annuntiaverunt
1215 681 1275 708 caeli
1286 680 1420 715 justitiam
1435 680 1494 716 ejus
1507 690 1514 708 :

907 726 950 753 12.
967 726 999 754 Et
1014 727 1139 753 viderunt
1153 734 1248 754 omnes
1264 727 1355 762 populi
1372 727 1482 762 gloriam
1497 727 1566 762 ejus.

82 779 116 806 15.
130 779 354 815 Αξσχυνθήτωσαν
371 779 471 812 πάντες
481 781 505 806 oi.
532 778 749 815 προσκυνοῦντες
765 779 815 810 τοῖς

907 772 950 798 15.
964 770 1173 799 Confundantur
1187 779 1283 799 omnes
1295 791 1302 804 ,
1318 772 1364 807 qui
1382 772 1496 799 adorant
1509 772 1653 808 sculptilia.

56 825 168 858 γλυπτοῖς,

81 871 115 898 14.
128 873 156 898 Οί
171 873 374 909 ἐγκαυχὼμενοι
389 875 418 900 ὲν
428 874 482 904 τοῖς
498 871 617 905 εἰδώλοις
633 871 736 899 αὐτῶν.

81 917 115 943 15.
130 918 332 955 Προσκυνήσατε
349 919 434 954 αὐτῷ,
453 918 552 950 πάντες
566 917 676 952 ἄγγελοι
687 917 779 944 αὐτοῦ’

82 963 116 990 16.
133 964 257 996 Ἤκουσε,
272 965 320 992 καὶ
334 965 499 1000 εὐφράνθηὴ
516 963 553 999 (a)
567 963 647 996 Σιὼν,

834 861 855 887 Β
906 870 950 897 14.
967 869 1018 904 Qui
1033 870 1182 904 gloriantur
1199 870 1226 897 in
1241 870 1395 898 simulacris
1412 872 1479 900 suis.

907 915 950 942 15.
969 915 1085 942 Adorate
1100 923 1174 948 eum,
1187 923 1283 943 omnes
1297 916 1384 952 angeli
1400 917 1479 952 ejus!

908 961 949 988 16.
969 961 1078 989 Audivit
1089 983 1096 995 ,
1109 967 1136 990 et
1149 963 1238 990 laetata
1252 966 1293 990 est
1308 962 1383 996 Sion,

82 1021 113 1055 (a)
129 1022 156 1047 'H
166 1021 248 1049 deest.

586 1065 776 1096 ATHANASH
799 1061 1090 1092 INTERPRETATIO.

56 1121 85 1156 τῇ
101 1123 163 1157 χειρὶ
175 1123 354 1159 ἑρμηνεύεται
377 1122 416 1156 τῷ
433 1123 531 1157 Δαὸὶδ,
545 1123 668 1150 τουτέστι
679 1123 717 1158 τῷ
731 1122 788 1158 Υἰῷ
810 1121 856 1149 τοῦ
881 1121 958 1148 Θεοῖν
986 1118 1055 1147 εἶτα·
1085 1120 1134 1147 ὅτε
1146 1121 1180 1147 ἐν
1197 1120 1285 1155 (1)τῇ
1307 1121 1347 1156 τῇ
1360 1122 1452 1149 αὐτοῦ
1467 1122 1654 1154 καθίσταται.

57 1168 134 1196 ὡσανεὶ
141 1170 182 1196 ὅτε
192 1170 236 1196 τὸν
251 1170 356 1205 κόσμον
369 1171 450 1197 αὐτοῦ
462 1170 677 1206 περιφερόμενον
692 1170 731 1205 (Ξ)
747 1171 780 1205 τῇ
795 1170 916 1206 ἁμαρτίᾳ
935 1168 1096 1204 ῥυσάμενος,
1110 1169 1157 1194 καὶ
1179 1169 1218 1199 εἰς
1243 1169 1407 1204 κατάσχεσιν
1417 1169 1527 1204 ἀγαγὼν
1554 1171 1654 1202 παντὸς

58 1214 118 1249 ἔργον
130 1215 233 1249 ἀγαθοῦ.
246 1214 324 1243 Εἶτα·
341 1217 542 1251 ἀνεπίγραφος
559 1217 627 1251 παρ’
650 1218 804 1251 Ἑϐραίοις,
816 1217 887 1251 λέγω
900 1216 932 1252 δὴ
945 1216 994 1252 τὴν
1008 1215 1047 1250 τῷ
1061 1215 1100 1251 (3)
1115 1215 1215 1250 ψαλμῷ
1232 1215 1369 1250 βασιλείαν
1384 1217 1431 1243 τοῦ
1447 1217 1511 1244 Υίοῦ
1524 1217 1571 1244 τοῦ
1586 1217 1653 1244 Θεοῦ

58 1259 158 1294 ῥηθεῖσαν
173 1261 201 1288 οὐ
215 1262 422 1297 προσεδέξαντο,
439 1263 507 1290 ἀλλὰ
519 1263 673 1290 ἀπώσαντο.
691 1263 794 1290 Οὐκοῦν
811 1264 922 1295 δικαίως
934 1262 1040 1298 εἴρηται
1051 1263 1065 1288 ὁ
1078 1262 1183 1297 ψαλμὺς
1197 1262 1398 1298 ἀνεπίγῬαφος
1412 1264 1480 1298 παρ’
1500 1265 1653 1299 Ἑϐραίοις.

58 1306 86 1333 ’ἴα
96 1308 141 1343 γὰρ
152 1309 179 1335 ἐν
191 1309 264 1345 αὺτῷ
293 1311 439 1346 ἐγκείμενα
453 1311 517 1347 περὶ
536 1311 584 1338 τοῦ
611 1311 677 1338 Υίοῠ
699 1312 746 1339 τοῦ
769 1312 838 1339 Θεοῦ
864 1312 980 1339 ἀϐέϐαια
1000 1311 1161 1346 γεγένηνται
1188 1312 1252 1347 παρ’
1277 1311 1367 1344 αὐτοῖς
1386 1312 1430 1339 διὰ
1449 1313 1498 1348 τὴν
1527 1313 1655 1340 ἀπιστίαν

58 1354 134 1383 ιῦτῶν.

59 1401 96 1428 hoc
107 1407 142 1430 est
154 1403 197 1430 Dei
209 1403 290 1432 Filio.
302 1403 405 1432 Deinde
419 1414 426 1432 :
439 1406 544 1440 quando
557 1406 585 1432 in
599 1410 697 1432 terram
710 1414 785 1433 suam
808 1407 947 1434 restitutus
963 1411 1002 1434 est
1014 1406 1106 1443 [terra
1127 1408 1183 1442 ejus
1205 1408 1328 1435 restituta
1348 1412 1386 1434 est
1397 1407 1417 1443 ],
1441 1407 1570 1434 nimirum
1592 1416 1655 1436 cum

58 1449 161 1478 mundum
174 1459 252 1479 suum
269 1452 299 1479 in
317 1453 433 1486 peccatis
449 1453 604 1482 immersum
619 1455 765 1486 liberavit.
784 1461 812 1484 et
833 1457 859 1484 in
876 1457 1077 1492 possessionem
1093 1457 1184 1485 omnis
1206 1457 1270 1484 boni
1285 1457 1376 1492 operis
1392 1457 1515 1484 deduxit.
1531 1457 1629 1485 Postea
1646 1468 1653 1485 :

57 1495 98 1522 tiu
108 1497 174 1524 titulo
185 1500 254 1534 apud
268 1499 405 1532 Ilebra’os,
422 1499 563 1535 Regnum,
580 1501 691 1537 inquam
702 1525 710 1536 ,
728 1503 775 1531 Dei
792 1504 853 1532 Filii
879 1505 907 1532 in
923 1506 1029 1540 psalmo
1043 1506 1233 1533 annuntiatum
1248 1504 1299 1540 ipsi
1315 1513 1369 1533 non
1391 1505 1576 1540 admiserunt,
1601 1506 1656 1534 imo

57 1541 194 1586 tepulerunt.
208 1543 303 1580 Itaque
318 1544 439 1579 psalmus
456 1544 603 1580 inscriptus
625 1551 667 1574 est
689 1555 696 1573 :
719 1547 775 1574 sine
791 1549 870 1575 titulo
883 1550 953 1584 apud
976 1550 1101 1578 Helmeo:
1114 1572 1121 1584 ,
1139 1558 1201 1586 quae
1217 1551 1289 1578 enim
1308 1551 1334 1577 in
1353 1551 1412 1585 ipso
1430 1551 1604 1579 continentur
1622 1551 1656 1578 de

57 1583 110 1613 Filio
121 1587 171 1620 Dei,
185 1589 258 1617 irrita
275 1589 346 1616 facta
362 1594 424 1617 sunt
441 1590 511 1624 apud
525 1597 572 1618 eos
588 1595 698 1625 propter
714 1599 808 1620 eorum
826 1583 978 1628 perﬁdiam.

81 1631 102 1658 2.
113 1634 140 1659 Al.
150 1635 290 1670 ἐκκλησίαι
303 1635 358 1661 τῶν
372 1634 475 1661 πιστῶν
493 1635 542 1670 (4).

83 1679 143 1706 5.οί
167 1680 339 1713 ἀπειθοῦντες
370 1681 490 1708 Ἰουδαῐοι
514 1681 562 1708 καὶ
586 1682 715 1719 Ἕλληνες
739 1684 817 1716 ἐκτὸς

57 1731 119 1750 αυτου
122 1744 128 1752 .

81 1769 104 1796 ι.
117 1771 141 1797 Ol
152 1773 362 1806 πεπιστευκότες
373 1774 448 1810 αὐτῷ
458 1776 527 1809 λαοὶ,
546 1776 756 1810 εὐτρεπίσαντες
769 1776 818 1807 τὰς

831 1642 852 1670 C
903 1641 930 1667 2.
947 1640 1074 1668 Ecclesiae
1089 1641 1216 1668 ildelium.

905 1689 931 1715 5.
946 1687 1079 1716 Incretluli
1094 1688 1190 1720 Judaei,
1204 1693 1230 1715 et
1245 1689 1358 1723 gentiles
1372 1695 1447 1716 extra
1465 1689 1566 1724 ipsum.

903 1776 929 1802 4.
952 1776 1057 1810 Populi,
1078 1776 1125 1810 qui
1142 1776 1316 1803 crediderunt
1331 1776 1354 1803 ei
1372 1783 1556 1812 prazparantes
1572 1778 1653 1805 coda

58 1815 145 1850 καρδίας
159 1818 271 1852 ἑαυτῶν,
288 1819 414 1853 ἐδέξαντο
425 1821 453 1846 ὲν
463 1821 553 1853 αὐτοῖς
569 1821 607 1856 (5)
619 1820 668 1856 τὴν
681 1821 815 1855 βασιλείαν

904 1830 917 1849 a
931 1826 1095 1857 exceperunt
1107 1822 1135 1849 in
1147 1821 1215 1857 ipsis
1227 1829 1340 1857 regnum
1354 1821 1412 1850 Dei.

57 1859 91 1886 τα)
104 1861 170 1890 Θεοῦ.

83 1905 103 1932 5-
121 1908 158 1935 Ἐν
168 1911 198 1946 τῇ
211 1910 306 1946 ἡμέρᾳ
319 1911 369 1946 τῆς
381 1911 508 1946 κρίσεως.

82 1952 102 1979 6.
114 1954 160 1981 Καὶ
171 1957 379 1992 κατακυριεύσει
394 1956 432 1991 (6)
442 1957 489 1984 τοῦ
506 1957 681 1990 ἀπειθοῦντος
697 1957 781 1992 αὐτῷ.

82 1997 102 2024 7.
116 2000 142 2026 Oi
154 2001 292 2029 ἀπόστολοι
308 2002 443 2036 ὲφώτισαν
453 2003 487 2030 τὰ
498 2003 560 2038 ἔθνη
571 2003 616 2030 διὰ
631 2003 817 2039 κηρύγματος.

83 2042 103 2070 8.
121 2044 272 2083 ’Δνέϐλεψον
289 2048 327 2083 (7)
340 2048 373 2074 τὰ
388 2048 450 2084 ἔθνη
465 2050 498 2084 τῇ
515 2049 629 2085 διανοίᾳ,
646 2049 694 2075 καὶ
706 2049 818 2084 ἠκολού-

58 2085 122 2123 θησαν
130 2093 158 2127 τῇ
173 2094 272 2122 πίστει.

85 2134 105 2162 9.
118 2137 145 2164 Δί
159 2139 276 2167 ἐναντίαι
292 2139 420 2176 δυνάμεις
435 2140 558 2173 ἐξέλιπον
583 2141 637 2167 ἀπὸ
651 2140 700 2177 τῆς
715 2149 818 2177 παρουυ

57 2181 102 2214 τίεις
109 2185 150 2211 τοῦ
163 2184 272 2221 Κυρίου.

84 2228 118 2256 10.
133 2231 192 2258 Ἀπὸ
201 2233 250 2268 τῆς
263 2232 412 2268 παρουσίας
425 2232 471 2259 τοῦ
490 2232 624 2259 Δεσπότου
635 2232 689 2260 τῶν
704 2232 798 2260 ἐθνῶν.

83 2274 118 2302 11.
130 2277 157 2303 Οἱ
171 2278 310 2305 ἀπόστολοι
324 2279 367 2305 διὰ
377 2278 423 2305 τοῦ
437 2278 622 2314 κηρύγματος.

904 1911 931 1938 5.
948 1911 978 1938 In
992 1911 1035 1939 die
1047 1911 1153 1946 judicii.

904 1957 930 1984 6.
945 1957 977 1984 Et
987 1957 1143 1992 subjugabit
1154 1965 1208 1985 non
1222 1957 1375 1985 credentem
1392 1958 1456 1986 sibi.

905 2003 1054 2038 7.Apostoli
1065 2005 1151 2031 lucem
1160 2003 1308 2031 attulerunt
1317 2004 1442 2040 gentibus
1450 2004 1652 2039 praedicatione.

904 2049 930 2077 8.
940 2050 1028 2078 Mente
1043 2054 1221 2085 respexerunt
1233 2054 1336 2086 gentes,
1347 2055 1372 2078 et
1381 2055 1482 2078 secutae
1489 2055 1553 2078 sunt
1562 2050 1652 2077 ﬁdem.

903 2139 929 2166 9.
952 2139 1120 2167 Adversariae
1143 2142 1291 2174 potestates
1316 2137 1473 2166 defecerunt
1493 2138 1654 2166 adveniente

869 2185 994 2213 Domino.

905 2231 947 2258 10.
963 2231 1130 2258 Adveniente
1144 2231 1263 2266 gentium
1279 2230 1405 2257 Domino.

904 2280 944 2306 11.
963 2278 1084 2314 Apostoli
1099 2286 1146 2313 per
1159 2278 1390 2313 praedicationem.

83 2319 117 2347 12.
129 2322 178 2350 Καὶ
194 2324 382 2360 ἐφωτίσθησαν
396 2325 495 2357 πάντες
517 2324 557 2359 τῷ
574 2324 656 2351 πάθει
669 2325 707 2360 (8)
720 2325 812 2351 αὑτοῦ.

905 2324 947 2351 12.
965 2323 997 2351 Ει
1011 2323 1156 2350 illuminati
1171 2327 1235 2350 sunt
1249 2329 1346 2350 omnes
1364 2322 1490 2357 passione
1506 2321 1576 2356 ejus.

83 2365 117 2393 13.
132 2367 227 2402 Ξύλοις,
241 2371 287 2397 καὶ
297 2370 390 2403 λίθοις,
406 2371 453 2397 καὶ
475 2370 576 2402 πάσαις
592 2369 667 2402 ὕλαις
682 2372 813 2402 κτισταίς.

83 2410 116 2438 11.
127 2414 181 2442 Ὀτι
193 2416 228 2452 (9)
243 2417 273 2444 τὸ
287 2417 416 2453 καύχημα
431 2417 521 2444 αὐτῶν
537 2417 682 2452 τύφλωσιν.
704 2417 750 2443 καὶ
767 2417 819 2443 κώ-

58 2464 133 2491 φωσιν.
147 2462 190 2488 καὶ
202 2463 332 2500 νέκρωσιν
346 2461 428 2498 εἶχον.

83 2501 118 2530 15.
130 2506 157 2531 υί
168 2509 252 2534 πιστοὶ
266 2510 290 2535 ot
300 2508 470 2541 δουλεύοντες
485 2508 568 2543 αὐτῷ.

84 2546 118 2575 16.
139 2550 178 2577 Ἐν
187 2552 238 2589 (10)
253 2554 309 2581 ἄνω
330 2554 517 2589 Ἰερουσαλήμ.

906 2371 947 2397 15.
966 2369 1061 2404 Ligna,
1075 2373 1102 2396 ct
1115 2369 1228 2403 lapides,
1247 2373 1273 2395 et
1285 2376 1380 2396 omnes
1395 2369 1522 2396 materias
1537 2373 1652 2395 creatas.

905 2415 947 2441 14.
964 2414 1097 2447 Quoniam
1115 2413 1300 2448 gloriationem
1318 2421 1395 2440 suam
1410 2413 1437 2440 in
1453 2413 1542 2446 caecis,
1559 2413 1651 2444 mntis,

867 2464 895 2487 et
910 2459 1025 2486 mortuis
1041 2459 1203 2486 habuerunt.

903 2506 946 2532 15.
960 2505 1066 2533 Fideles
1078 2505 1227 2532 servientes
1241 2504 1302 2540 ipsi.

903 2551 945 2577 16.
962 2550 991 2577 In
1007 2558 1123 2585 superna
1138 2549 1302 2578 Jerusalem.

504 2601 657 2632 Addenda
685 2604 715 2631 et
731 2599 917 2639 corrigenda
934 2608 974 2630 ex
990 2599 1060 2630 cod.
1080 2599 1183 2631 Vatic.

129 2645 210 2685 Ῥτεὴ
225 2651 260 2685 γῆ
275 2651 368 2681 αὐτού,
383 2655 434 2678 etc.

73 2678 398 2728 νὶἕζξξμπεριᾦερόμενον
414 2694 438 2712 τ.
470 2685 498 2713 ἁ.
526 2687 552 2721 ῥ.
578 2687 617 2718 είς
647 2686 811 2712 κατάστασιν

59 2708 317 2753 ἦγῇηξεζπᾶντᾶξγέῆῖ

84 2746 114 2794 iii
128 2750 218 2794 Ξιτεῑλ

86 2782 116 2817 1‘)
132 2782 229 2816 Ἐθνῶν.
274 2810 281 2817 ,,

85 2815 115 2852 (ὅ)
133 2815 250 2856 Ἑαυτοῗς.

184 2871 312 2906 Ρηιιοι.
329 2874 388 2906 Gn.
400 2873 528 2904 XXVII.

902 2649 939 2683 (6)
954 2649 1127 2676 Κατακαύσει
1141 2649 1205 2681 τοὺς
1220 2649 1406 2680 ἀπειθοῦντας,
1424 2653 1475 2675 etc.

901 2685 938 2718 (7)
952 2684 1123 2719 Ἀνέὸλεψαν.

902 2720 940 2754 (8)
958 2719 994 2746 Τὸ
1008 2720 1102 2752 πάθος.

902 2755 940 2790 (9)
957 2756 988 2781 Οἱ
1002 2755 1042 2786 τό,
1054 2760 1118 2786 etc...
1133 2755 1249 2790 ἔχοντες.

902 2789 957 2825 (ιο)
974 2790 1005 2816 Ἡ
1020 2789 1084 2822 ave,
1097 2795 1150 2820 etc.
