1910 3048
207 156 270 184 1071
624 152 654 179 ὅ.
672 150 863 178 ATHANASll
882 150 957 179 OPP.
977 149 1065 177 PARS
1085 149 1129 177 Ill.
1149 163 1183 168 —-
1201 147 1409 177 EXEGETICA.
1754 148 1821 175 1073

239 214 266 240 2.
283 211 336 246 Qui
355 211 433 239 sedes
444 218 524 246 super
537 209 687 242 cherubim,
703 214 844 237 moveatur
864 215 946 237 terra.

1070 209 1098 235 2.
1121 208 1150 235 '0
1167 207 1322 243 καθήμενος
1335 207 1381 233 ἐπὶ
1397 207 1452 233 τῶν
1468 205 1616 242 χερουὸἱμ,
1633 206 1790 252 σαλευθήτω
1805 207 1821 243 ἡ

1040 263 1084 290 γη-

239 298 265 325 5.
284 296 415 324 Dominus
432 296 459 323 in
475 295 542 323 Sion
557 303 689 330 magnus,

1073 300 1100 327 5.
1118 300 1219 334 Κύριος
1229 300 1258 326 ἐν
1268 299 1336 326 Σιὼν
1353 299 1447 335 μέγας,

239 343 265 370 Ai.
283 342 316 369 Et
333 342 458 370 excelsus
471 348 553 376 super
564 348 659 368 omnes
674 341 799 376 populos.

1074 345 1098 371 4.
1114 346 1168 372 Καὶ
1181 345 1280 380 ὑψηλός
1297 346 1371 371 ἐστιν
1388 345 1434 371 ἐπὶ
1451 344 1554 376 πάντας
1570 345 1633 377 τοὺς
1647 344 1737 376 λαούς.

239 388 265 416 5.
285 388 470 416 Conliteantur
483 386 601 423 [omnes]
620 387 724 414 nomini
745 390 791 414 tuo
804 394 903 422 magno
918 395 924 412 :

1073 390 1099 417 5.
1122 389 1431 425 Ἐξομολογησὰσθωσαν
1446 389 1568 426 [πάντες]
1587 390 1626 425 τῷ
1648 390 1761 426 ὀνόματί
1777 400 1820 418 σου

1037 434 1076 460 τῶ
1093 435 1201 462 μεγάλω
1209 443 1215 450 ·

240 473 266 500 6.
283 472 415 506 Quoniam
431 471 562 503 terribile,
573 477 599 499 et
614 476 738 499 sanctum
752 475 793 499 est
807 481 814 498 :

1037 444 1076 470 τῳ
1093 444 1215 470 μεγαΑῳ·

785 475 793 497 ¹·
807 481 814 498 ⁵
1073 481 1099 507 6.
1114 481 1174 507 Ὅτι
1192 480 1305 516 φοϐερὸν
1325 481 1372 507 καὶ
1382 480 1458 514 ἅγιόν
1473 481 1539 508 ἐστι.

239 519 266 546 7.
284 518 317 545 Et
333 518 421 545 honor
437 518 509 552 regis
520 517 654 552 judicium
669 517 766 552 diligit.

1073 525 1099 551 7.
1117 525 1170 551 Καὶ
1183 525 1250 560 τιμὴ
1263 525 1393 559 βασιλέως
1407 524 1495 560 κρίσιν
1509 525 1612 560 ἀγαπᾷ.

239 562 265 589 8.
283 561 323 588 Tu
339 561 440 596 parasti
454 561 642 589 directiones:

1073 569 1099 596 8.
1117 569 1153 596 Σὺ
1165 570 1315 605 ἡτοίμασας
1331 569 1497 604 εὑθύτητας¹

239 607 265 634 9.
283 606 420 634 Iudicium
436 611 463 634 et
473 606 608 641 justitiam
622 615 648 634 in
661 606 746 635 Jacob
759 612 787 635 tu
802 607 899 636 fecisti.

1073 615 1098 642 9.
1113 615 1210 650 Κρίσιν
1226 616 1270 642 καὶ
1282 615 1454 650 δικαιοσύνην
1466 615 1494 641 ἐν
1515 615 1612 641 Ἰαχὼό
1634 615 1666 642 σὺ
1682 614 1821 652 ἐποίησας.

240 654 283 679 10.
296 652 418 680 Exaltate
429 652 574 680 Dominum
588 651 673 680 Deum
692 657 814 681 nostrum
827 661 834 680 :

1074 660 1116 687 10.
1138 661 1251 696 ’Υψοῦτε
1270 661 1371 697 Κύριον
1383 661 1428 688 τὸν
1443 661 1508 688 Θεὸν
1520 662 1611 697 ἡμῶν·

240 699 283 726 tt.
299 698 332 726 Et
344 699 455 726 adorate
468 699 617 726 scabellum
630 699 729 735 pedum
740 699 800 735 ejus
812 709 818 726 :

1074 705 1117 733 11.
1128 707 1182 733 Καὶ
1195 708 1370 743 προσκυνεῖτε
1379 707 1418 743 τῷ
1426 702 1564 743 ὑποποδίῴ
1572 707 1624 733 τῶν
1635 707 1723 735 ποδῶν
1731 707 1821 734 αὐτοῦ·

240 745 284 772 12.
299 744 434 778 Quoniam
447 749 560 772 sanctus
570 748 621 772 est.

615 765 621 771 .
1073 751 1118 778 12.
1134 752 1194 779 Ὀτι
1209 753 1286 786 and;
1301 753 1367 780 ἐστι.

240 791 283 818 15.
299 790 416 826 Moyses,
429 795 456 818 et
466 791 558 818 Aaron
573 791 602 817 in'
612 790 799 818 sacerdotibus
813 790 872 826 ejus
883 811 890 824 ,

1074 797 1116 824 15.
1134 798 1264 831 Μωῦσῆς,
1280 799 1327 824 καὶ
1350 797 1453 834 Ἀαρὼν
1465 799 1494 826 ὲν
1511 800 1565 830 τοῖς
1581 799 1698 835 ἱερεῦσιν
1709 799 1809 832 αὐτοῦ,

240 835 284 862 14.
302 835 335 863 Et
361 835 473 863 Samuel
496 836 568 863 inter
587 843 644 870 eos,
671 838 719 871 qui
740 836 868 864 invocant
888 844 988 864 nomen

1077 842 1120 869 14.
1136 843 1191 869 Kal.
1205 843 1330 879 Σαμουὴλ
1344 845 1372 870 ὲν
1384 845 1440 876 τοῖς
1455 844 1678 880 ἐπικαλουμένοις
1696 846 1728 872 τὸ
1742 842 1823 880 ὄνομα

204 882 279 916 ejus,

1006 883 1027 911 Β
1042 889 1133 920 αὑτοῦ,

240 927 284 954 15.
299 927 462 956 lnvocabant
490 927 652 962 Dominum,
683 933 710 956 et
737 929 795 964 ipse
822 929 985 957 exaudiebat

1308 921 1320 930 .

1078 934 1121 962 15.
1143 935 1339 963 Ἐπεκαλοῦντο
1351 937 1396 964 τὸν
1408 937 1521 972 Κύριον,
1534 938 1580 965 καὶ
1593 938 1673 970 αὐτὸς
1687 939 1825 975 εῑσήκουεν

205 983 262 1003 COS.

1041 980 1141 1006 αὐτῶν.

241 1020 284 1048 16.
299 1020 327 1048 In
340 1020 465 1049 columna
479 1021 559 1049 nubis
570 1022 732 1057 loquebatur
745 1022 779 1050 ad
798 1029 857 1051 eos.

1077 1025 1120 1052 16.
1140 1026 1184 1052 Ἐν
1195 1026 1282 1062 στόλῳ
1294 1027 1409 1063 νεφέλης
1423 1028 1513 1055 ἐλάλει
1531 1029 1600 1064 πρὸς
1611 1030 1719 1062 αὐτούς.

241 1066 284 1093 17.
302 1066 436 1100 Quoniam
450 1067 639 1095 custodiebant
649 1068 804 1096 testimonia
820 1069 898 1104 ejus,

1077 1071 1120 1099 17.
1137 1072 1198 1098 Ὀτι
1210 1072 1361 1106 ἐφύλασσον
1372 1073 1406 1100 τὰ
1418 1075 1556 1110 μαρτύρια
1567 1075 1650 1103 αὐτοῦ
1660 1095 1668 1109 ,

759 1175 946 1204 ATHANASII
970 1177 1262 1210 lNTERPRETATiO.

206 1275 347 1324 {{qﬁtﬁ
371 1275 445 1324 zefel
471 1274 509 1324 γῷ
531 1274 588 1324 Th?
609 1274 656 1324 τοῗ
673 1273 835 1324 ἓεῩῦ--Εἴτα
851 1276 1054 1324 ἀνεπίγραφος
1083 1282 1151 1316 παρ’
1170 1283 1327 1317 Ἑϐραίοις·
1345 1285 1530 1322 ἀπρόσδεκτος
1543 1286 1581 1322 (ι)
1598 1287 1653 1324 γάρ
1669 1287 1747 1315 ἐστιν
1764 1288 1823 1324 παρ’

213 1321 350 1358 Ἐὃραιοις
373 1322 387 1347 ὁ
402 1321 562 1356 ἐγκείμενος
576 1322 606 1347 ὲν
621 1320 659 1356 τῷ
675 1320 785 1356 ψαλμῷ.
801 1322 939 1350 τουτέστιν
950 1325 964 1351 ὁ
980 1325 1044 1358 Υἱὸς
1058 1327 1105 1355 τοῦ
1122 1328 1200 1355 Θεοῦ.

206 1367 311 1439 gemit]?
326 1367 382 1393 sine
399 1366 476 1393 titulo
494 1366 564 1400 apud
581 1365 706 1394 Hebreos
723 1375 732 1393 :
746 1371 878 1402 exceptus
888 1369 961 1397 enim
974 1379 1029 1400 non
1043 1379 1086 1401 est
1104 1374 1139 1402 ab
1155 1373 1286 1409 Hebreis,
1302 1376 1349 1412 qui
1368 1376 1396 1404 in
1410 1377 1518 1412 psalmo
1533 1377 1700 1411 continetur,
1715 1379 1769 1407 hoc
1786 1383 1825 1406 est

230 1415 254 1439 ei
290 1413 297 1439 i
310 1413 363 1439 ius.

230 1415 254 1440 ei
268 1413 363 1440 Filius.

243 1480 269 1507 ἱ.
287 1480 340 1513 Qui
357 1480 430 1507 sedet
442 1487 519 1514 super
535 1479 675 1508 Cnerubim
685 1501 693 1514 ,
709 1481 735 1508 in
750 1483 934 1518 cognitionem
949 1492 995 1513 ve-

1079 1477 1105 1505 2.
1133 1478 1164 1506 '0
1191 1482 1362 1515 καθήμενος
1383 1481 1433 1508 ἐπὶ
1457 1480 1517 1508 τῶν
1535 1482 1687 1517 χερουᾶμ,
1720 1483 1761 1514 εἰς
1789 1482 1824 1518 (Ξ)

207 1525 284 1553 niant
299 1530 401 1561 gentes.
761 1541 765 1544 -

761 1541 765 1544 .
1044 1523 1191 1558 ἐπίγνωσιν
1204 1526 1268 1563 ἔλθῃ
1281 1526 1316 1554 τὰ
1331 1526 1405 1562 ἔθνη.

243 1571 269 1598 5.
288 1571 317 1598 In
332 1571 475 1599 animabus
488 1571 644 1599 sitientibus
655 1579 716 1599 eum
733 1580 849 1608 magnus
861 1578 913 1602 est.
927 1573 992 1603 Sion

1078 1571 1104 1598 5.
1127 1571 1170 1599 'Ev
1179 1573 1238 1604 ταῖς
1248 1573 1346 1608 ψυχαῖς
1357 1575 1414 1605 ταῖς
1424 1572 1553 1608 διψώσαις
1561 1575 1640 1602 αὑτὸν
1651 1575 1736 1610 μέγας
1748 1574 1826 1602 ἐστίν.

206 1617 279 1645 enim
293 1616 486 1652 interpretatur
498 1617 601 1645 sitiens.

1044 1616 1121 1643 Σιὼν
1133 1617 1186 1653 γὰρ
1200 1618 1320 1652 διψῶσα
1334 1618 1524 1654 ἑρμηνεύεται.

242 1662 269 1691 4.
290 1662 463 1690 Gloriﬁcatus
480 1662 507 1690 in
525 1663 660 1698 gentibus.

1079 1661 1107 1689 4.
1121 1662 1319 1698 Δεδοξασμένος
1329 1665 1358 1690 ὲν
1374 1664 1430 1695 τοῖς
1445 1663 1543 1691 ἔθνεσι.

243 1708 268 1735 5.
286 1707 401 1736 Peccata
416 1715 476 1736 sua.

1081 1708 1106 1735 5.
1123 1709 1179 1741 Τὰς
1197 1710 1334 1746 ἁμαρτιας
1346 1710 1445 1737 αὐτῶν.

244 1754 269 1782 6.
285 1753 422 1787 Quoniam
438 1754 607 1788 honorabile,
625 1759 652 1782 et
666 1755 822 1783 immortale
834 1761 886 1784 est.

855 1761 886 1784 ει,
1078 1753 1104 1780 6.
1120 1754 1180 1780 Ὀτι
1196 1754 1304 1790 ἔντιμον
1321 1755 1368 1782 καὶ
1387 1755 1522 1782 ἀθάνατόν
1541 1756 1609 1783 ἐστι.

243 1800 270 1828 7.
287 1800 319 1827 Et
335 1800 420 1836 gloria
432 1800 494 1828 Filii
507 1800 555 1828 Dei
569 1809 664 1828 verum
683 1801 780 1836 diligit.

1081 1799 1106 1826 7.
1123 1800 1178 1826 Καὶ
1190 1801 1206 1835 ἡ
1223 1800 1286 1833 δόξα
1297 1800 1343 1828 τοῦ
1356 1801 1421 1827 Υὶοῦ
1434 1801 1481 1828 τοῦ
1493 1801 1560 1828 Θεοῦ
1571 1801 1600 1827 τὸ
1614 1799 1712 1836 ἀληθὲς
1726 1801 1827 1836 ἀγαπᾷ.

244 1847 271 1874 8.
287 1846 413 1874 Mandata
426 1851 473 1874 tua
492 1851 555 1875 ante
569 1847 792 1875 constitutionem
804 1848 910 1876 mundi.

1080 1845 1107 1871 8.
1122 1845 1177 1877 Τὰς
1195 1846 1303 1878 ἐντολάς
1315 1854 1361 1873 σου
1378 1846 1415 1881 (5)
1429 1847 1483 1882 πρὸ
1497 1846 1650 1882 καταϐολῆς
1663 1846 1778 1882 κόσμου.

245 1893 272 1920 9.
287 1891 397 1928 Legem,
417 1897 444 1920 et
462 1892 608 1928 prophetas
623 1893 650 1920 in
665 1893 766 1928 ponulo
784 1893 942 1923 Iudaeorum
965 1897 994 1920 tn

1080 1892 1106 1920 9.
1122 1892 1174 1918 Τὸν
1181 1893 1262 1925 νόμον
1277 1892 1369 1928 καὶμ)
1378 1894 1520 1929 προφήτας
1533 1894 1561 1920 ὲν
1575 1893 1614 1929 τῷ
1624 1892 1681 1928 λαῷ
1692 1893 1748 1920 τῶν
1770 1894 1830 1920 Ἰον-

210 1939 321 1966 dedisti.
430 1965 434 1967 .

1046 1937 1128 1965 δαίων
1143 1939 1174 1965 σὺ
1191 1939 1305 1971 ἔδωκας.

246 1986 289 2013 10.
305 1985 470 2013 Gloriﬁcate.

1082 1985 1126 2012 10.
1141 1985 1276 2018 Δοξάσατε
1290 1985 1338 2021 (5).

246 2031 291 2065 11,
306 2032 350 2059 12.
367 2030 482 2059 Crucem
496 2030 566 2065 ejus.

1082 2031 1126 2064 11,
1142 2031 1185 2059 12.
1201 2032 1245 2067 Τῷ
1265 2032 1374 2068 σταυρῷ
1390 2032 1482 2060 αὑτοῦ.

246 2078 289 2105 15.
306 2077 411 2105 Fideles
434 2076 518 2104 veluti
539 2075 646 2112 Moyses
673 2076 699 2103 in
726 2075 941 2111 praedicatione,
970 2081 997 2104 et

1083 2076 1125 2103 15.
1141 2077 1172 2103 01.
1190 2077 1281 2104 πιστοὶ
1307 2078 1344 2109 ὡς
1368 2078 1488 2113 Μωῠσῆς
1513 2078 1553 2109 εἰς
1567 2077 1598 2104 τὸ
1614 2078 1755 2114 κήρυγμα,
1786 2077 1831 2104 καὶ

211 2123 301 2151 omnis
312 2122 443 2150 Ecclesia.
455 2122 548 2148 Aaron
558 2121 632 2148 enim
645 2121 840 2156 interpretatur
853 2129 928 2148 mons
942 2121 965 2148 vi

1076 2122 1153 2158 ἱσαὴ
1175 2122 1331 2158 Ἐκκλησία.
1355 2122 1464 2157 Ἀαρὼν
1488 2122 1542 2159 γὰρ
1566 2123 1746 2159 ἑρμηνεύεται
1766 2122 1830 2157 ὄρος

212 2170 286 2202 tum,
301 2168 390 2205 qualis
407 2172 449 2196 est
463 2167 585 2196 Ecclesia
597 2167 730 2195 ﬁdelium.

1013 2159 1032 2186 D
1047 2165 1210 2201 δυνάμεως,
1226 2167 1294 2203 ὅπερ
1305 2168 1378 2195 ἐστὶν
1390 2169 1407 2203 ἡ
1426 2168 1575 2204 Ἐκκλησία
1584 2169 1637 2195 τῶν
1657 2168 1767 2195 πιστῶν.

246 2215 290 2242 11.
306 2214 424 2250 Populus
440 2213 543 2242 habens
560 2221 660 2241 nomen
685 2213 751 2246 Dei,
777 2213 829 2241 hoc
852 2217 894 2240 est
917 2212 996 2240 Chri-

1085 2212 1128 2238 M.
1147 2213 1177 2238 '0
1192 2212 1254 2244 λαδς
1266 2214 1280 2239 ὁ
1293 2213 1362 2248 ἔχων
1372 2213 1402 2240 τὸ
1413 2213 1498 2250 ὕνομα
1509 2213 1548 2249 (6)
1559 2213 1607 2240 τοῦ
1621 2213 1700 2244 Θεοῦ.
1713 2213 1832 2240 τουτέστι

211 2262 325 2289 stianus.
353 2260 422 2288 Nam
453 2259 560 2288 Samuel
586 2260 781 2295 interpretatur
811 2267 907 2286 nomen
938 2258 963 2294 ej

1077 2259 1218 2293 ριστιανὸς.
1240 2259 1383 2294 Σαμουὴλ
1402 2259 1456 2295 γὰρ
1472 2259 1652 2295 ἑρμηνεύεται
1669 2259 1763 2294 ὄνομα
1780 2260 1831 2286 αὺ-

212 2306 292 2332 Deus.

1050 2303 1103 2331 τοῦ
1119 2305 1135 2331 ό
1146 2304 1225 2338 Θεός.

248 2351 292 2380 15.
308 2350 433 2378 Fideles.-

1087 2350 1130 2377 15.
1144 2352 1175 2377 υἱ
1190 2350 1279 2377 πιστοί
1293 2349 1339 2386 (7).

247 2396 291 2424 16.
307 2396 335 2423 In
350 2395 497 2430 apostolis,
512 2402 559 2430 qui
574 2402 606 2422 ex
620 2395 763 2431 propnetis
783 2400 878 2427 erant,
898 2395 997 2430 prmdi-

1085 2395 1128 2423 16.
1151 2395 1195 2422 Ἐν
1207 2397 1262 2427 τοῖς
1274 2395 1432 2428 ἀποστόλοις
1443 2397 1499 2427 τοῖς
1517 2395 1555 2431 (8)
1571 2397 1602 2422 ὲκ
1618 2395 1673 2424 τῶν
1689 2395 1832 2432 προφητῶν

212 2443 283 2471 cavit
293 2442 345 2470 eis.

1050 2443 1182 2479 εκήρυξεν
1194 2444 1294 2474 αὐτοῖς.

249 2485 292 2512 17.
305 2483 437 2517 Quoniam
455 2483 628 2512 crediderunt
641 2483 667 2511 in
681 2483 821 2512 doctrinas
844 2483 904 2519 ejus
915 2504 935 2518 ,l

1087 2489 1130 2517 17.
1148 2489 1209 2516 Ὅτι
1226 2489 1389 2516 ἐπίστευσαν
1403 2488 1444 2524 (9)
1456 2490 1484 2516 ὲν
1500 2489 1558 2520 τοῖς
1573 2488 1732 2524 μαθήμασιν
1743 2485 1831 2515 αὐτοῦ.

684 2600 839 2632 Addenda
855 2604 886 2631 et
900 2599 1088 2640 corrigenda
1104 2608 1143 2630 ex
1157 2599 1228 2630 cod.
1246 2599 1347 2631 Vatic.

220 2740 224 2753 '
247 2705 284 2766 (ἐ.)
293 2703 439 2746 Τουτέστιγ
457 2703 638 2739 ἁπρόσδεκτος
658 2703 721 2739 παρ’
741 2682 877 2738 Ἑϐραίοις
902 2703 931 2729 ὲν
954 2702 993 2738 τῷ
1085 2704 1123 2739 (5)
1140 2703 1276 2749 ροξάσατε
1287 2704 1378 2731 αὐτόν.

220 2749 249 2766 ,ια
269 2749 311 2766 tuo
325 2739 459 2766 Βασιλευε.
477 2743 530 2766 etc.
1084 2739 1121 2766 (6t
1147 2739 1284 2766 Ονόματα.

212 2749 311 2775 ψαλμῳ

325 2739 459 2774 βασιλεύς,
477 2743 530 2767 etc.

529 2760 530 2766 η
1084 2739 1121 2774 (6)
1140 2739 1283 2774 Ὀνόματα.

248 2744 265 2766 ηλ
298 2744 311 2765 ἱ)
325 2744 459 2774 βασιλεὺς,
477 2744 530 2767 etc.
1096 2744 1111 2766 ti
1142 2744 1284 2774 Ὀνόματα.

248 2749 369 2810 (ὕθῈὼ
387 2774 498 2809 γνῶσιν.
1184 2775 1276 2801 πιστοὶ
1292 2775 1426 2810 ὑπῆρχον.

258 2811 284 2845 5)
300 2810 368 2836 Mm).

1088 2809 1126 2845 (β)
1142 2809 1205 2845 Ini;
1217 2809 1300 2837 deest.

299 2814 437 2877 ἲὲξίιούς,
452 2848 504 2872 etc.

1088 2814 1126 2842 (rs)
1143 2814 1205 2840 ϊοῐς
1217 2814 1301 2837 deest.

1085 2843 1122 2880 (9)
1139 2844 1307 2879 Ἐπίστευον,
1326 2848 1390 2877 ete..
1405 2843 1573 2880 παθήμασιν.
