1910 3048
89 155 154 183 1073
540 153 584 181 DE
605 154 743 183 TITULIS
761 154 988 184 PSALMORUM.
1007 171 1041 176 —
1058 155 1155 183 PSAL.
1174 154 1262 182 XCIX.
1634 146 1703 179 1674

121 211 162 238 i8.
181 211 238 237 Καὶ
254 209 288 236 τὰ
306 209 503 246 προστάγματα
515 209 608 243 αὑτοῦ,
624 210 642 237 ἃ
657 211 756 238 ἔδωκεν
770 212 870 243 αὐτοῖς.

977 211 1003 238 8.
1021 210 1053 238 Et
1066 216 1197 246 praecepta
1209 210 1280 249 ejus.
1292 216 1353 244 quae
1366 207 1439 236 dedit
1450 207 1514 236 illis.

119 256 160 283 l9.
174 255 260 291 Κύριε
276 254 290 280 ὁ
304 254 368 286 Θεκ
381 255 470 290 ἡμῶν,
486 255 518 281 σὺ
533 255 667 291 ὲπήκουες
683 256 771 283 αὐτῶν
781 265 787 271 ·

122 301 166 328 20.
186 301 216 327 '0
227 299 304 334 Θεὸς,
317 301 348 326 σὺ
361 300 483 332 εὒϊλατος
496 300 584 334 ὲγίνου
600 301 703 334 αὐτοῖς,

118 347 162 375 2|.
173 346 229 374 Καὶ
240 346 355 373 ἐκδικῶν
364 346 412 373 ἐπὶ
420 347 508 373 πάντα
517 347 551 373 τὰ
561 346 763 383 ἐπιτηδεύματα
773 347 871 374 αὐτῶν.

121 393 167 420 22.
190 392 304 428 ’Υψοῦτε
320 392 421 428 Κύριον
432 392 478 419 τὸν
494 392 559 419 Θεὸν
573 393 670 428 ἡμῶν·

119 439 164 466 23.
182 439 238 465 Καὶ
251 439 427 474 προσκυνεῖτε
444 439 483 471 εἰς
496 438 558 474 ὅρος
571 438 647 472 ἆγιον
657 438 754 466 αὑτοῦ·

122 485 167 512 ‘2l.
182 485 245 511 Ὅτι
258 484 334 519 ἆγιος
351 484 453 520 Κύριος
466 485 480 511 ὁ
493 484 559 516 Θεὸς
577 485 666 521 ἡμῶν.

93 552 211 587 Ψαλμὸς
237 552 278 585 τῷ
296 551 383 579 Δαεὶὸ
398 553 441 584 εις
463 551 691 587 ἐξομολόγησιν.
712 553 800 581 ΨΑΛ,
813 555 872 587 μοι.

124 620 150 647 1.
169 619 332 653 Ἀλαλάξατε
348 619 387 655 τῷ
399 620 469 655 Θεῷ,
482 621 556 648 πᾶσα
569 621 586 656 ἡ
602 621 639 656 γῆ
648 629 655 636 ·

121 666 147 692 2.
164 665 330 692 Δουλεύσατε
344 665 383 701 τῷ
396 666 490 702 Κυρίῳ
506 668 535 693 ὲν
548 666 711 703 εὐφροσύνῃ.

124 711 150 738 ὅ.
167 711 309 738 Εῐσέλθετε
322 711 435 738 ἐνώπιον
451 712 531 739 αὑτοῦ
548 713 577 739 ἐν
591 711 758 747 ἀγαλλιάσει.

122 757 148 783 4.
167 757 266 790 Γνῶτε,
283 758 323 784 δτι
339 757 440 793 Κύριος
455 757 534 789 αὑτός
547 759 620 785 ἐστιν
631 759 645 786 ὀ
657 759 722 792 Θεὸς
741 759 817 796 ἡμῶν
830 768 837 775 ⁸

126 846 152 873 5.
168 846 255 878 Αὐτὸς
268 847 396 882 ἐποίησεν
410 847 494 883 ἡμᾶς,
511 847 559 874 καὶ
572 847 621 883 οὐχ
637 849 716 883 ἡμεῖς
726 857 733 864 υ

958 257 1000 284 l9.
1017 257 1130 284 Domine
1150 256 1220 284 Deus
1234 259 1334 287 noster,
1347 258 1377 282 tu
1388 254 1552 282 exaudiebat:
1569 261 1634 282 eos:

956 302 1001 329 20.
1016 301 1086 330 Deus
1105 307 1131 329 tu
1150 301 1284 338 propitius
1300 300 1375 328 fuisti
1385 300 1440 333 eis,

957 348 1003 376 21.
1018 348 1052 376 Et
1067 349 1203 376 ulciscens
1221 348 1249 375 in
1266 355 1364 375 omnes
1377 346 1583 375 adinventiones
1598 353 1703 375 eorum.

957 394 1003 421 2‘2.
1018 395 1140 422 Exaltate
1156 394 1299 422 Dominum
1311 393 1395 420 Deum
1407 397 1531 420 nostrum
1546 402 1554 419 :

957 439 1003 467 23.
1017 440 1051 467 Et
1067 440 1176 468 adorate
1191 439 1218 466 in
1231 443 1323 466 monte
1336 441 1431 465 sancto
1453 437 1511 472 ejus
1523 446 1531 465 :

959 486 1005 514 24.
1018 485 1152 519 Quoniam
1166 489 1277 513 sanctus
1289 483 1421 512 Dominus
1439 482 1512 511 Deus
1533 485 1636 511 noster.

978 551 1102 579 Psalmus
1118 550 1204 578 Dauid
1220 551 1248 577 in
1260 549 1429 585 confessione.
1441 548 1540 577 PSAL.
1549 547 1652 576 XCIX.

960 619 985 646 l.
1007 618 1125 646 Juhilate
1141 618 1207 650 Deo.
1227 617 1316 646 omnis
1335 621 1407 644 terra
1423 625 1431 644 :

958 664 986 693 2.
1008 664 1113 693 Servite
1132 664 1247 692 Domino
1266 664 1294 691 in
1313 662 1417 690 laetitia.

959 711 985 738 5.
1007 710 1120 738 lntroite
1134 710 1161 738 in
1178 713 1325 744 conspectu
1343 708 1404 743 ejus
1420 708 1449 735 in
1466 707 1656 735 exsultatione.

959 757 986 784 ι.
1008 757 1126 790 Scitote,
1160 757 1290 792 quoniam
1321 755 1453 784 Dominus
1478 755 1538 790 ipse
1564 757 1606 781 est
1640 753 1710 781 Deul'

924 806 1028 830 [105181⁵.

960 848 987 876 5.
1006 847 1066 883 Ipse
1081 847 1146 874 fecit
1163 854 1223 880 nos,
1234 851 1261 875 et
1275 855 1329 874 non
1345 846 1395 882 ipsi
1411 853 1462 874 nos
1476 854 1485 874 :

126 892 152 919 6.
168 893 263 928 Ἡμεῖς
275 892 303 920 δὲ
313 893 377 925 λαὸς
386 893 479 928 αὐτοῦ,
489 894 538 921 καὶ
552 893 676 930 πρόϐατα
689 894 773 930 νομῆς
783 894 875 922 αὑτοῦ.

970 894 988 922 ἰ.
1006 893 1062 921 Nos
1089 897 1178 921 autem
1205 893 1322 928 populus
1346 892 1424 927 ejus,
1453 895 1482 920 et
1510 898 1576 919 oves
1603 896 1711 925 pascua

125 980 151 1005 7.
165 978 304 1006 Εισέλθετε
321 980 420 1013 εἰςτὰς
437 981 525 1013 πύλας
540 980 621 1008 αὐτοῦ
636 982 664 1008 ὲν
677 981 876 1018 ἐξομολογήσειι

128 1025 156 1053 8.
173 1024 219 1057 Εἰς
235 1025 284 1057 τὰς
300 1026 384 1058 αὐλὰς
400 1026 482 1053 αὐτοῦ
499 1027 528 1053 ὲν
544 1026 649 1062 ὕμνοις.

128 1072 154 1097 9.
173 1071 391 1108 Ἔξομολογεϊσθε
406 1072 491 1109 αὐτῷ,
513 1073 613 1100 αῐνείτε
633 1073 664 1100 τὸ
676 1073 761 1110 δνομα
775 1075 857 1102 αὑτοῦ
868 1084 874 1090 ·

132 1118 173 1145 lt).
190 1119 250 1146 Ὀτι
265 1119 382 1155 χρηστὸς
397 1119 508 1156 Κύριος.

130 1164 173 1192 il.
188 1164 236 1198 Εἰς
252 1165 297 1192 τὸν
311 1165 397 1193 αἰῶνα
411 1166 441 1193 τὸ
456 1165 555 1203 [αἰῶνα
570 1166 617 1194 τοῦ
633 1167 730 1199 αἰῶνος
748 1166 789 1203 τὸ]
805 1167 878 1199 ἔλεος

95 1207 174 1236 αὑτοῦ
184 1217 192 1225 ⁸

925 939 995 974 ejus.

962 985 988 1012 7.
1008 984 1120 1012 lntroite
1136 989 1228 1020 portas
1238 984 1298 1020 ejus
1313 984 1340 1012 in
1354 982 1542 1016 confessione.

960 1030 987 1057 8.
1008 1029 1085 1057 Atria
1096 1030 1157 1065 ejus
1171 1030 1199 1057 in
1211 1030 1329 1064 hymnis.

964 1075 991 1102 9.
1009 1074 1181 1104 Conﬁtemini
1196 1075 1245 1107 illi,
1259 1075 1368 1103 laudate
1381 1081 1479 1102 nomen
1496 1073 1575 1108 ejus:

967 1121 1010 1150 l0.
1030 1121 1164 1155 Quoniam
1181 1121 1273 1149 suavis
1291 1127 1333 1149 est
1352 1120 1493 1148 Dominus.

968 1168 1011 1195 ll.
1028 1167 1058 1195 ln
1072 1172 1203 1196 aeternum
1222 1167 1263 1204 [in
1282 1167 1411 1196 saeculum
1433 1164 1538 1202 saeculi]
1557 1162 1712 1193 misericor-

934 1213 978 1240 dia
988 1213 1048 1248 ejus
1061 1221 1068 1239 :

653 1298 844 1328 ATHANASII
862 1299 1152 1330 INTERPRETATIO.

133 1375 174 1403 18.
192 1375 248 1408 Τὰς
269 1377 430 1412 παραδόσεις
445 1376 491 1404 τοῦ
516 1376 665 1413 μυστηρίου
684 1376 732 1404 τοῦ
752 1376 880 1404 θανάτου.

970 1379 1012 1407 l8.
1026 1379 1198 1407 Traditiones
1215 1379 1337 1415 mysterii
1352 1379 1459 1408 mortis.

133 1422 173 1448 19.
189 1421 225 1448 Σὺ
239 1421 278 1457 (1)
293 1422 426 1458 ὲπλήρους
440 1422 474 1449 τὰ
488 1422 627 1458 αἰτήματα
639 1422 741 1450 αὐτῶν.

131 1467 174 1494 20.
192 1466 242 1494 Διὰ
254 1467 301 1494 τοῦ
317 1468 406 1503 τιμίου
424 1477 471 1495 σου
485 1467 610 1504 σώματος
623 1469 670 1495 καὶ
685 1468 809 1504 αἵματος.

131 1514 160 1540 2|
168 1514 232 1540 ,Καὶ
239 1514 364 1550 πολεμῶν
372 1515 418 1541 καὶ
427 1523 492 1542 συντ
498 1515 579 1551 ρίὸων
586 1516 649 1548 τοὺς
658 1515 770 1552 ἐχθροὺς
778 1515 878 1542 αὐτῶν.

131 1559 174 1586 22.
191 1559 325 1593 Δοξάσατε
342 1560 432 1588 αὐτόν,

133 1605 177 1632 23.
196 1606 240 1633 Ἐν
253 1607 286 1642 τῇ
301 1606 357 1633 ἄνω
376 1607 562 1643 Ἰερουσαλήμ.

133 1651 176 1678 24.
191 1652 269 1680 Κατὰ
285 1652 366 1688 φύσιν
381 1653 460 1689 μόνος
474 1654 566 1686 αὐτός.

968 1425 1012 1453 19.
1027 1425 1068 1454 'I‘u
1085 1425 1252 1461 adimplebas
1263 1425 1407 1461 petitiones
1422 1432 1527 1454 eorum.

968 1471 1013 1499 20.
1031 1471 1082 1499 Per
1096 1471 1246 1507 pretiosum
1267 1476 1343 1500 tuum
1366 1479 1475 1507 corpus,
1499 1474 1527 1499 et
1543 1471 1714 1507 sanguinem.

967 1518 1013 1545 21.
1029 1517 1061 1545 Et
1075 1518 1250 1554 impugnans,
1264 1522 1292 1546 et
1307 1523 1452 1547 conterens
1466 1525 1561 1546 eorum
1581 1516 1716 1554 inimicos.

967 1563 1012 1590 22.
1030 1563 1184 1591 Glorilicate
1202 1571 1275 1590 eum.

967 1608 1011 1636 25.
1029 1609 1058 1635 ln
1072 1616 1190 1643 superna
1203 1608 1363 1636 Jerusalem.

968 1653 1013 1682 24.
1030 1653 1188 1682 Secundum
1205 1657 1332 1681 naturam
1347 1653 1422 1681 solus
1437 1653 1504 1688 ipse.

141 1742 170 1768 'H
186 1741 354 1778 προκειμένη
369 1742 507 1779 ἐπιγραφὴ
521 1743 644 1779 περιέχει
656 1743 694 1779 (2)
705 1752 712 1759 ο
727 1743 850 1779 Ψαλμὸς
869 1743 985 1776 πάντας
997 1744 1041 1777 εις
1059 1743 1173 1776 πίστιν,
1189 1743 1239 1770 καὶ
1255 1743 1486 1778 ἐξομολόγησιπι

137 1798 244 1827 Titulus
261 1799 425 1835 praepositus
441 1801 563 1828 continet
577 1809 584 1828 :
598 1800 725 1829 Psalmua
741 1809 830 1830 omnes
851 1801 886 1828 ad
904 1802 994 1837 ﬁdem,
1008 1806 1033 1829 et
1048 1801 1248 1836 confessionem.

137 1877 161 1905 Ι.
176 1877 295 1912 Δεήθητε
309 1876 356 1904 τοῦ
367 1877 434 1904 Θεοῦ
450 1878 518 1914 μετὰ
530 1879 666 1914 δακρύων.

136 1922 162 1949 2.
179 1922 370 1959 Tati-{1115(3)
386 1922 460 1958 αὐτῷ
477 1923 546 1959 μετὰ
558 1923 722 1960 προθυμίας.

133 1968 159 1995 5.
177 1968 342 2003 Ιῐροσὲλθετε
357 1969 395 2004 (4)
411 1968 486 2005 αὐτῷ
503 1969 572 2004 μετὰ
584 1970 682 2005 χαρᾶς.

137 2014 161 2041 4.
175 2013 343 2040 Πιστεύσατε
354 2014 392 2050 (5)
409 2015 446 2050 τῷ
460 2010 651 2052 σταύρωθὼτι,
663 2016 703 2043 ὅτι
717 2016 797 2048 αὐτός
810 2017 884 2043 ἐστιν

105 2062 118 2087 ὁ
134 2061 197 2092 Θεὺς
216 2061 304 2097 ἡμῶν.

135 2106 160 2134 5.
183 2107 268 2138 Αὺτὺς
283 2107 356 2142 ἡμᾶς
370 2107 480 2143 ἐποίησε
498 2107 536 2144 (6)
547 2129 554 2141 ,
576 2109 624 2136 καὶ
646 2109 707 2144 οὐχὶ
721 2109 750 2142 ἐξ
764 2108 842 2145 ἡμῶν
855 2108 886 2134 τὸ

105 2151 182 2185 εἶναι,
195 2153 232 2185 ὥς
246 2161 317 2185 τινες
330 2153 464 2187 λέγουσιν.

138 2199 163 2226 ϐ.
182 2199 277 2235 Ἡμεῖς
290 2198 319 2225 δὲ
328 2199 392 2231 λαὸς
403 2199 496 2234 αὑτοῦ,
506 2199 554 2227 καὶ
567 2199 690 2236 πρόϐατα
706 2199 756 2235 τῆς
771 2199 887 2236 ποίμνης

106 2246 196 2273 αὑτοῦ.

140 2293 164 2320 7.
183 2293 224 2328 Τῇ
242 2292 279 2328 (7)
295 2292 397 2327 διανοίᾳ
413 2291 498 2327 ὑμῶν.

139 2339 165 2367 8.
183 2339 350 2374 Εἱσαγάγετε
370 2339 399 2364 ὲν
421 2339 478 2370 τοῖς
496 2339 621 2374 οὐρανοῖς
635 2337 686 2370 τὰς
706 2337 787 2374 εὐχὰς
800 2337 888 2374 ὑμῶν.

139 2385 165 2412 9.
184 2384 421 2420 Ἐξομολογοῦντες
434 2384 483 2416 τὰς
497 2385 635 2420 ἁμαρτίας
647 2385 735 2421 ὑμῶν,
751 2385 797 2412 καὶ
810 2385 890 2420 εὐχα-

109 2430 259 2465 ριστοῦντες
273 2429 356 2465 αὐτῷ.

142 2476 184 2508 10,
204 2476 246 2503 Η.
261 2476 323 2503 ὀτι
340 2475 440 2510 ἀγαθὸς
461 2476 562 2512 Κύριος
572 2496 579 2509 ,
594 2476 641 2503 καὶ
656 2477 695 2512 (8)
714 2476 891 2510 ἀτελεύτητον

109 2520 136 2547 τὸ
146 2521 230 2556 δνομα
243 2520 335 2548 αὐτοῦ.

972 1880 999 1907 1.
1012 1879 1093 1907 Orate
1104 1879 1189 1907 Deum
1206 1886 1267 1907 cum
1284 1878 1420 1914 lacrymis.

972 1926 999 1953 2.
1020 1925 1150 1960 Sulijicite
1166 1932 1214 1953 vos
1230 1925 1269 1952 illi
1283 1932 1345 1952 cum
1359 1923 1510 1952 alacritate.

971 1972 998 1999 ὅ.
1013 1971 1139 1999 Accedite
1151 1971 1184 1999 ad
1201 1978 1262 1998 eum
1275 1978 1338 1998 cum
1348 1970 1456 2005 gaudio.

971 2012 1122 2046 LCredite
1150 2017 1300 2051 cruciﬁxo,
1330 2017 1402 2053 quod
1430 2017 1488 2052 ipse
1517 2020 1560 2044 est
1588 2013 1720 2044 Dominus

939 2069 1042 2094 noster.

975 2111 1002 2138 5.
1020 2110 1079 2146 Ipse
1092 2118 1142 2139 nos
1159 2110 1233 2145 fecit,
1246 2115 1274 2138 et
1291 2117 1346 2138 non
1365 2117 1398 2138 ex
1413 2108 1490 2137 nobis
1509 2115 1615 2142 sumus,
1628 2112 1658 2136 ut
1668 2107 1720 2134 ali-

939 2158 984 2194 qui
995 2157 1099 2186 dicunt.

975 2205 1002 2233 6.
1017 2204 1071 2233 Nos
1082 2209 1174 2233 autem
1188 2204 1303 2240 populus
1316 2204 1387 2240 ejus,
1402 2208 1428 2232 et
1442 2211 1505 2231 oves
1515 2203 1603 2239 gregis
1615 2203 1686 2239 ejus.

976 2295 1003 2322 7.
1020 2293 1109 2322 Mente
1121 2299 1221 2322 vestra.

977 2340 1006 2368 8.
1026 2340 1194 2368 lntroducite
1206 2340 1234 2367 in
1248 2340 1331 2368 caelos
1346 2346 1440 2375 preces
1452 2342 1569 2367 vestras.

977 2387 1004 2414 9.
1017 2385 1197 2414 Contitentes‘
1218 2391 1328 2421 peccata
1356 2389 1463 2418 vestra,
1491 2389 1518 2412 et
1548 2384 1647 2420 gratias
1672 2384 1724 2419 ipsi

942 2436 1050 2467 agentes
1055 2452 1061 2458 .

978 2477 1024 2509 ιο,
1039 2477 1084 2505 ll.
1099 2477 1232 2511 Quoniam
1243 2477 1332 2506 bonus
1343 2476 1484 2509 Dominus,
1497 2479 1524 2503 et
1533 2479 1661 2504 internum
1674 2481 1724 2501 no-

943 2530 1004 2550 men
1019 2522 1088 2557 ejus.

579 2609 732 2641 Addenda
755 2613 785 2640 et
805 2609 995 2649 corrigenda
1008 2618 1048 2640 ex
1063 2608 1133 2640 cod.
1150 2608 1248 2640 Vatic.

193 2701 304 2739 Ιςιῖριεό
315 2702 380 2739 Θεὸς
395 2703 484 2739 ἡμῶν,
499 2703 542 2734 σύ,
553 2708 605 2730 etc.

144 2736 293 2774 (ΞλἩδιὰ
309 2737 359 2772 τῆς
374 2736 557 2773 κινναϐάρεως
573 2737 704 2774 περιέχει”
721 2738 833 2774 Ψαλμὸς
849 2739 887 2769 εἰς

112 2770 308 2815 δξιῖξλῗλέέησιὛ
318 2770 498 2809 προτρέπεταί
510 2773 564 2809 γὰρ
576 2775 590 2800 ὁ
598 2770 705 2809 ipa-libs
716 2770 829 2806 πάντας,
837 2778 890 2802 ctc.

148 2807 184 2842 t5)
203 2807 382 2842 Ὑποτάγητε.

148 2840 183 2876 (ι)
200 2840 378 2878 Προτέλθατε.

976 2704 1014 2739 (5)
1031 2702 1233 2732 Ἐπιπεύσατε.

978 2740 1017 2773 (ϐ)
1030 2739 1175 2774 Ἕπλασεν,
1187 2739 1337 2774 plasmavit.
1383 2773 1388 2774 γ
1407 2745 1410 2747 ·

982 2770 1020 2808 (7)
1038 2773 1069 2800 Ν.
1086 2774 1112 2800 7.
1128 2774 1167 2808 Τῇ
1178 2770 1267 2806 ,ὀιε.,
1281 2774 1362 2809 εὐχὰς
1378 2772 1464 2809 ὑμῶν.
1485 2770 1518 2799 Ν.
1534 2771 1565 2804 8,
1583 2771 1612 2804 9,
1630 2770 1726 2808 ὁμωρ-

946 2810 1058 2842 γοῦντες
1073 2817 1098 2835 τ.
1112 2809 1138 2835 ἁ.
1157 2809 1194 2839 ὑ.,
1211 2809 1444 2844 εὐχαριστήσατε..
1454 2811 1508 2835 etc.

983 2844 1020 2878 (8)
1035 2843 1088 2870 Και
1105 2851 1159 2872 non
1175 2843 1282 2878 legitur.
