1910 3048
212 124 281 152 1075

632 132 661 160 S.
682 133 865 165 ATHANASII
885 138 959 166 OPP.
981 140 1070 169 PARS
1088 142 1131 171 lll.
1153 159 1186 163 —-
1207 144 1408 174 EXEGETICA.

1756 151 1822 178 ιθτσ

246 199 288 226 12.
306 199 339 227 Et
355 207 441 236 usque
462 201 488 228 in
509 203 708 236 generationem
719 226 727 242 ,
745 212 772 234 et
792 209 990 243 generationem

1079 203 1122 229 12.
1138 203 1192 230 Καὶ
1207 204 1260 237 ἕως
1270 206 1365 239 γενεᾶς
1380 206 1426 232 καὶ
1441 207 1536 240 γενεᾶς
1547 207 1669 244 [γενεῶν]
1682 209 1698 244 ἡ
1713 209 1821 246 ἀλήθεια

211 244 424 284 [generationes]
441 246 540 274 veritas
553 248 621 282 ejus.

396 291 524 319 Psalmus
540 293 634 322 David.
650 295 749 324 PSAL.
766 297 786 325 C

245 337 271 364 l.
290 337 500 366 Misericordiam
514 344 540 366 et
553 339 688 375 judicium
710 344 826 371 cantabo
847 345 912 379 tibi,
939 346 990 374 Do-

208 383 300 410 mine:

242 429 269 456 2.
290 428 407 457 Psallam
432 435 459 457 et
487 430 636 467 intelligam
667 433 695 460 in
721 435 765 462 via
795 435 988 470 immaculata,

207 475 315 509 quando
330 475 422 503 venies
432 477 465 504 ad
482 484 535 504 me.

242 522 268 548 5.
286 521 510 550 Perambulabam
539 523 566 551 in
593 525 748 553 innocentia
773 526 865 554 cordis
884 527 939 554 mei
961 527 988 554 in

207 566 296 593 medio
312 566 411 594 domus
426 575 503 596 mem.

240 611 267 638 ι.
285 611 344 639 Non
372 613 557 647 proponebam
583 617 646 642 ante
663 615 756 643 oculos
774 624 848 644 meos
870 624 927 644 rem
947 617 988 644 iu-

202 657 304 693 justam
319 666 326 684 :

239 703 265 730 5.
283 703 425 731 Facientes
445 705 682 739 praevaricationes
696 707 778 734 odivi.

237 749 265 777 6.
283 749 341 776 Non
357 750 472 777 adhaesit
484 751 551 778 mihi
565 759 613 779 cor
628 759 740 787 pravum
755 762 761 779 :

238 796 265 823 7.
283 795 467 824 Declinantem
491 805 506 824 a
531 805 574 825 me
596 798 744 834 malignum
767 807 821 827 non
838 807 986 835 cognosce-

202 841 275 869 bam.

1040 253 1133 273 αυτου.

1201 294 1323 328 Ψαλμὸς
1339 294 1378 327 τῷ
1392 297 1489 324 Δαϐίδ.
1509 298 1596 324 ΨΑΛ.
1613 300 1652 326 Ρ.

1075 345 1101 372 1.
1118 346 1212 373 Ἔλεον
1229 348 1275 373 καὶ
1293 348 1383 383 κρίσιν
1399 349 1498 384 ᾀσομαί
1513 359 1563 382 σοι,
1580 351 1679 386 Κύριει

1072 435 1099 462 2.
1112 435 1198 462 Ψαλῶ
1219 437 1266 464 καὶ
1286 438 1393 474 συνήσω
1407 439 1435 465 ὲν
1448 438 1500 474 ὀδῷ
1515 439 1638 475 ἀμώμῳ,
1663 441 1728 467 πότε
1747 442 1818 476 ἥξεις

1038 480 1106 516 πρὸς
1120 481 1164 516 μέ.

1070 527 1097 553 5.
1114 528 1316 563 Διεπορευόμην
1333 529 1362 555 ὲν
1384 530 1489 565 ἀκακία
1501 531 1614 565 καρδίας
1634 539 1684 566 μου
1701 533 1730 558 ὲν
1747 531 1816 567 μέσῳ

1037 572 1083 599 τοῦ
1097 573 1169 599 οἴκου
1189 583 1248 608 μου.

1072 617 1099 644 4.
1120 619 1157 644 Οὐ
1180 620 1361 656 προετιθέμην
1384 621 1572 658 [προεθέμην]
1598 623 1650 659 πρὸ
1676 623 1815 658 ὀφθαλμῶν

1039 672 1090 698 μου
1104 665 1220 699 πρᾶγμα
1237 666 1394 701 παράνομον
1403 675 1411 683 ο

1071 709 1097 736 5.
1115 710 1261 742 Ποιοῦντας
1278 712 1445 746 παραϐάσεις
1460 713 1587 748 ἐμίσησα.

1070 755 1096 782 6.
1112 756 1168 782 Οὐκ
1183 756 1312 792 ἐκολλήθη
1331 767 1375 792 μοι
1389 758 1487 794 καρδία
1503 760 1611 796 σκαμεη
1621 768 1632 775 '

1073 801 1100 828 7.
1121 801 1303 834 Ἐκκλίνοντος
1316 803 1363 830 ἀπ’
1380 804 1447 839 ἐμοῦ
1460 805 1506 831 τοῦ
1519 806 1646 841 πονηροῦ,
1665 806 1714 833 οὐκ
1726 807 1814 841 ἐγίνω-

1039 855 1112 874 σκον.

237 887 263 913 8.
282 886 474 915 Detrahentem
493 892 598 915 secreto
613 889 740 923 proximo
760 897 819 923 suo,
836 890 908 918 hunc
922 898 984 925 per-
999 881 1005 909 1

1071 892 1096 919 8.
1115 893 1167 919 Τὸν
1183 893 1384 922 καταλαλοῦντα
1401 895 1488 932 λάθρα
1503 897 1547 924 τὸν
1563 897 1674 933 πλησίον
1684 898 1741 934 [τοῦ
1754 899 1812 934 πλη-

201 934 344 969 sequebar.

235 980 262 1007 9.
279 979 402 1015 Superbo
422 981 513 1014 oculo,
528 985 555 1008 et
578 980 726 1009 insatiabili
744 981 833 1013 corde,
852 989 913 1009 cum
931 981 982 1009 hoc

200 1033 254 1053 non
270 1025 393 1053 edebam.

235 1070 280 1098 10.
295 1070 372 1098 Oculi
388 1071 440 1098 mei
455 1071 488 1098 ad
503 1071 594 1099 ﬁdeles
609 1075 687 1098 terra:
699 1091 706 1103 ,

234 1116 278 1143 11.
298 1115 332 1144 Ut
344 1117 454 1144 sedeant
468 1118 518 1152 ipsi
532 1125 648 1145 mecum.

235 1162 278 1190 19.
292 1163 441 1192 Ambulans
461 1165 488 1191 in
509 1164 551 1191 via
579 1163 751 1191 immaculata
763 1183 770 1196 ,
788 1163 831 1198 hic
847 1163 915 1190 mihi
930 1164 981 1191 mi-

199 1209 342 1238 nistrabat.

1037 938 1106 974 σίου]
1121 939 1213 971 αὑτοῦ,
1227 940 1321 967 τοῦτον
1337 941 1486 973 ἐξεδίωκον.

1071 984 1096 1010 9.
1117 984 1299 1021 Ὑπερηφάνῳ
1323 986 1453 1023 ὀφθαλμῴ
1465 1008 1473 1020 ,
1497 990 1543 1015 καὶ
1560 989 1688 1025 ἀπλήστῳ
1705 990 1814 1027 καρδίᾳ,

1033 1028 1119 1063 τούτῳ
1133 1029 1163 1055 οὐ
1178 1030 1328 1064 συνήσθιον.

1067 1074 1110 1101 10.
1129 1075 1160 1100 Οἱ
1177 1075 1310 1111 ὀφθαλμοί
1324 1085 1374 1111 μου
1392 1078 1438 1103 ἐπι.
1450 1087 1512 1109 τους
1526 1087 1637 1112 πιστους
1653 1089 1701 1116 της
1719 1089 1778 1116 γης,

1068 1119 1112 1145 11.
1131 1119 1184 1145 Τοῦ
1200 1121 1386 1157 συγκαθῆσῦαι
1399 1122 1495 1156 αὐτοὺς
1509 1125 1567 1159 μετ’
1582 1125 1658 1161 ἐμοῦ.

1068 1163 1110 1189 12.
1129 1164 1314 1200 Πορευόμενος
1341 1168 1370 1194 ὲν
1388 1168 1439 1203 ὁδῷ
1456 1169 1578 1205 ἀμώμῳ,
1597 1169 1672 1204 οὗτός
1687 1182 1731 1208 μοι
1749 1172 1811 1200 ἑλει-

1031 1208 1076 1235 τοὺ
1081 1218 1150 1244 ργει.

759 1287 948 1316 ATHANASII
968 1288 1260 1318 INTERPRETATIO.

232 1367 277 1395 12.
294 1367 328 1395 Et
340 1367 407 1396 ﬁdes
420 1368 485 1404 eius
493 1368 667 1404 sempiterna.

1071 1369 1112 1396 12.
1127 1370 1181 1396 Καὶ
1197 1370 1213 1405 ὴ
1232 1369 1320 1403 πίστις
1335 1371 1417 1398 αὑτοῦ
1431 1371 1615 1407 ἀτελεύτητος.

237 1425 271 1451 Ἦ
286 1424 454 1460 προκειμένη
469 1425 608 1461 ἐπιγραφὴ
625 1424 748 1460 περιέχει
763 1424 800 1460 (1)
812 1433 819 1440 ³
838 1424 960 1458 Ψαλμύς
975 1424 1015 1457 τῷ
1032 1425 1137 1458 Δαϐὶδ,
1160 1426 1282 1453 τουτέστι
1311 1426 1351 1459 τῷ
1371 1428 1582 1461 εὐαρεστοῦντι
1599 1428 1634 1454 ἐν
1649 1428 1723 1456 πᾶσι
1743 1428 1808 1464 Θεῷ,

204 1470 399 1506 Ἐρμηνεύεται
411 1471 466 1506 γὰρ
475 1470 513 1506 τῷ
525 1471 562 1506 (ἓ)
574 1470 620 1497 τοῦ
635 1470 723 1498 Δαϐὶδ
735 1469 819 1505 δνομα
830 1469 937 1496 τοῦτον
950 1471 1078 1504 ἐποίησα
1091 1470 1267 1508 [minuam],
1281 1471 1381 1499 ὡσανεὶ
1394 1473 1447 1500 τῶν
1456 1474 1484 1498 ὲν
1499 1474 1566 1500 πᾶσι
1578 1473 1637 1509 Θεῷ
1649 1474 1807 1510 εὐαρεστῶν,

231 1516 339 1545 Titulus
350 1517 511 1552 praepositus
524 1518 646 1545 continet
662 1527 669 1544 :
689 1516 814 1543 Psalmus
828 1516 930 1550 David,
950 1517 1003 1544 hoc
1018 1521 1058 1545 est
1073 1519 1114 1551 ei,
1133 1519 1178 1553 qui
1196 1519 1223 1545 in
1242 1520 1362 1546 omnibus
1378 1520 1520 1554 cumplacet
1539 1520 1602 1547 Deo.
1621 1520 1810 1556 Interpretatur

196 1564 270 1592 enim
289 1563 375 1590 David
388 1570 486 1590 nomen
497 1563 565 1590 hunc
578 1563 628 1598 feci
641 1561 756 1598 [dilexi],
773 1570 869 1597 nempe
886 1570 960 1595 eum,
973 1564 1030 1598 qui!
1045 1564 1071 1591 in
1089 1564 1217 1591 omnibus
1233 1564 1288 1592 Deo
1301 1565 1460 1600 complacet.

231 1608 260 1636 1,
275 1607 484 1636 Beneﬁcentiam
502 1613 594 1640 tuam,
616 1613 644 1635 ct
665 1607 745 1635 [idem
766 1612 839 1635 tuam
864 1608 978 1636 medita-
991 1614 1005 1643 ί

1065 1609 1090 1635 1.
1106 1609 1161 1645 Τὴν
1175 1609 1297 1637 εὐποιίαν
1310 1619 1356 1637 σου
1371 1612 1416 1638 καὶ
1428 1611 1477 1646 τὴν
1494 1611 1583 1638 πίστιν
1596 1620 1643 1638 σου
1661 1613 1808 1648 μελετήσω,

198 1655 259 1687 bor,
277 1654 400 1682 Domiue.

232 1701 258 1728 ‘2.
277 1701 444 1737 intelligam,
464 1709 525 1736 qua:
539 1701 652 1736 psallam
672 1700 700 1727 in
717 1700 799 1728 cordo
819 1707 898 1735 puro,
915 1707 978 1728 cum

197 1747 359 1774 inhabitabit
373 1748 399 1774 iu
416 1755 459 1775 me
472 1748 558 1782 gratia
569 1752 626 1780 tua,
645 1746 769 1774 Domine.

231 1792 258 1820 ⁸.
276 1792 472 1820 Permanebam
500 1793 527 1819 in
543 1792 725 1820 exsultatione
754 1791 845 1819 cordis
871 1791 925 1819 mei
951 1791 979 1818 in

195 1839 285 1866 medio
307 1839 490 1866 membrorum
510 1846 644 1866 meorum.

231 1885 258 1912 4.
276 1884 335 1912 Non
350 1885 441 1920 recepi
456 1885 484 1912 in
498 1889 588 1913 mente
601 1885 692 1912 cordis
706 1884 759 1911 mei
778 1891 836 1911 rem
854 1891 976 1919 pravam.

229 1974 256 2001 5.
274 1973 459 2009 Cogitationes
482 1973 641 2000 diabolicas.

230 2016 257 2042 ὕ.
277 2014 406 2042 Doctrina
418 2015 529 2042 diaboli.

231 2062 260 2088 7.
276 2061 433 2088 Absistente
445 2067 542 2096 parum
559 2068 574 2088 ιι
594 2067 637 2088 me
651 2059 782 2095 maligno,
795 2067 850 2087 non
867 2063 980 2087 cuncta-

195 2109 257 2140 bar,
268 2108 316 2135 sed
330 2107 518 2142 inspiciebam.

231 2155 256 2181 8.
272 2152 472 2188 Cogitationem
498 2156 685 2188 suggerentem
705 2151 771 2179 mihi
794 2151 895 2186 aliquid
915 2159 979 2186 pra-

194 2206 259 2225 vum
283 2203 380 2226 contra
399 2199 518 2233 aliquem
541 2198 682 2226 hominem
698 2198 840 2233 ejiciebam
863 2206 878 2225 e
896 2198 978 2225 corde

194 2251 266 2271 meo.

1032 1655 1128 1690 Κύριε.

1065 1698 1092 1725 2.
1118 1699 1251 1735 Ἐννοήσω
1276 1700 1313 1735 (5)
1334 1700 1405 1735 ἆπερ
1428 1701 1504 1736 ψαλῶ
1527 1703 1556 1728 ἐν
1578 1702 1676 1738 καρδίᾳ
1697 1703 1812 1738 καθαρᾷ,

1030 1745 1093 1772 ὅταν
1108 1746 1290 1782 ἐπισκηνώσει
1306 1748 1323 1782 ἡ
1339 1748 1417 1783 χάρις
1431 1756 1488 1780 σου,
1503 1748 1599 1784 Κύριε.

1063 1792 1089 1818 5.
1104 1792 1244 1818 Διετέλουν
1271 1793 1299 1818 ὲν
1325 1793 1485 1827 ἀγαλλιάσει
1506 1795 1555 1829 τῆς
1576 1795 1690 1829 καρδίας
1712 1804 1763 1831 μευ
1786 1798 1812 1822 ὲν

1031 1838 1105 1873 μέσῳ
1121 1838 1174 1864 τῶν
1191 1838 1279 1873 μελῶν
1298 1847 1359 1874 μου.

1065 1883 1091 1910 4.
1109 1884 1165 1910 Οὐκ
1182 1884 1312 1920 ἐδεχόμην
1333 1886 1362 1912 ἐν
1381 1887 1413 1921 τῇ
1435 1885 1538 1921 διανοίᾳ
1561 1885 1610 1921 τῆς
1630 1886 1744 1922 καρδίας
1763 1895 1813 1922 μου

1029 1930 1145 1964 πρᾶγμα
1159 1929 1196 1965 (4)
1214 1931 1338 1966 πονηρόν.

1064 1976 1090 2003 5.
1113 1975 1290 2012 Ἐνθυμήσεις
1307 1977 1476 2013 δαιμονικάς.

1063 2021 1090 2048 6.
1105 2021 1269 2048 Διδασκαλίαι
1284 2023 1330 2049 τοῦ
1346 2023 1478 2050 διαϐόλου.

1063 2065 1090 2092 7.
1111 2066 1307 2102 Ἀφισταμένου
1334 2069 1429 2104 μικρὸν
1453 2070 1500 2096 ἀπ’
1517 2070 1584 2106 ἐμοῦ
1605 2070 1652 2097 τοῦ
1677 2071 1810 2106 πονηροῦ,

1028 2111 1077 2137 οὒκ
1090 2112 1206 2147 ἤμελλον
1220 2113 1268 2147 (5),
1285 2113 1343 2140 ἀλλ’
1359 2115 1482 2150 ὲνηφόρῳ
1500 2115 1681 2153 [ἑναφώρων].

1063 2156 1089 2185 8.
1111 2158 1162 2184 Τὸν
1178 2158 1307 2194 λογισμὸν
1321 2160 1366 2186 τὸν
1382 2160 1569 2188 ὑποϐάλλοντά
1585 2163 1630 2197 μοί
1650 2171 1676 2189 τι
1698 2163 1809 2198 πονηρὸν

1029 2203 1101 2230 κατά
1117 2212 1188 2236 τινος
1198 2204 1252 2231 τῶν
1269 2205 1418 2242 ἀνθρώπων
1432 2206 1557 2239 ἐξὲὒαλον
1573 2209 1611 2234 ’ὲκ
1632 2209 1681 2244 τῆς
1703 2209 1809 2244 καρδίας

1030 2258 1079 2284 μου
1084 2271 1090 2277 .

228 2288 255 2316 9.
278 2288 383 2317 Sensus
408 2290 563 2325 superbiae,
589 2294 616 2317 et
641 2290 761 2317 avaritiae
786 2298 841 2317 non
868 2289 923 2317 alui
948 2290 974 2317 in
990 2293 1005 2320 I

1066 2294 1093 2321 9.
1113 2294 1291 2331 Ἐνθυμήσεις
1309 2296 1348 2332 (6)
1367 2297 1554 2332 ὑπερηφανίας
1570 2299 1616 2325 καὶ
1636 2299 1807 2335 φιλαργυρία,

193 2335 277 2363 corde
293 2342 364 2362 meo.

229 2379 272 2412 10.
287 2380 330 2408 11.
344 2379 419 2408 Mens
443 2388 504 2408 mea
525 2381 552 2408 in
576 2381 720 2416 praeceptis
741 2381 806 2413 tuis,
824 2384 855 2407 ut
870 2388 977 2415 perma-

192 2430 277 2455 neant
293 2426 352 2460 ipsa
369 2426 398 2453 in
412 2426 494 2454 corde
510 2434 579 2454 meo.

228 2472 272 2500 12.
293 2472 412 2508 Spiritus
429 2476 540 2500 sanctus
559 2477 623 2500 tuus
645 2472 690 2499 hic
717 2472 782 2499 mihi
807 2472 978 2500 ministrabat

192 2520 307 2554 gratiam
325 2524 410 2546 tuam.

1029 2340 1079 2366 οὐκ
1091 2339 1205 2375 ἔτρεψον
1218 2342 1246 2367 ἐν
1257 2343 1289 2377 τῇ
1306 2342 1403 2378 καρδίᾳ
1421 2352 1481 2378 μου.

1067 2385 1112 2418 1οι
1130 2387 1173 2414 11.
1200 2387 1232 2413 Ἦ
1249 2388 1352 2414 διάνοιά
1368 2397 1418 2423 μου
1436 2390 1464 2415 ὲν
1485 2391 1541 2422 τοῖς
1558 2391 1747 2426 προστάγμασί
1767 2391 1807 2417 σού

1030 2432 1088 2456 ἐστι
1100 2431 1147 2458 τοῦ
1162 2432 1298 2467 διαμένειν
1310 2434 1379 2460 αὐτὰ
1392 2435 1420 2460 ἐν
1435 2436 1466 2470 τῇ
1481 2436 1578 2471 καρδίᾳ
1595 2445 1656 2471 μου.

1069 2477 1112 2503 12.
1135 2478 1171 2504 Τὸ
1189 2479 1302 2514 Πνεῦμά
1318 2488 1364 2506 σου
1385 2480 1415 2506 τὸ
1428 2481 1503 2514 ἅγιον
1521 2481 1596 2508 τοῦτό
1621 2482 1659 2517 (7)
1681 2491 1726 2518 μοι
1747 2482 1798 2508 ἐλει

1028 2522 1138 2558 τούργει
1152 2523 1201 2560 τὴν
1212 2525 1290 2561 χάριν
1302 2534 1358 2552 σου.

670 2606 823 2637 Addenda
842 2612 879 2637 et-
890 2597 1079 2648 corrigenda
1094 2619 1133 2641 ex
1149 2613 1218 2643 cod.
1235 2614 1337 2645 Vatic.

225 2680 263 2716 (l)
281 2681 313 2707 Ἡ
327 2680 371 2707 διὰ
384 2682 433 2716 τῆς
449 2680 635 2716 κινναϐάρεως
647 2679 779 2716 περιέχειν.

227 2714 264 2750 (2)
287 2716 324 2742 Τὸ
336 2716 382 2751 τοῦ
399 2714 480 2742 Δαδὶδ
499 2714 600 2751 ὄνομα,
614 2715 707 2741 τοῦτον
724 2714 854 2750 ὲπόθησα,
878 2716 978 2742 ὡσανεὶ

190 2751 236 2777 τὸν
250 2752 273 2776 ὲ.
291 2759 320 2776 π.
335 2750 583 2786 θμεύαρεστοῦντα.

225 2786 262 2819 (5)
271 2785 378 2823 Ψαλῶ,
396 2784 443 2813 καὶ
465 2789 569 2823 συνήσω
581 2786 658 2822 ¹ειπερ
675 2784 768 2820 ψάλλω
783 2785 821 2818 ὲν,
836 2791 900 2819 elc.,
916 2788 977 2815 ἑπι-

192 2819 335 2854 ακηνώσει,
354 2825 406 2849 etc.

1075 2683 1103 2719 4)
1119 2685 1214 2719 Λόγον.

1079 2719 1105 2756 ,5)
1123 2720 1267 2756 γᾞμέλουν,
1283 2721 1340 2748 ἀλλ’
1356 2721 1454 2756 ἕνιφον.

1064 2754 1102 2792 (ρ)
1122 2755 1295 2792 Ἐννθιᾶμησιν,
1308 2761 1371 2790 etc.,
1386 2754 1506 2792 ἔίιρεφον,
1521 2761 1575 2785 etc.

1065 2789 1104 2824 (7)
1121 2791 1190 2816 Αὺτὸ
1203 2789 1260 2826 μοι.
