1881 3053
201 140 268 169 1070

235 198 261 225 8.
275 198 423 225 Percussus
436 205 496 225 sum
515 201 544 225 ut
560 197 663 232 fenum,

233 243 261 271 9.
275 242 308 269 Et
320 243 392 270 aruit
409 251 456 270 cor
470 251 559 271 meum
579 254 586 271 :

234 289 278 316 10.
294 288 362 323 Quia
378 290 479 317 oblitus
490 298 548 318 sum
565 291 709 318 comedere
720 299 819 326 panem
836 301 932 320 meum.

235 336 278 362 il.
294 335 318 362 A
333 343 399 363 voce
412 337 528 371 gemitus
548 338 600 364 mei
619 337 735 365 adhaesit
749 346 780 366 os
800 347 890 366 meum
909 341 983 367 carni

200 389 276 409 II'CZB.

237 427 278 455 t'Z.
293 427 397 455 Similis
415 426 504 455 factus
521 436 581 456 sum
600 428 723 462 pelicano
734 429 908 458 solitudinis:

237 473 277 500 l5.
293 472 392 500 Factus
408 481 468 500 sum
482 474 716 509 sicutnycticorax
735 475 762 502 in
782 476 929 504 domicilio.
948 482 950 485 '

236 518 276 545 t-i.
297 518 420 554 Vigilavi,
432 523 459 546 et
472 518 560 547 factus
571 527 632 546 sum
646 521 717 548 sicut
732 528 827 555 passer
845 522 985 550 solitarius

202 565 228 591 in
244 569 324 592 tecto.

238 611 279 639 l5.
292 611 359 638 Tota
377 611 420 639 die
432 611 633 646 exprobrabant
650 612 716 639 milii
733 612 837 641 inimici
852 614 903 641 mei
919 624 926 641 :

237 657 279 685 16.
299 656 332 685 Ει
354 657 400 692 qui
428 657 576 685 laudabant
605 665 648 686 me
671 658 814 686 adversum
840 668 883 687 me
911 660 988 694 jura-

201 704 277 731 bant.

202 793 264 820 bam
282 802 288 820 :

238 839 281 866 l8.
297 837 330 865 Et
343 842 436 873 potum
452 845 543 864 meum
558 845 621 865 cum
637 837 700 865 ﬂetu
716 837 874 865 miscebam.

237 884 281 911 19.
299 883 321 910 Δ
334 882 404 910 facie
418 883 465 910 ira!
476 887 538 915 tuac,
555 886 582 909 et
595 882 788 918 indignationis
804 887 857 910 tuae
873 891 880 897 θ

236 929 282 956 20.
298 929 366 962 Quia
383 929 492 957 elevans
506 928 615 956 allisisti
630 935 683 955 me.
847 954 850 956 ν

238 976 283 1003 21.
296 975 358 1003 Dies
373 974 425 1002 mei
440 974 511 1002 sicut
524 974 619 1001 umbra
633 974 836 1002 declinaverunt
853 982 860 1000 :

237 1023 283 1051 22.
301 1022 334 1051 Et
348 1030 399 1057 ego
413 1022 485 1050 sicut
496 1021 588 1048 l‘enum
605 1022 676 1048 arui.

237 1071 283 1098 25.
300 1069 341 1097 Tu
358 1074 460 1104 autem,
474 1067 601 1102 Domine,
616 1068 643 1096 in
656 1071 789 1096 aeternum
810 1072 952 1102 permanes
966 1071 974 1090 :

619 142 646 170 S.
668 143 851 172 ATilANASlI
871 145 947 174 OPP.
965 146 1055 175 PARS
1073 147 1117 175 Ill.
1135 163 1168 168 —
1191 147 1397 175 EXEGETICA.

238 748 279 775 t7.
301 747 371 781 Quia
403 747 522 775 cinerem
548 751 677 782 tanquam
707 755 805 784 panem
836 749 986 778 manduca-

1763 151 1832 178 1(30

999 209 1024 236 Α
1072 204 1098 231 8.
1117 204 1254 241 Ἐπλήγην
1270 205 1335 231 ὡσεὶ
1353 206 1457 240 κάρτος,

1069 250 1095 276 9.
1109 249 1163 276 Καὶ
1176 249 1312 285 ἐξηράνθη
1330 250 1346 285 ἡ
1364 249 1463 285 καρδία
1476 257 1537 285 (mw

1070 295 1113 322 10.
1131 296 1193 322 Ὀτι
1209 295 1380 331 ἐπελαθόμην
1394 295 1441 322 τοῦ
1456 297 1551 330 φαγεῖν
1567 296 1612 322 τὸν
1626 296 1715 330 ἄρτον
1733 306 1797 331 μου.

1071 341 1113 368 Η.
1127 341 1195 368 Ἀπὸ
1213 341 1306 377 φωνῆς
1329 341 1374 368 τοῦ
1400 342 1550 377 στεναγμοῦ
1576 351 1626 377 μου
1644 342 1785 378 ἐκολλήθη
1804 342 1833 368 τὸ

1034 385 1130 413 ὀστοῦν
1149 395 1200 421 μου
1216 388 1248 422 τῇ
1266 387 1347 422 σαρκί
1361 395 1422 422 μου.

1071 434 1114 460 12.
1131 433 1280 469 Ὠμοιὼθην
1296 433 1423 460 πελεκᾶνι
1436 434 1561 470 ἐρημιχῷ
1570 443 1578 449 ·

1071 479 1115 506 15.
1129 478 1277 515 Ἐγενήοην
1293 479 1359 506 ὡσεὶ
1372 480 1533 515 νυκτικόραξ
1547 481 1576 506 ἐν
1590 481 1739 515 οἰκοπέδῳ.

1071 526 1115 552 Η.
1131 525 1318 561 Ἠγρύπνησα,
1340 526 1388 552 καὶ
1411 527 1544 562 ἐγενόμην
1566 527 1604 558 ὡς
1624 527 1770 563 στρουθίον
1785 536 1830 561 μοι

1036 571 1115 603 νάζον
1133 572 1179 598 ἐπὶ
1191 571 1315 607 δώματος
1328 571 1481 607 [ἐγενήθην,
1494 576 1558 604 etc.,
1571 571 1701 608 δώματι].

1072 618 1116 645 15.
1132 618 1215 654 Ὅλην
1229 618 1279 653 τὴν
1292 618 1399 654 ἡμέραν
1414 618 1550 650 ὠνείδιζόν
1565 627 1598 654 με
1612 619 1636 644 οἱ
1652 618 1749 654 ἐχθροί
1764 627 1829 654 μου·

1074 664 1115 691 16.
1134 663 1190 690 Καὶ
1205 665 1230 689 οἱ
1243 663 1416 695 ἐπαινοῦντές
1430 672 1463 699 με
1478 664 1537 690 κατ’
1554 664 1620 699 ἐμοῦ
1636 663 1762 699 ὤμνυον.

1074 752 1117 779 Π.
1134 752 1194 778 Ὅτι
1211 751 1306 778 σποδὸν
1319 751 1385 778 ὡσεὶ
1400 752 1481 787 ἄρτον
1493 751 1607 786 ἔφαγον·

1075 832 1118 859 18.
1135 831 1190 858 Καὶ
1203 831 1233 857 τὸ
1248 831 1324 866 πόμα
1339 840 1389 866 μου
1403 831 1472 866 μετὰ
1487 830 1624 866 κλαυθμοῦ
1641 831 1771 867 ἐκίρνων.

1076 877 1190 904 19.“Δπδ
1200 878 1345 912 προσώπου
1355 877 1402 911 τῆς
1411 877 1494 912 ὀργῆς
1503 884 1560 907 σου,
1567 875 1666 902 καὶτοῦ
1673 875 1766 911 Θυμοῦ
1774 883 1830 901 σου·

1074 923 1118 950 20.
1133 923 1194 949 ’Ὁτι
1206 923 1312 958 ἐπάρας
1326 921 1497 958 κατέρραξὰς
1512 931 1555 958 με.

1074 969 1120 996 21.
1134 970 1166 995 Δί
1181 969 1282 1005 ἡμέραι
1299 977 1349 1003 μου
1364 969 1429 994 ὡσεὶ
1443 968 1507 994 σκιὰ
1523 968 1667 1003 ὲάιλιθησαν
1677 976 1685 983 ·

1074 1015 1119 1041 22.
1137 1014 1221 1049 Κάγὼ
1235 1014 1300 1040 ὡσεὶ
1316 1014 1411 1049 χόρτος
1428 1014 1588 1049 ἐξηράνθην.

1074 1061 1121 1088 25.
1139 1060 1174 1087 Σὺ
1190 1060 1228 1092 δὲ,
1241 1060 1339 1096 Κύριε,
1354 1060 1395 1092 εἰς
1407 1059 1456 1087 τὸν
1471 1059 1676 1096 αἰῶναμέρνεις·

764 1163 950 1192 ATHANASII
975 1160 1266 1190 INTERPRETATIO:

238 1250 264 1276 8.
283 1247 393 1276 Concidi
409 1247 567 1274 vulneratus
584 1253 599 1273 a
613 1249 734 1281 peccato.

238 1295 265 1323 9.
280 1294 349 1328 Quia
361 1293 447 1329 gratia
461 1292 578 1328 Spiritus
592 1291 632 1319 tui
650 1299 703 1319 non
718 1294 778 1318 erat
793 1289 821 1316 in
837 1297 890 1316 me.

241 1384 284 1411 to.
301 1383 435 1416 Quoniam
447 1382 551 1417 neglexi
563 1380 688 1408 meditari
704 1380 732 1407 in
749 1380 808 1415 lege
821 1383 877 1405 tua.

242 1427 286 1455 Η.
301 1426 343 1454 0b
358 1427 489 1462 gemitum
511 1430 690 1460 consumptus
705 1432 777 1458 sum,
793 1428 820 1452 et
833 1430 897 1451 Ossa
915 1421 991 1458 peni-

206 1479 250 1501 tus
266 1473 352 1501 evasi.

241 1518 286 1547 12.
302 1518 388 1546 Sicuti
403 1518 542 1552 pelicanus
569 1516 596 1544 in
621 1516 682 1543 loco
705 1515 782 1543 arido
805 1513 991 1550 deprehensus

205 1564 318 1591 omnino
339 1563 521 1596 consumitur,
532 1562 571 1590 ita
587 1566 613 1589 et
630 1568 680 1597 ego
697 1564 876 1595 consumptus
891 1565 950 1586 sum
962 1557 989 1584 in

206 1614 327 1646 peccato,
345 1617 407 1638 cum
422 1609 510 1645 gratia
521 1613 567 1636 tua
581 1608 648 1636 mihi
659 1607 777 1635 deesset.

241 1658 285 1684 t5.
299 1655 461 1693 Nycticorax
477 1656 504 1682 in
518 1654 636 1682 tenebris
652 1654 735 1690 degit.
751 1657 778 1680 et
795 1652 823 1680 in
836 1655 915 1679 nocte
935 1650 992 1678 cla-

205 1707 283 1729 mat:
300 1702 336 1729 ita
355 1701 448 1737 igitur,
463 1701 560 1736 inquit,
574 1704 601 1728 et
617 1707 669 1735 ego
691 1706 805 1726 manens
821 1697 848 1724 in
872 1696 991 1724 tenebris

206 1748 319 1783 peccati,
332 1748 442 1783 plorans
455 1747 556 1774 clamo.

243 1794 286 1821 14.
304 1793 404 1821 Multos
424 1793 598 1821 insidiatores
620 1791 700 1819 habet
721 1798 816 1826 passer
839 1788 991 1820 solitarius,

207 1845 334 1873 anguem,
350 1842 378 1865 et
390 1837 572 1865 abominanda
593 1836 742 1872 reptilium,
753 1840 788 1862 et‘
799 1834 884 1862 multa
896 1833 991 1861 volati-

206 1883 274 1910 lium
290 1892 300 1917 ;
313 1884 341 1910 in
359 1884 414 1911 ictu
433 1884 516 1918 igitur
530 1882 602 1911 oculi
617 1889 745 1910 somnum
763 1881 821 1916 ipse
834 1880 916 1915 capit,
928 1879 992 1915 quia

207 1930 401 1964 circumspicit,
433 1937 467 1957 ne
502 1929 647 1957 insidiator
676 1927 775 1963 aliquis
803 1927 829 1954 ei
864 1933 992 1961 superve-

207 1976 283 2003 niat:
303 1975 341 2003 ita
364 1975 457 2011 igitur,
477 1975 575 2010 inquit,
596 1979 622 2002 et
644 1981 694 2009 ego
708 1981 783 2001 eram
800 1972 944 2004 sollicitus,
959 1978 993 1998 ne

207 2021 298 2056 aliqua
313 2020 530 2048 adversariarum
545 2022 710 2047 ootestatum
727 2017 756 2044 in
769 2025 812 2044 me
824 2017 950 2044 irrueret.

242 2111 287 2139 15.
302 2111 472 2140 lncessanter
486 2113 624 2140 daemones
636 2115 732 2140 contra
745 2118 788 2138 me
796 2110 991 2146 gloriabantur.

243 2158 287 2185 16.
306 2157 339 2186 Et
360 2159 407 2194 qui
429 2159 506 2194 prius
527 2158 681 2194 gaudebant
703 2166 764 2185 mea
787 2157 991 2193 prodigalitate,

1077 1241 1103 1268 8.
1120 1241 1260 1268 Συνέπεσα
1273 1240 1387 1275 πληγεὶς
1399 1241 1450 1267 ὑπὸ
1462 1240 1512 1276 τῆς
1525 1239 1671 1275 ἁμαρτιας.

1076 1288 1102 1315 9.
1114 1287 1181 1313 Ἀπὸ
1192 1287 1238 1314 τοῦ
1249 1287 1328 1323 χάριν
1340 1286 1378 1322 (1)
1390 1286 1436 1313 τοῦ
1445 1285 1602 1322 Ππύματὸς
1613 1295 1658 1312 σου
1671 1285 1710 1322 μὴ
1721 1284 1789 1313 εἶναι
1800 1285 1826 1311 ἐν

1041 1333 1111 1369 ἐμοι.

1078 1381 1121 1408 10.
1138 1381 1199 1407 Ὀτι
1212 1381 1336 1416 ἠμέλησα
1353 1380 1391 1415 (‘2)
1410 1380 1524 1415 μελετᾷν
1540 1380 1569 1406 ἐν
1581 1379 1620 1415 τῷ
1636 1380 1713 1415 νόμῳ
1725 1388 1783 1407 σου.

1077 1427 1120 1453 Η.
1142 1427 1208 1452 Ἀπὸ
1232 1425 1280 1452 τοῦ
1303 1424 1441 1457 στενάζειν
1465 1433 1497 1460 με
1519 1424 1666 1460 ἐξετάκην,
1695 1427 1742 1452 καὶ
1762 1425 1824 1454 ὅλως

1042 1472 1134 1499 ὀστέον
1146 1472 1254 1506 γέγονα.

1079 1518 1122 1545 12.
1140 1518 1244 1553 Ὥσπερ
1254 1518 1268 1544 ὁ
1277 1516 1394 1544 πελεκὰν
1407 1516 1444 1552 (5)
1459 1517 1487 1542 ἐν
1501 1515 1608 1551 ἀνύδρῳ
1617 1515 1692 1550 τόπῳ
1707 1514 1823 1550 εὑρεθεὶς

1042 1564 1109 1596 ὅλως
1123 1564 1305 1598 κατατήκεται
1315 1583 1322 1594 ,
1338 1561 1424 1594 οὕτως
1442 1561 1519 1596 κάγὼ
1537 1561 1732 1597 χατανηλώθην
1750 1563 1778 1588 ἐν
1793 1561 1823 1595 τῇ

1042 1608 1175 1644 ἁμαρτίᾳ,
1189 1608 1239 1643 τῆς
1253 1607 1362 1643 χάριτός
1374 1615 1420 1633 σου
1438 1606 1474 1642 μὴ
1491 1605 1574 1641 οὔσης
1588 1607 1617 1633 ἐν
1630 1607 1692 1641 ἐμοξ

1077 1655 1122 1682 15.
1144 1655 1174 1681 '0
1187 1653 1349 1689 νυκτικόραξ
1363 1653 1392 1679 ὲν
1416 1653 1505 1679 σκότει
1528 1652 1625 1685 διάγει,
1643 1651 1692 1678 καὶ
1706 1652 1735 1678 ἐν
1751 1649 1822 1676 νυκτὶ

1043 1701 1108 1737 βοᾷ·
1130 1699 1217 1732 οὕτως
1232 1698 1290 1733 οὖν,
1305 1699 1394 1734 λέγει,
1412 1698 1504 1733 κάγὼ,
1520 1699 1549 1725 ἐν
1567 1698 1658 1725 σκότει
1674 1698 1725 1733 τῆς
1740 1699 1825 1733 ἁμαρ·

1041 1747 1102 1778 τίας
1113 1745 1161 1779 ὢν,
1177 1746 1338 1782 ὀδυρόμενος
1354 1744 1417 1780 βοῶ.

1078 1793 1122 1820 14.
1139 1792 1258 1824 Πολλοὺς
1281 1791 1441 1824 ἐπιϐούλους
1465 1791 1521 1827 ἔχει
1545 1791 1576 1817 τὸ
1599 1791 1757 1826 στρουθίον,
1782 1789 1822 1815 τὸν

1042 1839 1120 1874 ὅφιν,
1133 1839 1181 1866 καὶ
1199 1838 1234 1865 τὰ
1258 1838 1369 1873 μυσαρὰ.
1388 1837 1442 1865 τῶν
1462 1837 1592 1873 ἑρπετῶν.
1607 1837 1655 1863 καὶ
1677 1836 1761 1863 πολλά
1774 1835 1822 1862 τῶν

1043 1883 1188 1911 πετεινῶν·
1210 1884 1239 1910 ἐν
1256 1884 1321 1918 ῥιπῇ
1339 1880 1385 1909 οὗν
1401 1882 1540 1918 ὀφθαλμοῦ
1557 1883 1629 1908 ἐστιν
1644 1883 1659 1909 ὁ
1681 1882 1763 1914 ὕπνος
1780 1882 1823 1908 αὖ·

1042 1929 1100 1961 τοῦ,
1116 1929 1160 1956 διὰ
1173 1928 1203 1955 τὺ
1225 1928 1436 1964 περιϐλέπεσθαι
1450 1928 1515 1954 αὐτὸ
1536 1928 1572 1963 μή
1587 1936 1630 1959 τις
1644 1928 1697 1954 τῶν
1718 1927 1819 1954 ἐπιϐού-

1042 1975 1096 2001 λων
1111 1973 1148 2009 (ι)
1166 1973 1275 2009 ἔρχεται
1297 1973 1340 1999 ἐπ’
1361 1972 1452 2008 αὐτῷ·
1473 1972 1559 2004 οὕτως
1582 1970 1638 2005 οὖν,
1651 1972 1736 2007 λέγει,
1752 1971 1821 2005 κάγὼ

1043 2019 1279 2056 ἥμην-μεριμνῶν,
1298 2019 1335 2055 μή
1359 2027 1400 2051 τις
1417 2018 1548 2054 smmum
1569 2027 1614 2054 μοι
1633 2018 1687 2046 τῶν
1700 2018 1820 2045 ἐναντίων

1043 2065 1192 2100 δυνάμεων.

1079 2112 1123 2139 15.
1136 2111 1295 2143 ’Δπαύστως
1307 2111 1332 2137 οἱ
1344 2111 1469 2146 δαίμονες
1487 2111 1694 2146 κατεκαυχῶντό
1711 2119 1760 2146 μου
1777 2109 1817 2144 (5).

1079 2159 1123 2186 16.
1139 2158 1194 2185 Καὶ
1214 2158 1239 2184 οἱ
1254 2158 1284 2184 τὸ
1299 2157 1429 2193 πρότερον
1453 2158 1594 2193 χαίροντες
1613 2158 1659 2184 ἐπὶ
1679 2159 1712 2193 τῇ
1726 2156 1820 2189 ἀσωτίᾳ.

207 2203 341 2237 posthaec
358 2211 401 2231 me
415 2204 564 2232 irridebant
578 2204 710 2237 dicentes,
731 2211 766 2231 ne
780 2202 816 2230 ita
836 2202 910 2236 tiam,
931 2205 1010 2237 tan-j

1071 2213 1108 2237 )U,
1123 2203 1192 2239 μετὰ
1204 2202 1290 2230 ταῦτα
1305 2203 1458 2237 κατεγέλων
1474 2212 1523 2239 μου
1535 2202 1669 2237 λέγοντες·
1685 2202 1775 2233 Οὕτως
1789 2200 1820 2236 μὴ

207 2256 291 2282 quam
303 2249 368 2276 iste.

245 2292 288 2319 l7.
304 2293 334 2320 In
345 2292 504 2328 poenitentia
519 2301 590 2320 mea.

245 2337 290 2365 18.
311 2337 469 2366 Deﬂuebant
490 2339 617 2374 lacrymze
639 2346 706 2367 mea:
722 2339 750 2366 in
775 2342 868 2374 potum
889 2344 993 2370 meum,

209 2391 272 2410 cum
284 2383 421 2410 bibebam.

246 2429 290 2456 19.
304 2428 374 2461 Quia
391 2429 515 2463 cogn0vi,
532 2429 604 2463 quod
618 2434 759 2457 aversatus
773 2436 803 2456 es
817 2436 870 2456 me.

243 2473 289 2500 ‘20.
308 2472 341 2500 Et
354 2473 427 2508 quod
444 2473 583 2508 projecisti
599 2482 641 2501 me
652 2482 666 2500 a
680 2478 715 2501 te.

245 2519 321 2552 ens

211 2565 303 2600 gratim
321 2570 373 2592 tua:

246 2611 291 2638 ‘25.
306 2610 482 2638 Immortalis.

307 2519 352 2546 ‘22.
364 2519 402 2546 Eo
415 2519 487 2554 quod
499 2528 554 2547 non
568 2520 696 2547 haberem
712 2519 904 2554 pinguedinem
919 2526 996 2554 aqua:

1041 2251 1175 2286 γένωμαι.
1190 2250 1228 2282 ὼς
1243 2246 1330 2281 οὗτος.

1079 2295 1122 2322 17.
1140 2295 1185 2321 Ἐν
1201 2296 1233 2330 τῇ
1255 2294 1381 2330 μετανοίᾳ
1400 2302 1461 2329 μου.

1079 2341 1122 2368 IS.
1138 2340 1276 2376 Κατέρρει
1297 2339 1331 2366 τὰ
1353 2339 1460 2375 δάκρυὰ
1477 2348 1527 2375 μου
1549 2341 1577 2366 ἐν
1595 2339 1634 2375 τῷ
1649 2339 1752 2374 πόματί
1766 2346 1818 2373 μου,

1043 2386 1080 2417 ὡς
1096 2385 1197 2412 ἔπινον.

1080 2431 1123 2458 19.
1138 2431 1187 2457 Διὰ
1200 2430 1229 2458 τὸ
1241 2431 1389 2465 ἐπιγνῶναι
1403 2440 1448 2466 με,
1463 2431 1503 2457 ᾶτι
1520 2430 1698 2466 ἀπεστράφης
1715 2439 1758 2466 με.

1079 2476 1124 2503 20.
1141 2476 1197 2502 Καὶ
1209 2476 1249 2502 ὅτι
1265 2476 1420 2512 ἀπέρῤιψάς
1437 2485 1470 2511 με
1487 2476 1540 2502 ἀπὸ
1555 2475 1612 2502 σοῦ.

1078 2520 1180 2553 21,22.
1198 2519 1235 2556 (6)
1256 2520 1324 2547 Ἀπὸ
1344 2520 1392 2547 τοῦ
1419 2520 1456 2556 μὴ
1477 2520 1549 2556 ἔχειν
1584 2529 1618 2556 με
1644 2521 1757 2556 πιότητα
1779 2516 1817 2544 τοῦ

1045 2565 1140 2597 ὓδατος
1154 2565 1204 2600 τῆς
1217 2566 1328 2601 χάριτός
1342 2575 1399 2593 σου.

1079 2611 1124 2638 23.
1143 2610 1306 2647 Ἀερθαρτος.

684 2667 837 2698 Addenda
852 2670 882 2697 et
897 2666 1084 2706 corrigenda
1104 2676 1144 2698 ex
1168 2668 1239 2700 cod.
1256 2667 1354 2699 Vatic.

247 2750 284 2787 tl)
301 2751 357 2787 Τὴν
372 2752 461 2787 χάριν·

303 2760 587 2826 Ξεῖἕέὲἔεανμελετῶν.

248 2821 287 2853 (ὅ)
302 2821 460 2853 Πελεκάνος.

250 2856 288 2890 (ιι)
306 2856 470 2884 Ἐπιὸούλων
483 2857 573 2890 αὐτοῦ,
590 2862 641 2886 etc.
658 2858 743 2889 Κάγώ
761 2854 813 2886 non
834 2859 941 2894 legitur.

1135 2754 1251 2815 Ἀὶέἐῗῇίὶι.
1282 2788 1441 2824 Ἀνωφελείς
1467 2797 1511 2824 μοι
1542 2787 1697 2822 γεγόνασιν.
1726 2785 1758 2822 ῐὲ.

1057 2824 1131 2857 ’Λπό,
1146 2829 1209 2856 ctc.,
1226 2823 1314 2859 ἐαυτῷ
1331 2824 1456 2858 πιότητα.
