1881 3053
49 179 103 209 itm
474 177 520 210 DE
539 178 922 220 TlTULlS_PSALMORUM.
942 203 976 209 —
994 183 1093 217 PSAL.
1113 183 1180 218 cui.
1564 189 1633 222 toea

72 237 109 266 Β.
121 236 207 264 Πάντα
219 236 250 263 ὲν
265 237 345 273 σοφίᾳ
355 238 494 274 ἐποίησας·

73 283 109 311 55.
125 282 280 318 Ἐπληρώθη
294 284 310 318 ἡ
323 284 358 319 γῆ
371 285 420 320 τῆς
432 285 545 317 κτίσεώς
560 295 616 313 σου.

73 329 109 356 54.
122 328 191 364 Αὕτη
206 330 223 364 ἡ
237 329 359 356 θάλασσα
372 331 388 365 ἡ
405 331 509 366 μεγάλη
521 333 569 359 καὶ
584 332 748 368 εὐρύχωρος·

72 375 107 402 55.
118 375 185 401 Ἑκεῖ
200 375 303 410 ἑρπετὰ
314 372 351 402 ὧν
365 377 415 403 οὐκ
427 376 500 404 ἔστιν
514 378 640 414 ἀριθμὸς,

72 420 107 447 56.
121 420 178 447 Ζῶα
192 420 279 456 μικρὰ
293 421 361 456 μετὰ
375 422 511 456 μεγάλων.

71 466 106 492 57.
123 466 190 492 Ἐκεῖ
208 466 289 492 πλοῖα
300 466 521 503 διαπορεύονται·

71 511 106 538 58.
120 512 228 547 Δράκων
252 509 344 544 οὗτος,
370 513 400 539 ὃν
413 513 533 545 ἔπλασας
552 514 696 549 ἐμπαίζειν
717 516 801 552 αὐτῷ.

71 557 107 584 59.
120 558 206 584 Πάντα
220 558 290 593 πρδς
303 558 332 584 σὲ
348 559 520 594 προσδοκῶσι
534 559 624 587 δοῦναι
636 561 686 597 τὴν
699 563 802 599 τροφὴν

45 603 113 630 αὐτῶν
127 603 236 640 [αὐτοῖς]
248 605 289 636 είς
299 604 424 640 εὔκαιρον
432 613 439 620 ί

71 650 105 676 60.
118 650 208 682 Δόντας
225 659 272 677 σου
291 651 392 683 αὐτοῖς,
410 651 591 683 συλλέξουσιν.

69 694 104 721 6l.
128 695 290 728 ’Δνοίξαντός
312 704 358 722 σου
376 695 415 731 [δέ
431 694 490 732 σου]
506 696 555 732 τὴν
569 698 647 733 χεῖρα
657 718 665 730 ,
682 698 716 725 τὰ
733 697 802 734 σύμ-

44 746 112 767 παντα
125 741 321 777 πλησθήσονται
335 741 531 777 χρηστότητος·

68 786 103 812 62.
119 787 346 823 ’Δποστρέψαντος
355 788 384 815 δέ
399 796 446 814 σου
459 788 489 814 τὸ
499 787 653 823 πρόσωπον,
666 789 801 826 ταραγθή-

44 839 124 858 σονται.

67 877 102 903 63.
120 877 281 910 ’Δντανελεῖς
293 878 324 905 τὸ
337 877 446 913 πνεῦμα
457 878 556 911 αὐτῶν,
570 878 618 905 καὶ
631 877 782 912 ὲκλείψουσι
790 887 797 893 ·

69 922 103 949 65.
115 924 165 950 Καὶ
177 924 215 955 εἰς
232 923 278 950 τὸν
294 923 359 959 χοῦν
371 924 461 950 αὐτῶν
475 922 692 959 ἐπιστρέφουσιν.

69 968 103 995 65.
122 970 322 1002 Ἐξαποστελεῖς
332 969 363 996 τὺ
375 969 488 1005 Πνεῢμά
501 978 548 996 σου
557 988 566 1002 ,
581 969 627 996 καὶ
638 968 798 1004 κτισθήσον-

44 1019 76 1041 τοι
85 1023 91 1029 '

69 1060 104 1087 66.
115 1060 165 1087 Καὶ
179 1061 347 1093 ἀνακαινιεῖς
360 1061 390 1088 τὸ
403 1061 546 1097 πρόσωπον
563 1061 612 1096 τῆς
627 1061 690 1096 γῆς.

68 1105 102 1132 67.
119 1107 188 1133 Ἦτω
203 1108 220 1143 ἡ
235 1107 300 1139 δόξα
314 1107 415 1143 Κυρίου
432 1108 471 1139 εἰς
486 1108 548 1139 τοὺς
561 1106 677 1138 αἰῶνας·

69 1153 102 1180 68.
113 1154 330 1190 Εὑφρανθήσεται
350 1153 451 1190 Κύριος
468 1153 514 1180 ἐπὶ
527 1154 583 1184 τοῖς
600 1152 690 1187 ἔργοις
704 1151 795 1178 αὐτοῦ.

70 1199 103 1226 69.
120 1200 146 1227 Ὀ
160 1200 312 1228 ἐπιϐλέπων
327 1200 373 1227 ἐπὶ
387 1200 435 1236 τὴν
451 1200 502 1235 γῆν
515 1220 523 1233 ,
545 1198 592 1226 καὶ
610 1197 692 1225 ποιῶν
713 1197 797 1232 αὐτὴν

44 1245 139 1280 τρέμειν.

890 245 935 272 52.
949 244 1045 273 Omnia
1061 245 1089 273 in
1104 245 1236 282 sapientia
1250 245 1337 274 fecisti
1353 250 1361 274 ε

890 290 934 317 55.
947 289 1056 325 Impleta
1067 296 1109 318 est
1123 296 1195 318 terra
1214 291 1387 326 possessione
1403 291 1460 319 tua.

890 336 933 363 54.
949 336 1006 365 Hoc
1023 344 1098 365 mare
1116 345 1255 372 magnum,
1271 342 1299 365 et
1313 338 1463 373 spatiosum
1485 339 1634 367 manibus:

889 382 934 410 55.
951 383 1008 410 Illic
1025 383 1141 418 reptllia,
1156 391 1273 418 quorum
1290 391 1344 411 non
1357 388 1401 412 est
1414 392 1556 419 numerus,

888 428 934 456 56.
949 429 1084 456 Animalia
1096 430 1194 464 pusilla
1206 437 1268 457 curn
1285 429 1404 465 magnis.

888 474 932 502 57.
944 474 1001 502 Illic
1012 482 1094 503 naves
1111 479 1320 510 pertranseunt:

889 520 932 547 58.
948 519 1035 547 Draco
1046 521 1107 554 iste,
1121 528 1202 556 quem
1225 520 1350 549 formasti
1363 521 1397 548 ad
1415 520 1581 549 illudendum
1595 522 1632 549 ei.

888 566 931 594 59.
947 566 1045 594 Omnia
1058 575 1072 594 a
1090 572 1116 594 te
1131 571 1290 603 exspectant
1302 572 1333 595 ut
1347 568 1394 595 des
1407 575 1499 595 escam
1511 569 1632 603 ipsorum

853 611 941 648 [ipsis]
955 612 983 639 in
998 616 1120 647 tempore
1132 621 1139 640 :

887 657 932 684 60.
945 657 1031 685 Dante
1050 663 1076 686 te
1090 658 1153 691 illis,
1170 658 1309 694 colligentt

886 703 930 731 61.
945 704 1087 738 Aperiente
1108 703 1221 741 [autem]
1240 709 1267 732 te
1285 711 1408 737 manum,
1429 704 1521 732 omnia
1536 704 1631 740 implesI

849 748 951 778 buntur
966 750 1100 779 bonitate.

885 794 929 822 62.
943 795 1087 823 Avertente
1102 800 1193 823 autem
1206 800 1234 824 te
1245 795 1355 830 faciem,
1368 797 1561 826 turbabuntur.

884 871 929 899 65.
945 871 1058 901 Auferes
1074 872 1199 908 spiritum
1214 881 1320 906 eorum,
1332 878 1359 901 et
1371 873 1497 901 deﬁcient
1511 894 1519 901 .

883 916 927 944 64.
942 916 976 944 Et
991 916 1018 944 in
1038 918 1175 953 pulverem
1192 927 1273 947 suum
1289 922 1473 948 revertentur.

886 963 930 990 65.
945 963 1057 992 Emittes
1069 963 1200 999 Spiritum
1216 969 1303 999 tuum,
1318 969 1346 993 ct
1359 966 1521 994 creabuntur

885 1063 929 1092 66.
943 1063 976 1091 Et
989 1065 1133 1092 renovabis
1149 1064 1246 1093 faciem
1257 1070 1344 1094 terrae.

885 1109 929 1137 67.
946 1109 986 1136 Sit
999 1110 1082 1144 gloria
1100 1107 1206 1138 Domini
1219 1111 1246 1138 in
1259 1112 1360 1139 saecula
1376 1119 1384 1138 ι

883 1153 928 1180 68.
942 1153 1085 1181 Laetabitur
1096 1155 1228 1183 Dominus
1241 1156 1268 1183 in
1283 1156 1411 1191 operibus
1427 1156 1495 1184 suis.

884 1198 930 1227 69.
946 1199 997 1234 Qui
1008 1200 1119 1236 respicit
1130 1204 1241 1235 terram,
1255 1206 1282 1229 et
1296 1201 1361 1231 facit
1372 1210 1433 1231 eam
1448 1204 1575 1233 tremere.

571 1343 755 1373 ATHANASII
774 1336 1066 1372 iNTERPRETATIO.

69 1444 104 1473 52.
113 1445 196 1474 Πάντα
206 1448 241 1474 τὰ
251 1447 409 1483 χαρίσματά
424 1455 470 1474 σου
480 1447 509 1474 ὲν
519 1449 552 1484 τῇ
563 1446 746 1482 πολυποικίλῳ
753 1455 800 1474 σου

45 1490 104 1525 σοφίᾳ
115 1492 271 1527 κατήρτισας
286 1492 335 1527 (Ι).

69 1534 103 1563 55.
118 1535 143 1563 '0
154 1537 251 1573 κόσμος
273 1537 312 1573 (2)
325 1537 378 1565 τῶν
397 1537 481 1572 ἁγίων
494 1545 551 1564 σου.

68 1580 102 1608 51.
119 1582 147 1608 Ἠ
158 1584 313 1620 οἰκουμένη.

68 1626 102 1653 55.
113 1629 139 1655 Ol
153 1629 287 1665 δαίμονες.

68 1671 101 1699 56.
113 1674 139 1701 Ol
148 1675 191 1702 ἄνθ
196 1684 292 1711 ρωποι.

68 1719 100 1746 57.
113 1723 139 1748 Oi
153 1723 218 1757 ἆγιοι
241 1723 351 1759 ἔχοντες
378 1724 407 1750 ὲν
429 1722 519 1755 αὐτοῖς
546 1722 582 1758 (5)
596 1722 631 1750 τὰ
649 1715 726 1756 λόγια
743 1720 791 1748 τοῦ

44 1762 100 1797 Θεοῦ,
109 1767 149 1794 καὶ
157 1768 199 1795 διὰ
207 1769 262 1797 τῶν
271 1768 309 1805 (4)
319 1768 464 1804 τρέφοντες
477 1771 509 1795 τὸ
526 1769 603 1804 γένος
621 1768 676 1795 τῶν
688 1767 792 1804 ἀνθρώ-

44 1816 93 1837 πων.

68 1855 100 1882 58.
107 1857 131 1884 '0
142 1858 257 1892 διάϐολος
268 1859 283 1886 ό
290 1858 328 1894 (5)
338 1853 570 1894 καταπαιζόμενος
582 1858 634 1885 ὑπὸ
644 1858 696 1885 τῶν
706 1859 791 1893 ἁγίων

45 1904 85 1926 σου.

68 1945 100 1974 59.
113 1948 148 1975 Τὰ
161 1949 220 1985 ἔθνη
238 1950 433 1985 ἀπεκδέχονται
453 1949 502 1977 τὴν
517 1948 591 1985 παρὰ
609 1949 656 1975 σοῦ
676 1958 790 1985 τροφην,

43 1990 66 2024 ῆν
78 1993 153 2026 αὐτοῖς
164 1996 256 2028 δώσεις
273 1997 301 2022 ὲν
315 1997 419 2032 εἰρήνη·

67 2037 100 2064 60.
111 2040 249 2074 Δεδωκότος
264 2050 309 2068 σου
324 2041 415 2073 αὐτοῖς
426 2059 433 2073 ,
449 2040 498 2072 τὰς
514 2039 623 2072 ἐντολάς
640 2048 686 2067 σου
700 2041 790 2074 δέξον-

43 2090 81 2110 ται.

67 2129 307 2170 61.φανερὼσαντος
326 2132 353 2160 δέ
368 2142 414 2160 σου
438 2133 484 2160 τὸν
499 2132 601 2168 Κύριον
617 2133 681 2160 Υἱὺν
692 2153 700 2165 ,
721 2134 735 2160 ὁ
750 2133 789 2168 (6)

43 2174 117 2210 κόσμος
127 2187 167 2205 σου
175 2180 356 2216 πλησθήσεται
364 2179 410 2206 τοῦ
421 2178 578 2215 Πνεύματός
588 2187 634 2206 σου
643 2178 690 2205 τοῦ
699 2178 788 2213 ἁγίου.

67 2219 100 2248 62.
116 2223 174 2251 Ἀπὸ
186 2225 237 2253 τῶν
259 2225 391 2252 Ἰουδαίων
413 2226 633 2261 ἀποστρέψαντος
644 2225 683 2252 ’τὸ
703 2225 787 2261 πρόσ-

42 2266 95 2292 ωπόν
106 2277 158 2302 σου,
172 2272 208 2303 είς
222 2271 373 2307 ἀφανισμὸν
393 2271 497 2298 ἔσονται
512 2271 559 2307 (7).

885 1449 930 1477 52.
944 1449 1042 1478 Omnia
1057 1449 1128 1478 dona
1150 1455 1208 1485 tua,
1224 1459 1253 1479 In
1270 1451 1420 1480 multifaria
1436 1456 1482 1482 tua
1496 1455 1627 1490 saplenttt

848 1495 996 1530 perfecisti.

881 1542 924 1570 55.
939 1542 1055 1571 Mundus
1066 1543 1167 1571 sanctis
1185 1543 1249 1571 tuis.

880 1587 925 1614 54.
937 1586 1018 1615 Orbis
1031 1593 1176 1615 terrarum.

809 1638 832 1670 ε
882 1632 926 1659 55.
940 1631 1092 1660 Daemones.

880 1677 925 1705 56.
943 1677 1081 1705 Homines.
1402 1717 1404 1720 ⁴
1526 1720 1528 1725 λ

880 1723 925 1751 57.
941 1722 1033 1750 Sancti
1052 1723 1182 1751 habentes
1207 1724 1235 1751 in
1262 1723 1359 1759 seipsis
1383 1723 1490 1761 eloquia
1511 1722 1571 1762 Det,
1597 1727 1625 1757 et

843 1769 945 1798 eisdem
956 1770 1059 1798 alentes
1071 1769 1221 1798 humanum
1233 1778 1330 1805 genus.

878 1855 923 1884 58.
940 1851 1069 1885 Diabolus
1081 1854 1194 1885 delusus
1209 1865 1225 1884 a
1237 1858 1339 1887 sanctis
1354 1858 1419 1887 tuis.

878 1947 922 1975 59.
938 1946 1036 1975 Gentes
1055 1951 1214 1983 exspectant
1233 1956 1249 1976 a
1275 1953 1302 1976 te
1325 1957 1427 1984 escam,
1451 1958 1533 1986 quam
1556 1952 1622 1989 ipsis

842 1993 920 2021 dabis
936 1993 963 2020 in
974 2000 1051 2028 pace.

877 2039 921 2066 60.
937 2038 1007 2066 Cum
1027 2030 1174 2068 tu'dederis
1188 2039 1256 2075 ipsis
1266 2040 1393 2069 mandata
1404 2046 1461 2075 tua,
1475 2043 1622 2079 excipient.

876 2137 920 2166 6L
939 2137 1130 2166 Manifestante
1156 2143 1248 2167 autem
1278 2143 1305 2168 te
1331 2139 1476 2170 Dominum
1503 2143 1620 2180 Filium.

841 2185 960 2213 mundus
976 2189 1040 2212 tuus
1055 2184 1210 2220 implebitur
1224 2183 1327 2220 Spiritu
1341 2191 1436 2215 sancto
1447 2193 1505 2217 tuo.

875 2231 920 2259 62.
936 2231 1079 2259 Avertente
1092 2234 1120 2259 te
1133 2230 1230 2260 faciem
1246 2236 1322 2260 tuam
1340 2240 1357 2261 a
1376 2233 1477 2263 Judaeis
1497 2235 1531 2264 ad
1548 2235 1621 2264 nihi-

840 2276 896 2304 lum
908 2276 1073 2311 redigentur.

108 2312 187 2351 Λάόῃς
196 2317 245 2352 τὴν
255 2316 333 2352 χάριν
346 2316 391 2343 ἀπ’
400 2316 499 2349 αὐτῶν,
513 2315 560 2342 καὶ
569 2315 782 2352 διαλυθήσονται.

882 2321 918 2349 i3.
929 2308 1043 2349 Auferes
1058 2322 1172 2357 gratiam
1187 2323 1223 2351 ab
1238 2323 1315 2358 ipsis,
1329 2328 1356 2352 et
1373 2326 1510 2360 peribunt.

67 2353 99 2382 64.
112 2357 158 2385 Καὶ
170 2362 196 2387 ἐν
211 2363 244 2398 τῇ
261 2362 382 2398 ἁμαρτίᾳ
399 2361 488 2388 αὐτῶν
501 2361 702 2397 ὲναπομένωσιν
718 2361 769 2398 (8).

66 2398 100 2426 65.
116 2403 169 2431 Ἐπὶ
182 2408 242 2439 τοὺς
259 2407 435 2439 πιστεύοντας
448 2407 489 2439 είς
506 2407 548 2434 σέ.

66 2443 99 2490 (ξδ-
106 2448 151 2477 Καὶ
158 2452 312 2485 ἀνανεώσεις
323 2453 371 2490 τὴν
380 2453 498 2481 διάνοιαν
505 2453 556 2489 τῆς
563 2453 676 2490 καρδίας
685 2453 774 2481 αὐτῶν
779 2473 786 2481 .

67 2487 101 2523 67,
113 2493 149 2522 es.
162 2497 195 2533 (9)
208 2499 269 2531 Τοῖς
281 2487 380 2534 ἁγίοις.

68 2534 100 2563 69-
112 2539 164 2568 Ἑπὶ
175 2543 203 2570 τὸ
219 2545 344 2580 σύστημα
358 2544 416 2572 τῶν
426 2545 573 2582 δαιμόνων.

871 2367 917 2395 64.
931 2367 965 2395 Ει
977 2368 1005 2395 in
1020 2373 1130 2403 peccato
1137 2377 1189 2397 suo
1203 2371 1410 2405 permanebunt.

871 2412 916 2440 65.
929 2412 1017 2447 Super
1035 2413 1176 2441 credentes
1189 2414 1218 2442 in
1233 2420 1271 2442 te.

871 2457 915 2485 66.
933 2457 966 2484 Et
978 2459 1122 2487 renovabis
1137 2465 1257 2489 mentem
1266 2461 1357 2490 cordis
1372 2469 1480 2490 eorum:

871 2503 916 2536 67,
930 2502 975 2532 68.
988 2503 1017 2531 In
1029 2505 1141 2533 sanctis.

871 2547 914 2576 69.
928 2547 1087 2577 Daemonum
1102 2554 1215 2580 cetum.

474 2633 628 2665 Addenda
650 2635 680 2664 et
694 2635 881 2675 corrigenda
895 2643 937 2667 ex
959 2635 1031 2668 cod.
1043 2636 1143 2668 Vatia.

88 2777 98 2817 Φ
113 2777 224 2817 Ἑαυτοίς.

78 2810 98 2849 ί)
109 2815 140 2849 Δι’
153 2810 243 2849 αὐτῶν.

109 2848 133 2876 '0
145 2853 218 2882 deest.

148 2902 270 2937 Panos.
293 2906 353 2937 Gs.
376 2907 507 2940 Χχνιι.

78 2705 98 2750 ll
109 2709 256 2750 Ξαῑήρτισα.

78 2705 98 2741 Ι)
109 2709 256 2750 Κατήρτισα.

76 2741 98 2776 9)
111 2743 253 2793 Ἐπληρώθη
265 2752 280 2780 δ
293 2751 404 2787 κόσμος,
419 2759 471 2782 etc.

69 2705 98 2880 ἐξ
109 2779 243 2857 ξαέἱῗιὶι.

116 2851 133 2876 ο
145 2853 218 2880 deest.

879 2721 908 2758 6)
923 2723 975 2752 Τδν
986 2724 1051 2752 Υίόν
1065 2733 1112 2752 σου
1124 2745 1132 2757 ,
1146 2725 1173 2758 ὁ,
1188 2729 1240 2753 etc;

880 2758 906 2796 2)
919 2759 1090 2796 Γενήσονται-

880 2792 907 2822 8)
923 2792 1160 2822 Ἐνάποιιείνωσιν.

880 2795 907 2862 8;
923 2795 1160 2842 Ἐναπομείνιιξσιν.
1379 2832 1383 2836 .

879 2827 896 2855 9
917 2828 940 2856 Ν
973 2830 996 2844 "'
1030 2830 1190 2862 Απαυστως.
1215 2829 1249 2859 N.
1264 2827 1307 2858 68.
1321 2830 1384 2863 Τοῖς
1396 2827 1491 2866 ἁγίοις.

1417 2913 1456 2944 35
