1910 3048
69 177 142 206 1101

536 178 580 206 DE
600 179 738 208 TITULIS
757 180 977 211 PSALMORUM.
999 183 1140 212 ——PSAL.
1162 184 1228 213 CIV.

1636 186 1705 213 1102

109 236 155 264 10.
169 236 209 263 Τὰ
220 236 320 272 τέρατα
334 236 416 264 αὖτοῦ
428 257 435 269 ,
453 237 500 264 καὶ
519 238 551 264 τὰ
564 239 685 274 κρίματα
701 240 747 267 τοῦ
763 242 855 276 στόμα·

952 244 995 272 10.
1009 243 1134 280 Prodigia
1154 246 1224 280 rjus,
1239 249 1266 273 et
1274 244 1376 280 judicia
1389 243 1446 272 oris
1457 243 1526 278 ejus.

70 292 120 315 τος
139 283 235 310 αὐτοῦ.

110 330 154 356 11.
171 330 285 366 Σπέρμα
305 330 430 367 Ἀϐραὰμ
444 330 533 358 δοῦλοι
549 331 642 363 αὑτοῦ,

109 376 155 404 12.
174 376 234 402 Υἱοὶ
256 376 353 403 Ἰακὼϐ
368 377 491 403 ἐκλεκτοὶ
507 377 601 404 αὑτοῦ.

109 421 154 448 15.
173 421 258 452 Αὐτὸς
278 421 380 457 Κύριος
401 422 415 447 6
431 420 497 452 Θεὸς
513 420 609 456 ἡμῶν,

110 467 155 494 14.
180 468 224 493 Ἐν
239 468 312 503 πάσῃ
329 469 362 503 τῇ
378 469 413 503 γῇ
431 467 465 494 τὰ
478 468 599 504 κρίματα
615 467 709 496 αὑτοῦ.

107 513 153 540 15.
175 513 313 549 Ἐμνήσθη
327 515 368 546 εἰς
382 515 428 540 τὸν
443 515 529 542 αἰῶνα
545 514 676 551 διαθήκης
689 515 781 549 αὑτοῦ,

108 559 152 588 16.
168 560 267 594 Λόγου,
281 557 311 587 οὗ
325 560 476 587 ἐνετείλατο
491 562 530 593 εις
548 560 638 596 χιλίας
653 562 757 596 γενεάς.

107 606 153 632 17.
172 607 220 633 Ὃν
235 606 337 633 διέθετο
354 607 392 642 τῷ
409 607 545 643 Ἀϐραὰμ,

106 651 151 679 18.
171 652 225 678 Kal
238 652 284 678 τοῦ
301 653 382 687 ὅρκου
397 653 481 680 αὑτοῦ
498 653 537 689 τῷ
556 654 659 682 Ἰσαάκ.

107 699 151 726 19.
169 699 224 725 Καὶ
240 698 354 733 ἔστησεν
372 699 453 725 αὐτὸν
467 699 505 734 τῷ
523 699 619 726 Ἰακὼϐ
634 701 673 732 εἰς
688 699 852 735 πρόσταγμα

103 744 151 771 20.
169 745 223 770 Καὶ
235 744 275 780 τῷ
297 744 405 780 Ἰσραὴλ
420 745 460 776 είς
474 744 608 781 διαθήκην
622 745 740 771 αἰώνιον.

103 791 150 818 21,
168 791 262 825 Λέγων
276 799 282 806 ·
300 791 345 817 Σοὶ
362 789 439 817 δώσω
452 790 502 826 τὴν
518 792 570 826 γῆν
585 791 694 818 Χαναὰν
713 799 720 807 ·

100 837 150 864 22.
164 837 312 872 Σχοίνισμα
326 836 507 873 κληρονομίας
524 837 611 872 ὑμῶν.

101 884 149 911 2'5.
174 884 218 909 Ἐν
232 883 271 918 τῷ
286 881 354 909 εἶναι
369 883 467 915 αὐτοὺς
483 882 593 919 ἀριθμῷ
610 883 731 918 βραχεῖς,

100 929 148 956 24.
173 929 340 963 Ὀλιγοστοὺς
354 930 400 955 καὶ
416 929 563 964 παροίκους
576 930 604 955 ἐν
619 929 698 964 αὐτῇ.

100 975 149 1002 25.
159 975 214 1002 Καὶ
226 974 333 1010 διῆλθεν
349 975 378 1007 ἐξ
394 975 487 1006 ἔθνους
504 976 543 1006 εἰς
556 975 631 1006 ἔθνος
642 983 649 990 -

101 1022 149 1049 26.
162 1021 218 1047 Καὶ
230 1022 263 1047 ἐκ
278 1020 416 1056 βασιλείας
433 1021 473 1051 εἰς
485 1019 548 1046 λαὸν
566 1020 671 1055 ἕτερον.

952 335 993 362 11.
1009 335 1106 363 Semen
1122 336 1259 363 Abraham
1276 336 1347 363 servi
1363 336 1433 371 ejus,

952 380 995 408 12.
1011 380 1071 408 Filii
1086 379 1171 408 Iacob
1185 381 1261 408 electi
1273 381 1343 415 ejus.

950 426 994 453 15.
1009 426 1069 461 Ipse
1084 427 1215 454 Dominus
1227 426 1299 454 Deus
1316 429 1419 458 noster,

951 471 993 498 14.
1011 472 1039 498 ln
1056 472 1182 499 universa
1199 476 1270 499 terra
1282 471 1385 506 judicia
1397 470 1467 505 ejus.

950 517 993 544 15.
1012 516 1115 544 Memor
1131 516 1183 544 fuit
1194 518 1221 545 in
1233 517 1362 545 saeculum
1378 517 1532 544 testamenti
1545 515 1599 547 sui,

950 560 994 587 16.
1012 559 1104 594 Verbi,
1116 562 1188 596 quod
1204 562 1344 589 mandavit
1363 562 1391 589 in
1411 561 1484 588 mille
1497 559 1698 596 generationes.

949 607 994 634 17.
1007 607 1085 641 Quod
1098 608 1235 643 disposuit
1246 608 1397 640 Abraham,

949 652 992 682 18.
1007 653 1040 680 Ει
1050 654 1197 688 juramenti
1212 655 1252 681 sui
1273 653 1357 682 Isaac.

948 698 991 726 19.
1006 698 1038 726 Et
1053 699 1147 726 statuit
1160 699 1223 726 illud
1234 698 1318 726 J-acob
1331 699 1358 726 in
1373 701 1551 733 praeceptum.

948 745 993 772 20.
1008 745 1042 772 Et
1053 746 1135 774 Israel
1150 746 1176 772 in
1191 749 1382 773 testamentum
1399 749 1544 772 internum.

946 788 991 815 21.
1010 788 1127 816 Diccns:
1144 788 1204 816 Tibi
1215 789 1286 816 dabo
1304 793 1405 817 terram
1417 789 1560 820 Chanaan,

946 834 991 861 ‘22.
1010 834 1174 863 Funiculum
1194 836 1361 863 haereditatis
1372 839 1472 862 vestrae

947 880 990 906 23.
1008 879 1077 907 Cum
1092 886 1184 909 essent
1197 881 1248 915 ipsi
1266 888 1380 908 numero
1396 880 1506 912 modici.

875 926 897 956 Β
946 925 991 952 2t.
1008 925 1169 954 Paucissimi
1181 932 1208 954 et
1221 927 1317 954 incolae
1333 927 1404 962 ejus.

949 971 994 998 25.
1012 972 1044 998 Et
1057 972 1276 1007 pertransierunt
1289 973 1322 1000 de
1337 977 1416 1008 gente
1430 973 1461 1005 in_
1473 978 1580 1008 gentem
1595 983 1603 1002 :

949 1018 992 1045 26.
1010 1018 1043 1046 Et
1056 1019 1090 1046 de
1102 1026 1185 1054 regno
1201 1019 1234 1046 ad
1247 1019 1377 1054 populum
1392 1020 1520 1048 alterum.

629 1118 815 1147 ATHANASII
835 1119 1129 1148 INTEBPRETATIO.

104 1199 147 1227 10.
159 1198 192 1225 Al.
208 1198 293 1232 ἰάσεις
309 1200 355 1226 καὶ
367 1200 394 1226 αἱ
406 1198 574 1226 διδασκαλίαι
589 1197 637 1226 τοῦ
648 1197 729 1234 λόγου
742 1199 792 1234 τῆς
807 1199 857 1234 χά-

66 1253 141 1280 ριτος
157 1244 241 1271 αὑτοῦ
256 1245 279 1279 (1
287 1248 306 1280 ).

101 1290 145 1317 11.
160 1291 192 1317 Οἱ
205 1292 296 1318 πιστοὶ
312 1292 349 1323 ὡς
364 1290 501 1326 Ἀϐραάμ.

102 1337 145 1365 12.
162 1338 194 1363 Ol.
212 1337 354 1364 ἀπόστολοι
370 1337 408 1369 ὡς
421 1336 516 1364 Ἰακὼὸ
526 1356 533 1368 ,
547 1335 671 1363 τουτέστι
693 1335 808 1372 καθαροὶ
824 1337 858 1371 τῇ

65 1383 177 1420 καρδίᾳ.

101 1430 146 1457 15,
167 1429 196 1456 ’0
212 1429 241 1463 ἐξ
253 1430 339 1465 ἀρχῆς
354 1429 435 1462 αὐτὸς
448 1428 494 1455 καὶ
510 1428 556 1454 ἐπὶ
568 1428 619 1463 γῆς
632 1427 724 1463 ὀφθείς
738 1427 786 1463 (Ξ).

103 1477 146 1503 14.
166 1476 206 1503 Τὰ
222 1477 250 1502 ἐν
266 1478 321 1508 τοῖς
347 1474 522 1509 Εὐαγγελίοις
539 1475 737 1509 προστάγματα
763 1474 857 1501 αὐτοῦ.

103 1523 146 1550 15.
161 1523 336 1559 Ἑπλήρωσεν
346 1523 375 1549 ἐν
386 1522 474 1558 καιρῷ
488 1522 594 1557 ἐσχάτῳ
604 1521 637 1547 τὰ
648 1521 711 1556 περὶ
722 1521 771 1556 τῆς
784 1521 860 1556 βασι-

65 1570 142 1601 λείας
156 1569 252 1596 αὐτοῦ.

100 1615 145 1642 16.
165 1615 234 1650 Περὶ
247 1615 294 1641 τοῦ
306 1614 409 1646 πάθους
423 1614 515 1647 αὑτοῦ.
529 1611 560 1641 οἵ)
574 1614 705 1650 προέλεγε
719 1614 780 1640 καθ’
792 1614 858 1641 ἐκά-

65 1671 134 1698 στην
147 1661 244 1695 γενεὰν
257 1661 301 1688 διὰ
314 1660 369 1687 τῶν
382 1659 539 1696 προφητῶν.

102 1707 148 1734 17.
164 1707 226 1733 Ὅτι
243 1705 302 1734 εἷπε
316 1706 354 1741 τῷ
368 1705 510 1742 Ἁϐραάμ·
530 1706 626 1732 Ἔσται
641 1705 671 1731 τὸ
688 1705 799 1741 σπέρμα
813 1713 860 1731 σου

66 1753 103 1786 ὠς
121 1753 157 1780 τὰ
177 1753 264 1788 ἄστρα
285 1752 332 1778 τοῦ
348 1751 464 1785 οὐρανοῦ
480 1751 520 1786 τῷ
539 1750 637 1785 πλήθει
653 1750 700 1777 καὶ
719 1750 758 1786 τῷ
781 1749 859 1784 φωτί.

103 1799 149 1826 18.
165 1799 221 1825 Καὶ
237 1798 288 1833 τὴν
305 1798 395 1825 πίστιν
413 1797 486 1833 αὺτῷ
502 1797 540 1833 τῷ
555 1797 612 1832 λαῷ
626 1797 675 1832 τῆς
691 1796 801 1832 χάριτος
821 1796 860 1830 (5)

66 1844 191 1881 [χαρᾶς].
203 1845 303 1880 Ὅρκος
327 1843 381 1880 γὰρ
404 1843 496 1875 πίστις
516 1843 600 1870 ἐστιν.
614 1842 717 1870 Ἰακὼϐ
728 1842 757 1869 δὲ
772 1842 860 1877 ἑρμη-

68 1892 178 1918 νεόεται
196 1890 293 1926 χάρις.
545 1911 547 1913 ,

104 1936 145 1963 19.
166 1936 220 1962 Kal
236 1935 393 1970 ἐπλήρωσεν
410 1933 494 1969 αὐτὴν
508 1932 656 1960 ἀσάλευτον
676 1933 726 1968 τὴν
739 1932 859 1965 ἐπαγγε-

65 1983 127 2009 λίαν
140 1981 191 2016 τῆς
205 1980 322 2012 πίστεως
336 1980 375 2015 τῷ
389 1979 446 2014 λαῷ
464 1978 503 2014 τῷ
515 1978 551 2005 τὰ
566 1978 630 2014 τέλη
648 1978 703 2005 τῶν
724 1977 860 2005 Ἰουδαίων

67 2027 243 2061 κατασχόντι.

98 2073 145 2100 20.
162 2072 217 2099 Καὶ
236 2072 292 2103 τοῖς
318 2071 477 2103 ἀποστόλοις
510 2071 558 2097 καὶ
585 2071 641 2101 τοῖς
669 2069 757 2105 ἁγίοις
791 2069 858 2096 πᾶσι

65 2121 122 2150 τοῖς
132 2118 233 2154 ὁρῶσιν
245 2117 324 2144 αὑτὸν
338 2119 366 2144 ὲν
379 2116 531 2152 ὁμοιώματι
554 2115 715 2151 ἀνθρώπων,
735 2115 782 2141 καὶ
792 2115 858 2150 ὁμο-

66 2164 192 2199 λογοῦσιν
206 2163 298 2195 αὐτὸν,
313 2163 350 2194 ὡς
372 2162 438 2188 Θεὸν
452 2161 490 2197 (4)
517 2162 577 2187 κατ’
589 2159 693 2191 οὐσίαν,
719 2158 813 2194 ὥσπερ
841 2160 857 2185 ὁ

72 2209 194 2244 Ἰσραὴλ
207 2208 285 2243 ὀρῶν
295 2208 348 2235 τὸν
361 2207 446 2235 Θεόν.

100 2256 147 2282 2|.
162 2254 257 2288 Λέγων
273 2253 312 2288 τῷ
325 2253 399 2289 χορῷ
415 2252 469 2279 τῶν
486 2251 643 2278 ἀποστόλων
656 2258 663 2265 ·
689 2250 769 2284 Ὑμῖν
780 2249 858 2276 δώσω

68 2301 158 2327 πάντα
168 2299 215 2326 τὸν
225 2299 326 2334 κόσμον
340 2298 394 2324 τῶν
409 2296 507 2323 ὲθνῶν.
519 2296 639 2323 Χαναὰν
646 2294 700 2330 γὰρ
710 2293 860 2330 ἑρμηνεύε-

945 1199 989 1226 10.
1009 1199 1181 1234 Sanationes,
1203 1206 1230 1228 et
1249 1190 1379 1229 doctrina:
1400 1202 1475 1230 verbi
1491 1204 1587 1239 gratiae
1609 1206 1697 1241 ipsius

950 1288 990 1316 11.
1006 1289 1111 1317 Fideles
1126 1289 1197 1317 sicut
1212 1290 1362 1318 Abraham.

946 1335 989 1363 12.
1007 1334 1132 1369 Apostoli
1157 1336 1227 1364 sicut
1245 1335 1340 1375 Jacob.
1358 1338 1409 1364 hoc
1431 1342 1473 1364 est
1491 1338 1585 1366 mundi
1599 1338 1700 1369 corde:

946 1423 991 1451 15.
1006 1423 1056 1457 Qui
1069 1431 1084 1451 a
1099 1425 1245 1460 principio,
1264 1425 1334 1453 idem
1353 1430 1380 1453 et
1392 1426 1418 1453 in
1433 1431 1505 1454 terra
1517 1427 1592 1455 visus
1603 1432 1654 1455 est.

946 1468 989 1495 14.
1006 1468 1143 1504 Praecepta
1154 1470 1224 1505 ejus,
1235 1477 1296 1505 quae
1307 1470 1334 1497 in
1346 1469 1500 1507 Evangeliis
1510 1473 1698 1499 continentur.

945 1513 988 1540 15.
1003 1514 1124 1549 Implevit
1135 1515 1162 1542 in
1178 1520 1298 1550 tempore
1313 1516 1464 1544 novissimo
1482 1524 1543 1552 quae
1560 1517 1594 1544 de
1612 1524 1697 1552 regno

910 1567 960 1586 suo
975 1560 1150 1594 promiserat.

946 1604 990 1632 16.
1005 1604 1043 1631 De
1058 1606 1184 1638 passione
1201 1613 1261 1639 sua,
1279 1614 1361 1642 quam
1384 1607 1510 1642 praedixit
1530 1607 1557 1634 in
1581 1609 1698 1644 singulis

873 1663 897 1695 ϐ
911 1650 1131 1686 generationibus
1146 1658 1194 1686 per
1209 1652 1367 1686 prophetas.

949 1696 991 1724 17.
1006 1695 1141 1729 Quoniam
1164 1696 1232 1724 dixit
1250 1697 1387 1725 Abraham
1406 1705 1416 1728 :
1435 1697 1493 1726 Erit
1513 1706 1606 1727 semen
1619 1703 1697 1728 tuum

911 1743 982 1770 sicut
996 1748 1070 1770 astra
1080 1743 1140 1770 εοειὶ
1156 1743 1337 1775 multitudine,
1354 1747 1381 1771 et
1395 1744 1455 1772 luce
1469 1744 1502 1770 ⁵³.

947 1787 990 1816 18.
1006 1787 1039 1815 Et
1051 1788 1128 1815 fidem
1145 1788 1232 1815 eidem
1247 1788 1346 1823 populo
1361 1789 1454 1824 gratim
1470 1788 1593 1826 [laetitiae]
1612 1799 1620 1824 ;
1635 1797 1696 1817 nam

908 1834 1094 1869 juramentum
1119 1834 1185 1862 ﬁdes
1207 1838 1257 1862 est.
1277 1833 1360 1860 Jacob
1384 1839 1473 1862 autem
1504 1835 1698 1871 interpretatur

910 1881 1009 1916 gratia.

946 1926 989 1953 19.
1005 1925 1038 1953 Et
1052 1925 1174 1961 implevit
1188 1925 1275 1960 ipsam
1302 1926 1554 1953 incommutabilem
1578 1927 1697 1961 promit-

910 1973 1014 2000 sionem
1028 1971 1090 1999 ﬁdei
1103 1972 1202 2007 populo
1213 1972 1349 2000 detinenti
1360 1972 1509 2000 novissima
1525 1971 1693 2001 Judteorum.

945 2061 990 2089 ΞΟ.
1009 2061 1042 2089 Et
1063 2061 1194 2096 apostolis
1218 2066 1245 2089 et
1270 2061 1373 2090 sanctis
1393 2061 1521 2089 omnibus
1541 2061 1696 2090 videntibus

909 2115 972 2136 eum
994 2108 1020 2135 in
1047 2108 1253 2135 similitudinem
1279 2108 1420 2135 hominum
1446 2111 1473 2136 et
1501 2108 1694 2136 conﬁtentibus

909 2162 971 2182 eum
985 2159 1015 2181 ut
1029 2154 1111 2181 Deum
1129 2155 1276 2182 secundum
1293 2154 1451 2187 essentiam,
1463 2154 1694 2189 quemadmodum

910 2199 996 2227 Israel
1007 2200 1095 2227 videns
1111 2199 1195 2226 Deum
1211 2200 1413 2234 interpretatur.

944 2248 987 2274 2|.
1004 2246 1100 2274 Diceus
1108 2247 1192 2273 choro
1202 2246 1385 2281 apostolorum
1395 2255 1403 2274 :
1413 2245 1496 2274 Vobis
1504 2246 1575 2274 dabo
1585 2254 1693 2274 omnem

910 2293 1040 2319 mundum
1052 2291 1184 2326 gentium.
1198 2290 1334 2317 C/tanaam
1344 2291 1416 2318 enim
1435 2291 1629 2326 interpretatur
1646 2293 1694 2319 ad-

67 2355 111 2372 ται
119 2344 302 2380 προσκυνῶν
313 2344 369 2378 τὴν
379 2343 416 2379 (5)
429 2343 566 2377 ἀνομίαν,
575 2341 643 2376 ὅπερ
654 2338 723 2376 ἦσαν
737 2339 770 2366 τὰ
781 2339 854 2375 ἔθνη.

934 2346 988 2364 'ans
1001 2337 1177 2372 iniquitatem,
1192 2337 1288 2371 quales
1304 2341 1381 2364 erant
1395 2341 1500 2372 gentes.

101 2392 147 2419 22.
175 2391 340 2426 Ἀπὲραντον
350 2389 450 2424 πλῆθος
469 2388 520 2424 τῆς
535 2385 717 2422 κληρονομίας
731 2385 820 2421 ὑμῶν.

103 2437 149 2464 25.
165 2434 256 2463 Ἦσαν
270 2436 324 2472 γὰρ
337 2434 452 2462 δώδεκα.

101 2479 147 2506 24.
173 2479 291 2511 Ὶδιώτας
302 2479 340 2514 τῷ
353 2479 434 2514 λόγῳ,
451 2478 498 2505 καὶ
512 2477 635 2512 πτωχοὺς
652 2476 681 2502 ἐν
695 2475 734 2511 τῷ
747 2476 854 2511 κόσμῳ.

102 2525 148 2552 25.
165 2525 356 2561 Κηρύσσοντες
367 2525 416 2560 τὴν
431 2523 567 2560 βασιλείαν
578 2522 624 2549 τοῦ
640 2521 709 2548 Θεοῦ
727 2521 777 2557 (6).

102 2571 148 2599 26.
164 2572 219 2598 Καὶ
234 2572 266 2597 ἐκ
274 2570 321 2597 τοῦ
335 2570 399 2597 λαοῦ
411 2570 465 2597 τῶν
484 2568 618 2596 Ἰουδαίων
631 2567 740 2603 διῆλθον
753 2566 857 2602 κηρύσ-

71 2625 162 2649 σοντες
178 2617 219 2648 εις
231 2616 267 2643 τὰ.
281 2616 355 2652 ἔθνη.

105 2685 127 2699 ’³
146 2683 214 2712 Gen.
228 2693 273 2716 xv,
288 2684 327 2717 5;
348 2692 403 2717 xw,
421 2683 465 2710 10.

943 2383 989 2410 22.
1003 2383 1137 2410 lnlinitam
1150 2382 1349 2409 multitudinem
1366 2382 1534 2410 haereditatis
1548 2386 1646 2411 vestr:

942 2430 986 2456 25.
1007 2430 1090 2456 liraut
1103 2429 1174 2456 enim
1186 2428 1341 2456 duodecim.

939 2475 983 2502 ιλιι.
999 2475 1130 2503 Sermone
1144 2475 1264 2510 imperiti
1279 2480 1306 2502 et
1320 2482 1454 2510 pauperes
1469 2475 1496 2502 in
1510 2474 1611 2501 mundo

939 2523 983 2549 25.
1000 2521 1183 2549 Praedicantes
1199 2528 1313 2556 regnum
1333 2520 1388 2548 Dei.

939 2567 984 2594 26.
999 2567 1033 2594 Ει
1058 2567 1091 2594 de
1110 2567 1212 2601 popqu
1237 2566 1395 2594 Judmorum
1420 2569 1638 2602 pertransterunt
1657 2564 1692 2592 ad

906 2612 1107 2648 praedicandum
1122 2612 1148 2638 in
1162 2612 1288 2647 gentibus

545 2728 697 2761 Addenda
716 2731 747 2759 et
764 2725 950 2765 corrigentis
965 2733 1005 2755 ex
1028 2723 1099 2754 cod.
1114 2723 1215 2754 Vatic.

118 2807 140 2850 1
155 2806 272 2850 χάριτρς
287 2815 344 2848 σον.

107 2841 142 2883 [2)
159 2841 285 2883 Ἐπὶ-τῆς
303 2843 356 2883 γῆς
367 2841 455 2883 ῶιέθη.
762 2872 767 2880 .

107 2877 143 2910 (3)
152 2878 237 2905 Αὑτου
251 2886 290 2912 τῳ
306 2878 362 2913 λαῳ
376 2886 424 2912 της
437 2877 556 2912 χάριτος,
566 2873 725 2909 εις-,Ἰσαὰκ
740 2873 780 2906 δε,
795 2875 850 2901 etc.

954 2799 981 2833 4)
996 2799 1042 2830 Εἰς
1054 2798 1131 2830 Θεόν,
1147 2802 1201 2826 etc.

943 2834 980 2869 (5)
999 2834 1059 2868 Τήν
1073 2834 1158 2860 deest.

943 2869 979 2906 (6)
992 2869 1059 2896 Θεοῦ
1074 2869 1112 2900 εἰς
1123 2867 1211 2895 πάντα
1227 2867 1262 2895 τὰ
1275 2867 1352 2905 ἔθνη.
