1910 3048
232 180 302 210 “05

269 240 303 266 TI
331 238 389 266 Non
402 237 509 273 reliquit
525 237 661 264 hominem
681 243 779 264 nocere
795 235 851 263 eis:

268 285 313 312 28.
327 284 360 311 Et
373 283 503 318 corripuit
516 290 564 318 pro
577 283 616 310 eis
631 289 718 317 reges.

268 330 312 358 29.
330 329 416 357 Nolite
431 333 538 363 tangere
556 328 674 355 christos
691 336 768 356 meos
779 349 787 356 .

269 375 313 402 50.
332 375 363 401 Et
379 374 405 401 in
419 373 557 408 prophetis
571 372 639 400 meis
654 373 738 400 nolite
752 372 909 408 malignari.

269 420 313 447 5L
331 420 363 447 Et
375 419 481 446 vocavit
498 418 597 446 famem
608 426 690 453 super
705 424 825 446 terram:

269 466 313 493 52.
330 465 415 493 Omne
430 466 630 492 ﬁrmamentum
642 464 721 499 panis
734 465 872 492 contrivit.

269 513 312 539 55.
330 512 400 539 Misit
411 516 474 538 ante
488 519 535 539 eos
552 511 640 538 virum
654 519 661 537 :

270 558 313 585 54.
329 557 358 585 In
368 565 474 585 servum
490 556 660 584 venundatus
674 561 716 584 est
726 555 836 592 Ioseph.

270 604 315 631 55.
330 603 546 630 Humiliaverunt
560 602 587 629 in
602 603 780 638 compedibus
798 602 878 637 pedes
893 602 971 638 ejus'

269 648 315 676 56.
331 648 444 676 Ferrum
460 649 617 683 pertransiit
631 649 750 676 animam
767 648 837 683 ejus.

270 694 314 721 57.
329 693 419 720 Donec
432 693 536 720 veniret
548 693 657 720 verbum
674 693 732 728 ejus
746 703 753 720 :

270 739 314 766 58.
332 739 475 773 Eloquium
490 738 596 765 Domini
610 738 785 765 inﬂammavit
800 745 874 764 eum;

270 785 314 812 59.
331 784 404 812 Misit
416 792 473 816 rex,
485 788 512 811 et
522 784 602 811 solvit
615 791 676 812 eum
689 792 696 809 :

270 831 313 858 40.
329 829 456 864 Princeps
473 830 562 864 populi
579 835 607 856 et
618 829 720 857 dimisit
734 837 805 857 eum.

269 876 314 903 ii.
330 875 477 903 Constituit
492 883 554 902 eum
570 874 714 902 Dominum
728 874 827 902 domus
841 881 909 906 suae,

269 922 315 948 ιε.
334 921 366 948 Et
381 921 530 956 principem
548 921 638 948 omnis
651 920 834 955 possessionis
849 927 915 947 sua.

270 967 312 995 L5.
332 966 366 995 Ut
379 967 498 995 erudiret
516 967 653 1002 principes
665 966 725 1001 ejus
741 967 813 994 sicut
827 966 1015 1000 semetipsum,

654 180 682 207 S.
703 178 885 206 ATHANASII
903 179 978 208 OPP.
999 180 1088 208 PARS
1106 180 1149 208 ιιι.
1170 178 1424 207 —EXEGETICA.

1777 178 1842 207 μοι

1027 242 1050 267 Α
1097 238 1141 264 27.
1158 238 1213 264 Οὐκ
1228 237 1332 272 ἀφῆκεν
1345 236 1487 271 ἄνθρωπον
1498 236 1624 272 ἀδικῆσαι
1639 235 1738 268 αὐτούς
1749 245 1756 252 ·

1098 283 1143 310 28.
1160 283 1214 309 Kal.
1227 282 1338 317 ἦλεγξεν
1349 282 1419 318 ὑπὲρ
1433 281 1522 309 αὐτῶν
1537 281 1668 317 βασιλεῖς.

1097 329 1143 355 29.
1160 329 1206 363 Mi;
1224 328 1341 356 ἅπτεσθε
1357 328 1411 355 τῶν
1428 328 1544 364 χριστῶν
1559 337 1609 363 μου
1621 337 1628 344 ε

1098 374 1142 402 50.
1160 374 1215 402 Kal.
1231 374 1261 401 ὲν
1273 375 1330 406 τοῖς
1345 374 1498 410 προφήταις
1512 382 1563 409 μου
1579 374 1616 409 μὴ
1630 374 1818 410 πονηρεύεσθε.

1099 418 1142 445 51.
1160 419 1215 446 Kal.
1231 419 1343 446 ἐκάλεσε
1355 419 1433 454 λιμὸν
1446 419 1492 445 ἐπὶ
1506 418 1555 454 τὴν
1569 419 1622 454 γῆν

1100 464 1144 491 52.
1160 465 1218 491 Πᾶν
1233 465 1371 500 στήριγμα
1386 465 1468 500 ἄρτου
1487 463 1658 500 συνέτριψεν.

1099 510 1142 537 53.
1163 510 1333 537 Ἀπέστειλεν
1349 510 1501 546 ἔμπροσθεν
1511 509 1600 537 αὐτῶν
1616 509 1760 545 ἄνθρωπον

1099 555 1142 582 54.
1159 556 1205 586 Εἰς
1222 555 1314 582 δοῦλον
1331 556 1436 592 ἐπράθη
1457 556 1567 591 Ἰωσήφ.

1100 601 1144 628 55.
1165 601 1364 627 Ὲταπείνωσαν
1378 602 1406 627 ὲν
1420 600 1513 632 πέδαις
1525 601 1587 632 τοὺς
1599 600 1683 632 πόδας
1695 599 1776 627 αὑτοῦ
1784 608 1791 615 ·

1099 646 1143 673 56.
1159 646 1269 682 Σίδηρον
1279 646 1386 682 διῆλθεν
1399 648 1415 682 ἡ
1430 647 1503 682 ψυχὴ
1514 647 1607 673 αὑτοῦ.

1098 691 1142 718 57.
1158 691 1244 726 Μέχρι
1260 691 1306 718 τοῦ
1321 691 1407 718 ἐλθεῖν
1421 692 1466 718 τὸν
1480 692 1558 726 λόγον
1571 691 1664 719 αὐτοῦ.

1098 737 1142 764 58.
1159 737 1196 763 Τὸ
1209 737 1296 771 λόγιον
1310 737 1411 773 Κυρίου
1426 737 1567 773 ὲπύρωσεν
1585 738 1676 764 αὐτόν.

1099 782 1143 809 59.
1163 782 1318 809 ’Δπέστειλε
1337 782 1472 818 βασιλεὺς,
1490 783 1537 809 καὶ
1553 783 1647 808 ἔλυσεν
1660 782 1759 809 αὐτόν·

1100 828 1143 855 ιο.
1162 830 1269 865 Ἄρχων
1284 829 1360 863 λαοῦ,
1377 829 1423 856 καὶ
1437 829 1544 864 ἀφῆκεν
1567 828 1658 856 αὐτόν.

1100 875 1143 902 ιι.
1159 876 1332 912 Κατέστησεν
1348 876 1428 903 αὑτὸν
1441 876 1542 911 Κύριον
1552 875 1597 902 τοῦ
1613 876 1686 901 οῐκου
1703 872 1792 906 aia-:03,

1098 921 1142 948 4‘2.
1156 922 1210 947 Kal.
1223 922 1342 957 ἄρχοντα
1361 922 1453 956 πάσης
1469 922 1517 956 τῆς
1530 921 1651 956 κτήσεως
1668 920 1760 947 αὑτοῦ.

1099 965 1144 992 45.
1161 965 1213 992 Τοῦ
1225 966 1367 993 παιδεῦσαι
1378 966 1440 997 τοὺς
1454 966 1586 1002 ἄρχοντας
1597 965 1679 992 αὑτοῦ
1690 965 1728 997 ὡς
1741 964 1839 995 ἑαυτὸν,

793 1034 985 1062 ATHANASII
1006 1033 1295 1064 lNTERPliETATlO.

270 1123 314 1151 27.
331 1121 390 1150 Non
401 1123 511 1159 reliquit
527 1123 681 1159 quempiam
698 1130 802 1156 eorum,
818 1122 865 1157 qui
883 1127 947 1150 tunc
962 1122 1013 1149 im-
1029 1123 1043 1151 Ε

1098 1118 1142 1146 27.
1160 1119 1216 1145 Οὐκ
1235 1118 1324 1154 ἀφιῆκέ
1341 1127 1402 1145 τινα
1420 1118 1474 1145 τῶν
1488 1118 1550 1144 τότε
1577 1116 1749 1152 κρατούντων
1764 1122 1839 1142 κατα-

234 1170 339 1205 perium
353 1169 521 1202 obtinebant,
539 1175 567 1197 ut
585 1170 723 1205 apostolos
739 1173 912 1204 superarent.

269 1215 312 1243 ΞΒ.
332 1214 464 1242 Herodem
478 1220 505 1242 et
521 1214 656 1243 Neronem
671 1214 820 1242 interfecit.

268 1261 314 1288 '29.
329 1261 484 1294 Apostolos.

269 1304 313 1331 50.
330 1305 412 1331 Erant
437 1304 510 1331 enim
535 1303 616 1331 iidem
635 1303 751 1338 apostoli
767 1304 849 1331 etiam
865 1298 1014 1338 prophetae,

236 1349 427 1377 annuntiantes
440 1357 500 1384 quae
513 1349 603 1376 futura
621 1354 685 1376 sunt
700 1349 726 1375 in
742 1356 825 1384 regno
836 1349 981 1377 caelorum.

270 1394 315 1421 51.
331 1393 359 1420 In
383 1393 552 1429 Synagogam
569 1394 658 1420 intulit
674 1401 727 1420 non
752 1392 850 1420 famem
867 1393 955 1428 panis,
970 1393 1016 1420 sed

236 1439 334 1466 famem
350 1439 476 1466 audiendi
493 1439 604 1466 verbum
620 1438 725 1465 Domini
737 1439 770 1464 “.

270 1484 314 1512 52.
329 1484 442 1512 Omnem
459 1492 554 1512 eorum
579 1484 743 1511 mundanam
768 1481 921 1512 doctrinam
943 1484 1018 1512 dedit

237 1531 265 1558 in
280 1530 470 1566 perditionem.

271 1577 315 1604 55.
332 1575 396 1602 Fuit
409 1576 485 1602 homo
496 1576 593 1603 missus
605 1584 622 1603 a
632 1575 695 1609 Deo,
705 1575 748 1602 cui
761 1583 853 1603 nomen
863 1581 920 1603 erat
934 1575 1018 1603 Joan-

237 1630 280 1649 nes
289 1621 324 1647 “.

271 1668 315 1695 54.
331 1666 484 1694 Humanum
499 1674 583 1702 genus
594 1667 732 1694 venditum
749 1671 807 1694 erat
818 1658 1017 1694 iniservitutem

1066 1164 1242 1191 δυναστεῦσαι
1258 1165 1312 1190 τῶν
1329 1163 1496 1190 ἀποστόλων.

1099 1211 1144 1237 28.
1170 1210 1292 1245 Ἠρὼδην
1305 1211 1352 1236 καὶ
1366 1209 1479 1245 Νέρωνα
1495 1208 1675 1236 ἐθανάτωσεν.

1099 1257 1144 1283 29.
1163 1256 1223 1283 Τῶν
1237 1255 1403 1282 ἀποστόλων.

1101 1301 1144 1328 50.
1157 1299 1246 1327 Ἦσαν
1263 1300 1317 1337 γὰρ
1336 1301 1360 1327 oi
1376 1301 1453 1327 αὐτοὶ
1472 1299 1614 1326 ἀπόστολοι
1629 1299 1677 1326 καὶ
1701 1298 1840 1336 προφῆται,

1066 1345 1188 1380 λέγοντες
1205 1345 1237 1372 τὰ
1253 1345 1383 1380 μέλλοντα
1397 1346 1425 1372 ὲν
1435 1346 1468 1380 τῇ
1481 1343 1605 1380 βασιλείᾳ
1616 1343 1672 1370 τῶν
1683 1342 1812 1378 οὐρανῶν.

1101 1392 1145 1419 51.
1166 1391 1210 1418 Ἐν
1228 1393 1262 1427 τῇ
1285 1393 1428 1426 συναγωγῇ
1457 1391 1572 1426 ήνεγκεν
1598 1391 1628 1417 οὑ
1653 1390 1733 1426 λιμὸν
1754 1390 1840 1425 ἄρτου,

1066 1437 1134 1464 ἀλλά
1148 1436 1225 1472 λιμὸν
1239 1436 1286 1463 τοῦ
1303 1436 1418 1464 ἀκοῦσαι
1432 1436 1508 1470 λόγον
1523 1436 1624 1472 Κυρίου
1642 1436 1692 1471 (1).

1101 1482 1144 1509 52.
1162 1483 1255 1508 Πᾶσαν
1271 1482 1359 1509 αὐτῶν
1383 1482 1431 1518 τὴν
1447 1482 1620 1509 διδασκαλίαν
1644 1482 1693 1517 τὴν
1717 1481 1841 1518 κοσμικὴν

1067 1529 1108 1561 είς
1120 1528 1272 1564 ἀφανισμὸν
1282 1528 1391 1555 ἔδωκεν.

1102 1575 1146 1602 55.
1173 1574 1303 1606 Ἐγένετο
1333 1574 1488 1608 ἅνθρωπος
1519 1573 1747 1608 ἀπεσταλμένος
1771 1572 1844 1607 παρὰ

1068 1619 1256 1654 Θεοῦνόνομα
1268 1618 1349 1652 αὐτῷ
1367 1618 1508 1653 Ἰωάννης

1102 1665 1146 1692 54.
1162 1665 1198 1691 Τὸ
1210 1665 1286 1699 γένος
1302 1665 1355 1691 τῶν
1374 1664 1524 1700 ἀνθρώπων
1547 1665 1588 1696 εἰς
1611 1663 1733 1691 δουλείαν
1754 1662 1787 1700 ἦν
1801 1672 1845 1690 πε-

236 1713 271 1740 ab
286 1713 371 1740 Adam
393 1713 428 1740 ob
451 1715 592 1747 peccatum
608 1720 614 1739 :
628 1719 690 1739 nam
712 1711 808 1754 Ioseph
824 1712 1018 1748 interpretatur

1090 1709 1206 1745 ραμένος
1229 1709 1267 1745 (2}
1287 1711 1319 1745 τῇ
1339 1709 1461 1745 ἁμαρτίᾳ
1482 1709 1537 1737 ἀπὸ
1553 1710 1600 1736 τοῦ
1619 1709 1722 1745 ’Δδάμσ
1741 1710 1843 1744 Ἰωσὴφ

237 1758 340 1785 addidi.

1068 1755 1122 1790 γὰρ
1141 1755 1318 1791 ἑρμηνεύεται
1335 1754 1516 1789 προσέθηκα.

272 1805 316 1831 55.
334 1803 502 1831 Domuerunt
516 1803 676 1831 adversariae
693 1808 842 1839 potestates
863 1811 948 1839 genus
966 1786 1043 1831 hu-c

1104 1786 1147 1826 55.
1157 1786 1162 1791 Ι
1173 1786 1325 1834 ίεδάμασαν
1344 1786 1465 1826 ἐναντίαι
1478 1800 1516 1835 (5)
1530 1799 1657 1834 δυνάμεις
1671 1799 1702 1825 τὸ
1711 1800 1788 1833 γένος
1796 1799 1844 1825 τῶν

237 1858 346 1878 manum
361 1855 480 1885 peccato.

272 1895 315 1922 56.
342 1894 371 1921 ln
396 1899 510 1922 mortem
526 1894 621 1922 incidit
645 1895 735 1921 anima
759 1894 880 1921 universi
906 1894 1018 1922 humani

237 1940 355 1975 generis.

272 1985 317 2012 57.
329 1985 419 2014 Donec
432 1985 506 2013 venit
521 1985 675 2021 unigenitus
686 1984 770 2012 Filius
782 1985 837 2012 Dei.

272 2031 316 2059 58.
333 2030 460 2059 Doctrina
475 2037 502 2059 et
511 2030 644 2059 adventus
657 2030 764 2058 Domini
775 2030 916 2057 mundavit
932 2037 1018 2065 genus

239 2077 398 2104 humanum.

271 2121 315 2150 59.
330 2121 410 2150 Pater
425 2122 523 2150 Filium
538 2122 624 2155 misit,
639 2126 667 2149 et
680 2121 762 2149 solvit
777 2125 865 2149 totum
884 2121 1016 2148 mundum

237 2175 252 2194 a
264 2169 379 2202 peccatis
392 2168 456 2195 suis.

271 2212 313 2240 40.
333 2212 445 2241 Liberos
458 2213 532 2241 ipsos
550 2213 639 2241 eifecit
660 2220 676 2240 a
697 2213 883 2240 dominatione
901 2213 1014 2248 peccati.

274 2302 316 2329 Η.
334 2301 413 2330 Pater
429 2303 525 2330 Filium
539 2311 619 2330 suum
633 2302 783 2330 declaravit
802 2303 944 2330 Dominum
957 2310 1017 2330 om—

237 2346 313 2374 nium
328 2352 494 2380 sanctorum,
510 2352 537 2375 et
556 2348 642 2375 dixit:
660 2347 712 2374 Hic
723 2353 762 2375 est
783 2347 871 2375 Filius
891 2356 961 2375 meus
976 2349 1017 2375 di-

238 2394 329 2427 lectus,
346 2394 432 2428 ipsum
444 2393 544 2420 audite.

1068 1844 1219 1880 ἀνθρώπων
1231 1846 1264 1880 τῇ
1282 1845 1414 1881 ἁμαρτίᾳ.

1103 1890 1147 1917 56.
1166 1890 1212 1922 Εἰς
1228 1890 1341 1917 θάνατον
1358 1890 1492 1918 ἐπέπεσεν
1510 1891 1549 1926 (4)
1566 1892 1582 1927 ἡ
1602 1891 1675 1927 ψυχὴ
1691 1891 1790 1924 παντὸς
1801 1890 1844 1917 τοῦ

1067 1936 1161 1970 γένους
1176 1936 1229 1962 τῶν
1243 1935 1404 1972 ἀνθρώπων.

1102 1982 1146 2009 57.
1157 1982 1228 2014 Ἕως
1240 1979 1270 2010 οὗ
1285 1980 1365 2018 ἦλθεν
1380 1983 1395 2008 ὁ
1412 1982 1557 2018 μονογενὴς
1569 1983 1633 2014 Υῑδς
1645 1982 1693 2009 τοῦ
1708 1983 1786 2010 Θεοῦ.

1102 2029 1146 2056 58.
1168 2029 1200 2055 Ἦ
1212 2028 1304 2064 διδαχὴ
1320 2028 1366 2054 καὶ
1379 2029 1395 2063 ἡ
1412 2028 1547 2064 παρουσία
1563 2029 1610 2055 τοῦ
1628 2029 1732 2064 Κυρίου
1751 2027 1840 2056 ἐκαθά-

1069 2081 1126 2110 ρισε
1138 2073 1168 2100 τὸ
1183 2074 1261 2108 γένος
1272 2073 1326 2100 τῶν
1338 2073 1497 2109 ἀνθρώπων.

1101 2120 1146 2148 59.
1167 2120 1195 2146 '0
1206 2119 1300 2156 Πατὴρ
1312 2119 1357 2146 τὸν
1368 2120 1432 2146 Υἰδν
1441 2120 1594 2152 ἀπέστειλε,
1612 2121 1658 2147 καὶ
1669 2120 1750 2147 ἔλυσε
1763 2121 1840 2148 πάντα

1067 2166 1111 2193 τὸν
1123 2166 1224 2202 κόσμον
1236 2166 1291 2192 ἀπὺ
1302 2166 1356 2192 τῶν
1368 2165 1509 2201 ἁμαρτιῶν
1529 2166 1629 2193 αὐτῶν.

1101 2211 1146 2240 40.
1174 2211 1347 2248 Ἐλευθέρους
1373 2212 1472 2243 αὐτοὺς
1495 2211 1630 2246 πεποίηκε
1657 2211 1704 2238 τοῦ
1725 2211 1838 2247 κυριεύε-

1068 2256 1129 2284 σθαι
1146 2257 1185 2293 (5)
1200 2257 1253 2284 ὑπὸ
1265 2257 1316 2292 τῆς
1326 2257 1483 2292 ἀμαρτίας.1

1100 2302 1145 2332 41,
1165 2303 1194 2329 '0
1209 2303 1303 2339 Πατὴρ
1316 2303 1433 2336 ἀνέδειξε
1445 2303 1490 2329 τὸν
1503 2302 1567 2329 Υίὸν
1577 2302 1659 2330 αὐτοῦ
1671 2302 1774 2338 Κύριον
1783 2302 1838 2329 πὰν-

1065 2356 1120 2375 των
1129 2347 1182 2375 τῶν
1203 2348 1298 2382 ἁγίων,
1321 2349 1368 2376 κάι
1386 2349 1511 2384 εἴρηκεν,
1535 2349 1572 2381 ὡς
1591 2348 1686 2382 Οὗτός
1703 2349 1741 2383 (6)
1764 2349 1839 2376 ἐστιν

1067 2395 1083 2420 ὀ
1100 2394 1166 2427 Υἱός
1179 2403 1238 2429 μου
1251 2396 1268 2422 ό
1279 2395 1440 2430 ἀγαπητὸς,
1452 2395 1545 2423 αὑτοῦ
1557 2396 1691 2423 ἀκούετε.

271 2440 314 2468 42.
332 2439 484 2473 Principem
498 2443 526 2466 et
537 2438 739 2466 Dominatorem
758 2438 849 2465 omnis
866 2438 948 2467 simul
958 2447 1015 2467 C(e-
1031 2450 1043 2479 ι

1101 2439 1146 2467 42.
1164 2440 1297 2475 ’Ἄρχοντα
1327 2441 1373 2467 καὶ
1397 2439 1570 2476 ὲξουσιαστὴν
1595 2441 1685 2476 πάσης
1710 2439 1776 2475 ὁμοῦ
1796 2439 1836 2473 τῆς

240 2486 311 2515 lestis
323 2490 349 2513 et
361 2484 509 2517 terrestris,
520 2489 547 2512 et
564 2483 677 2512 inferna:
693 2488 834 2512 creaturae.

269 2573 313 2601 45.
330 2571 475 2608 Apostolo;
483 2571 551 2606 ejus.

269 2633 292 2649 ⁸⁸
310 2633 394 2660 Amos
407 2638 469 2663 Vill,
487 2629 531 2657 ﬂ.
573 2629 597 2646 ³⁵
610 2627 690 2656 Joan.
708 2637 727 2662 ι,
741 2628 770 2656 6.

1068 2485 1239 2520 ἐπουρανίου,
1253 2486 1298 2512 καὶ
1318 2486 1456 2520 ἐπιγείων,
1478 2486 1524 2513 καὶ
1537 2486 1719 2522 καταχθονίων
1736 2486 1772 2521 (7)
1786 2483 1836 2512 κτί-

1071 2538 1150 2557 σεως.
1390 2532 1396 2539 '

1099 2538 1144 2603 ἓ
1163 2575 1231 2607 Τοὺς
1248 2575 1411 2607 ἀποστόλους
1423 2575 1516 2603 αὐτοῦ.

703 2676 858 2709 Addenda
876 2679 908 2709 ei
922 2677 1110 2719 carrigenda
1132 2686 1173 2710 ex
1186 2678 1257 2710 cod.
1274 2679 1363 2711 Vatic

268 2763 306 2798 (l)
316 2762 395 2790 Θεοῦ.

268 2799 305 2833 (2)
321 2795 508 2833 Πεπραμένον,
521 2799 586 2827 elc..
599 2793 778 2830 προσέθηκεν.

279 2831 306 2859 5l
318 2833 351 2858 Δί
367 2831 497 2858 ἐναντίαι.

268 2799 295 2833 (2
321 2799 508 2833 Πεπραμενον,
521 2799 586 2827 etc.,
599 2799 700 2830 προσευ

279 2833 296 2859 5
318 2833 351 2858 Δί
367 2831 497 2858 ἐναντίαι.

266 2799 306 2904 (Δί
321 2866 480 2900 ’Υηιιιιτςσενν
489 2870 540 2894 etc.
553 2864 606 2892 Τοῦ
617 2864 700 2893 deest.

1113 2758 1139 2796 5)
1154 2760 1206 2787 Τοῦ
1215 2795 1218 2796 ν
1226 2761 1264 2796 μὴ
1278 2760 1463 2796 κυριεύεσθαι.

1114 2791 1141 2831 6)
1160 2791 1365 2829 ’Δγίώνάὺτοῦ.
1380 2795 1497 2831 εἰρηκώς
1511 2803 1518 2811 ”
1533 2791 1628 2827 Οὗτος,
1644 2802 1698 2825 etc.

1104 2799 1131 2829 (6
1160 2799 1257 2829 ’Λγιων
1272 2799 1365 2825 αὑτοῦ.
1380 2799 1497 2831 εἰρηκώς
1511 2803 1518 2811 ”
1533 2799 1628 2827 Οὑτος,

1104 2799 1142 2866 (τί
1164 2831 1311 2865 Ἐπιγείου,
1324 2831 1370 2858 καὶ
1381 2831 1570 2866 καταχθονίου,
1583 2835 1636 2859 etc.
