1881 3053
50 118 111 147 “05
483 118 527 146 DE
547 118 685 148 TlTULlS
703 121 930 151 PSALMORUM.
950 137 984 143 -—
1005 121 1103 150 PSAL.
1118 122 1186 150 CIV.
1593 124 1659 153 HM

78 175 119 203 Η.
137 175 190 202 Καὶ
204 175 268 207 τοὺς
282 175 484 212 πρεσϐυτέρους
499 177 582 204 αὐτοῦ
600 178 719 212 σοφίσαι.

839 181 864 210 Λ
911 180 957 207 44.
976 180 1009 207 Ει
1020 188 1101 208 senes
1117 179 1177 215 ejus
1195 179 1365 215 prudentiam
1381 179 1499 209 doceret.

78 221 119 248 ιδ.
136 220 188 247 Καὶ
202 221 328 256 εἰσῆλθεν
351 222 461 258 Ἰσραὴλ
477 223 516 254 εἰς
531 222 668 257 Αἴγυπτον
678 231 685 239 ο

912 227 956 254 45.
974 227 1008 254 Et
1022 226 1134 253 intravit
1148 225 1231 254 Israel
1247 226 1273 253 in
1285 225 1431 262 Egyptum
1446 235 1452 254 :

79 266 119 294 46.
135 267 188 294 Καὶ
206 267 305 294 Ἰακὼὸ
322 267 487 304 παρῴκησεν
503 269 531 295 ὲν
546 270 581 304 γῇ
597 268 672 305 Χάμ.

912 273 956 300 66.
972 272 1005 300 Et
1018 272 1103 300 Iacob
1118 272 1211 300 accola
1227 271 1279 299 fuit
1292 274 1320 299 ln
1335 277 1406 300 terra
1420 272 1516 300 Cham.

79 312 119 338 67.
135 312 187 339 Καὶ
203 312 306 348 ηὔξησε
318 313 364 340 τὸν
380 314 444 341 λαὸν
455 314 538 341 αὑτοῦ
556 315 672 350 σφόδρα·

911 319 955 346 47.
971 319 1004 346 Et
1021 319 1097 346 auxit
1113 319 1241 354 populum
1259 326 1339 346 suum
1357 319 1530 346 vehementer
1544 328 1550 346 :

80 357 119 385 IS.
132 358 184 384 Καὶ
199 359 385 395 ὲκραταίωσεν
402 359 482 387 αὑτὸν
497 361 566 396 ὑπὲρ
578 361 640 392 τοὺς
654 359 767 396 ἐχθροὺς
778 361 822 387 αὺ-

797 361 825 386 ὺ-
911 364 956 391 48.
972 364 1006 392 Et
1018 364 1137 391 ﬁrmavit
1151 371 1214 391 eum
1231 371 1312 399 super
1325 364 1453 392 inimicos
1468 364 1537 399 ejus.

53 412 101 430 του.

82 449 119 476 49.
135 449 310 490 Μετέστρεψε
331 451 381 486 τὴν
406 450 518 487 καρδίαν
540 451 623 479 αὐτοῦ
639 452 686 479 τοῦ
712 454 824 490 μισῆσαι

911 450 954 478 49.
970 450 1110 478 Convertit
1122 458 1170 478 cor
1185 450 1244 486 ejus
1258 456 1287 479 ut
1299 450 1388 479 odiret
1401 452 1531 486 populum
1545 451 1605 488 ejus
1617 461 1625 480 :

53 495 90 521 τδν
100 494 159 521 λαὸν
171 494 253 521 αὑτοῦ
261 503 270 510 ·

81 539 119 568 50.
135 540 186 567 Τοῦ
205 540 357 568 ὣλιοῦσθαι
374 541 404 568 ὲν
418 544 474 574 τοῖς
488 542 590 574 δούλοις
607 542 699 570 αὑτοῦ.

909 540 954 568 50.
974 540 1006 568 Et
1019 540 1112 568 dolum
1127 539 1229 568 faceret
1245 540 1271 567 in
1284 547 1377 567 servos
1391 540 1460 575 ejus.

81 585 119 613 5L
138 585 327 618 Ἐξαπέστειλε
344 587 464 622 Μωῡσῆν
477 588 522 614 τὸν
538 587 629 614 δοῦλον
641 587 734 620 αὐτοῦ,

650 587 734 620 ιύτοῦ,
908 585 953 613 51.
971 585 1046 613 Misit
1056 584 1167 621 Moysen
1180 592 1288 612 servum
1303 592 1392 618 suum,

81 630 118 658 52.
135 630 247 666 Ἀαρὼν,
268 631 297 658 ὄν
313 631 455 665 ἐξελέξατο
468 632 565 668 ἑαυτῷ.

909 629 953 658 5‘2.
968 630 1070 663 Aaron,
1085 637 1166 665 quem
1181 629 1263 665 elegit
1277 629 1336 657 sibi.

82 675 119 703 55.
135 676 230 702 Ἔθετο
240 677 270 702 ἐν
286 677 376 709 αὐτοῖς
385 677 449 709 τοὺς
459 677 555 712 λόγους
573 677 627 704 τῶν
644 677 764 714 σημείων
775 678 823 704 αὐ-

799 678 823 704 3-
908 675 953 703 55.
968 675 1064 704 Posuit
1074 675 1101 703 in
1116 676 1157 704 eis
1167 675 1249 703 verba
1263 675 1403 710 signorum
1417 682 1541 707 suorum,

50 730 99 754 του,

80 767 117 794 54.
131 767 185 794 Καὶ
196 767 252 804 τῶν
266 767 387 803 τεράτων
400 767 481 794 αὐτοῦ
495 768 524 794 ἐν
537 769 572 804 γῇ
587 769 661 804 Χάμ.

905 766 951 794 54.
966 765 1000 794 Ει
1014 764 1203 801 prodigiorum
1215 772 1328 793 suorum
1347 765 1374 792 in
1386 770 1458 792 terra
1472 765 1567 793 Cham.

79 812 117 839 55.
135 803 325 845 Ἑξαῖτέστειλε
341 812 436 844 σκότος
451 813 498 839 καὶ
515 803 677 840 ὲσχότασεν·

669 821 677 829 ·
906 812 951 840 55.
968 811 1041 839 Misit
1055 811 1181 839 tenebras
1195 816 1223 838 et
1235 811 1394 839 obscuravit
1406 821 1411 838 :

79 856 119 884 56.
133 857 192 884 Ὅτι
205 857 414 892 παρεπίκραναν
428 858 492 889 τοὺς
512 858 607 892 λόγους
623 858 716 885 αὑτοῦ.

837 853 859 881 Β
908 858 953 886 56.
968 857 1038 891 Quia
1052 857 1286 885 exacerbaverunt
1297 865 1439 886 sermones
1456 865 1539 885 suos:

79 903 118 930 57.
130 903 305 939 Μετέστρεψε
318 903 352 930 τὰ
366 903 451 931 ὕδατα.
465 904 554 930 αὐτῶν
567 905 606 936 εἰς
620 902 689 940 αἷμα
698 912 705 919 ⁸

908 903 951 931 57.
970 903 1110 931 Convertit
1127 910 1214 938 aquas
1228 910 1322 930 eorum
1338 904 1366 930 in
1382 903 1542 939 sanguinem
1555 910 1562 930 :

79 949 118 977 58.
133 950 187 977 Καὶ
201 949 345 977 ἀπέκτεινε
355 949 419 981 τοὺς
434 950 528 985 ἰχθύας
544 950 644 978 αὐτῶν.

592 950 644 978 τῶν.
908 949 952 977 58.
969 949 1003 976 Ει
1015 949 1115 976 occidit
1125 948 1214 984 pisces
1229 956 1334 976 eorum.

79 995 116 1023 59.
137 995 275 1030 Ἐξεῖρψεν
291 996 308 1031 ἡ
325 995 360 1030 γῆ
375 995 465 1022 αὐτῶν
482 995 635 1031 βατράχους

606 1004 635 1028 υς
907 995 951 1022 59.
968 995 1060 1022 Edidit
1072 1000 1144 1022 terra
1158 1002 1253 1022 eorum
1269 1002 1348 1022 ranas

78 1041 117 1070 60.
136 1042 179 1069 Ἐν
191 1043 248 1073 τοῖς
262 1041 397 1075 ταμιείοις
410 1040 464 1067 τῶν
480 1041 612 1077 βασιλέων
628 1041 728 1068 αὐτῶν.

706 1050 728 1068 v.
905 1041 949 1068 60.
965 1040 995 1068 In
1005 1040 1191 1076 penetralibus
1205 1048 1300 1075 regum
1313 1041 1448 1076 ipsorum:

598 1109 784 1138 ATHANASH
807 1108 1100 1137 INTERPRETATIO.

78 1189 117 1219 ιι.
131 1191 184 1219 Καὶ
200 1191 366 1223 ἐπισκόπους
385 1191 432 1218 καὶ
453 1179 655 1227 πρεσόυτέρους
673 1191 702 1217 ἐν
723 1189 817 1225 πλήθει

914 1189 948 1217 Μ.
967 1189 999 1217 Et
1019 1189 1162 1225 episcopos
1184 1193 1211 1217 et
1235 1189 1408 1225 presbyteros
1433 1188 1460 1216 in
1489 1188 1656 1219 plenitudine

45 1238 88 1274 τῆς
103 1238 138 1274 (l)
152 1238 263 1274 χάριτος
278 1237 372 1265 αὐτοῦ.

302 1237 372 1264 ῐιτοῦ.
868 1235 963 1270 gratim
976 1241 1044 1262 suae.

75 1284 116 1311 ιε.
136 1284 164 1311 '0
175 1283 255 1319 χορὸς
269 1283 323 1309 τῶν
335 1282 490 1310 ἀποστόλων
505 1283 629 1318 εἰσῆλθεν
642 1283 670 1310 ὲν
684 1284 717 1319 τῇ
730 1282 817 1318 θλίψει

915 1280 945 1307 l5.
962 1280 1068 1308 Chorus
1084 1280 1273 1316 apostolorum
1286 1280 1428 1316 ingressus
1442 1284 1484 1308 est
1497 1280 1526 1307 in
1542 1280 1657 1307 tribula-

45 1329 86 1356 τοῦ
101 1329 211 1364 κόσμου.
235 1329 357 1363 Ἰσραὴλ
375 1328 429 1364 γὰρ
454 1329 634 1364 ἑρμηνεύεται
655 1328 729 1362 νοῦς
741 1328 787 1363 ὀρό

913 1334 970 1354 nem
978 1326 1084 1354 mundi.
1095 1326 1183 1354 Israel
1193 1327 1266 1354 enim
1280 1327 1475 1362 interpretatur
1487 1335 1558 1353 mena
1567 1327 1655 1355 videns

45 1375 91 1402 τὸν
105 1375 185 1408 Θεὸν,
203 1375 272 1410 ὅπερ
286 1372 356 1410 ἦσαν
367 1375 392 1402 οἱ
408 1374 561 1402 ἀπόστολοι.
576 1375 725 1410 Αἴγυπτος
735 1375 763 1402 δὲ
775 1375 787 1402 ὲ

914 1380 964 1405 um,
978 1372 1073 1408 quales
1084 1377 1164 1400 erant
1184 1373 1311 1409 apostoli.
1326 1372 1457 1410 (Egypzus
1470 1377 1560 1401 autern
1575 1373 1656 1404 inter-

45 1420 179 1455 μηνεὺεται
191 1422 303 1455 θλίψις.

838 1416 845 1417 “
868 1420 991 1452 pretatur
1009 1416 1159 1444 tribulatio.

73 1466 113 1494 ιθ.
135 1467 164 1494 ’0
180 1467 245 1499 Υίδς
258 1466 306 1494 τοῦ
320 1466 387 1494 Θεοῦ
401 1467 567 1503 παρῴκησεν
582 1467 612 1494 ὲν
622 1466 660 1503 τῷ
678 1467 783 1503 κόσμῳ.

697 1467 783 1503 όσμῳ,
903 1462 947 1490 46.
965 1462 1052 1490 Filius
1068 1462 1117 1490 Dei
1131 1463 1267 1490 habitavit
1281 1463 1309 1490 in
1327 1463 1439 1491 mundo.

75 1513 114 1540 57.
127 1514 182 1540 Kal.
195 1514 343 1550 κατήρτισε
353 1514 416 1546 τοὺς
427 1514 521 1548 ἁγίους
541 1513 635 1542 αὐτοῦ.

596 1513 635 1542 οὗ.
903 1508 947 1536 47.
964 1508 998 1535 Et
1012 1509 1126 1544 perfecit
1139 1513 1249 1537 sanctos
1262 1516 1338 1536 suos.

75 1558 113 1585 ιθ.
137 1559 277 1594 Ἑνίσχυσε
291 1560 355 1592 τοὺς
371 1559 465 1594 ἁγίους
480 1559 551 1596 ὑπὲρ
566 1559 614 1590 τὰς
632 1559 754 1592 ἐναντίας
772 1560 817 1587 δυ-

917 1555 949 1582 μ8.
966 1555 1162 1584 Corroboravit
1176 1559 1288 1584 sanctos
1301 1563 1383 1591 super
1398 1555 1571 1586 adversariae
1585 1560 1659 1592 pote-

45 1604 138 1632 νάιιεκ.

869 1605 962 1629 states.

72 1613 310 1686 ἕίςέΔπεστράφη
324 1648 355 1677 τὸ
377 1649 453 1682 ἔθνος
472 1649 526 1677 τῶν
547 1649 680 1677 Ἰουδαίων
703 1649 748 1677 διὰ
769 1649 814 1686 τὴν

914 1613 963 1629 ωδ.

914 1647 947 1674 l9.
964 1646 1113 1675 Aversatus
1124 1651 1167 1675 est
1178 1652 1286 1683 gentem
1294 1646 1450 1676 Judatorum
1463 1651 1573 1686 propter
1580 1655 1656 1674 suam

44 1695 161 1723 ἀπιστίαν
176 1695 276 1724 αὐτῶν.

869 1693 1068 1721 infidelitatem.

74 1742 115 1769 50.
138 1742 248 1778 Ἐπειδὴ
265 1741 449 1769 ὲδολιεύσαντο
460 1740 529 1768 κατὰ
541 1741 595 1768 τῶν
608 1739 753 1777 προφητῶν
771 1740 816 1767 αὑ-

914 1738 948 1766 ἰΟ.
975 1738 1110 1772 Quoniam
1133 1737 1210 1766 dolos
1245 1737 1370 1766 fecerunt
1395 1743 1489 1767 contra
1511 1739 1656 1774 prophetas

44 1787 93 1814 τοῦ.

870 1791 946 1815 SUOS.

74 1833 113 1860 δι.
138 1832 327 1865 Έξαπέστειλε
354 1832 400 1860 τδν
437 1832 515 1868 χορὸν
550 1832 604 1860 τῶν
639 1832 736 1861 ἀλιέων
768 1819 816 1867 (2).

914 1829 949 1857 il.
968 1828 1041 1856 Misit
1051 1829 1165 1856 chorum
1175 1829 1353 1870 piscatorum.
1369 1828 1473 1865 Moyses
1487 1830 1559 1857 enim
1573 1829 1656 1857 inter-

44 1877 164 1911 Μωῠσῆς
178 1877 231 1913 γὰρ
247 1876 426 1912 ἑρμηνεύεται
449 1877 602 1911 ἀναίρεσις
623 1876 673 1912 ἀφ’
699 1876 786 1904 ὕδατί

915 1880 991 1903 :tatur
1004 1876 1149 1910 assumptio
1163 1876 1195 1902 ab
1207 1884 1284 1911 aqua.
1299 1875 1320 1902 E
1331 1884 1406 1904 mare
1419 1877 1551 1912 siquidem
1565 1881 1657 1904 sustu—

48 1922 105 1950 Ἀπὸ
119 1923 174 1959 γὰρ
187 1923 237 1958 τῆς
250 1923 386 1958 θαλάσσης
407 1923 527 1950 ἀνείλετο
548 1923 611 1955 τοὺς
633 1922 790 1954 ἀποστόλους

690 1922 799 1954 στόλους
811 1931 818 1938 -
869 1923 901 1955 ljt
915 1921 1053 1957 apostolos
1067 1930 1074 1948 :
1091 1926 1170 1949 erant
1186 1922 1257 1950 enim
1270 1922 1429 1958 piscatores.

44 1965 100 2001 ἦσαν
112 1968 169 2004 γὰρ
180 1969 275 2000 ἁλιεῖς.

72 2013 111 2040 52.
137 2013 251 2047 Ἀαρὼν
279 2013 459 2048 ἑρμηνεύεται
486 2013 555 2047 ὄρος
580 2013 749 2048 δυνάμενος
770 2013 814 2048 (5),

916 2011 951 2038 i2.
964 2011 1055 2038 Aaron
1074 2010 1269 2046 interpretatur
1284 2019 1358 2037 mons
1384 2011 1499 2044 virtutis,
1514 2011 1602 2046 qualis
1616 2014 1658 2038 est

44 2058 101 2096 ὅπερ
115 2060 192 2087 ἐστὶν
204 2060 221 2095 ή
239 2060 386 2096 Ἐκκλησία
400 2059 453 2087 τῶν
469 2059 582 2093 πιστῶν,
598 2059 631 2095 ἢν
658 2068 784 2096 περιεποι

915 2057 992 2085 clesia
1020 2057 1151 2091 ﬁdelium,
1168 2063 1249 2092 quam
1275 2057 1443 2092 comparavit
1459 2056 1510 2084 sibi
1527 2057 1657 2092 sanguine

45 2113 100 2133 σατο
109 2106 155 2133 διὰ
164 2105 212 2132 τοῦ
228 2106 293 2132 ἰδίου
306 2106 431 2141 αἵματος.
869 2111 930 2131 suo.

73 2151 112 2180 53.
128 2152 169 2179 Τὰ
185 2152 387 2188 προστάγματα
400 2152 483 2179 αὐτοῦ
497 2151 572 2179 ἔθετο
581 2152 610 2178 ἐν
629 2151 668 2187 τῷ
683 2151 748 2187 λαῷ.

695 2151 748 2187 .αῷ.
904 2149 951 2181 55,
965 2148 1102 2183 Praecepta
1117 2155 1166 2178 sua
1182 2147 1272 2182 posuit
1289 2148 1316 2176 in
1330 2148 1437 2182 populo.

75 2197 113 2226 54.
130 2199 188 2225 Καὶ
202 2198 259 2225 τῶν
275 2198 445 2234 παθημάτων
464 2198 546 2225 αὐτοῦ
561 2218 568 2230 ,
590 2194 627 2225 ὧν
642 2198 770 2234 ὑπέμεινε
787 2199 817 2234 τῇ

915 2195 948 2222 ςι.
970 2193 1002 2221 Et
1013 2195 1171 2229 passionum
1183 2201 1308 2226 suarum,
1318 2201 1387 2228 quas
1395 2198 1542 2228 passusest
1552 2193 1578 2221 in
1590 2201 1657 2221 con-

47 2242 78 2278 (4)
98 2246 242 2280 συναγωγῇ
266 2245 320 2271 τῶν
344 2244 486 2281 τολμηρῶν
502 2244 663 2280 ἀνθρώπων.
685 2241 748 2280 Χὶὶμ
766 2252 789 2279 γι

918 2239 1026 2275 gatione
1042 2239 1186 2270 audacium
1204 2240 1358 2269 hominum.
1377 2239 1461 2267 Cham
1475 2240 1548 2268 enim
1568 2241 1658 2268 audax

47 2291 183 2326 τολμηρὸς
200 2290 391 2327 ἑρμηνεύεται.

328 2299 391 2318 arat.
870 2287 1070 2322 interpretatur.

75 2334 114 2363 55.
133 2336 179 2363 Ἐν
190 2337 224 2372 τῇ
246 2337 389 2371 συναγωγῇ
403 2335 492 2366 αὐτῶν
508 2335 552 2364 διὰ
565 2335 754 2373 τηνξάπιστίαν
770 2335 817 2364 αὑ-

915 2333 949 2360 ῑῖι.
963 2332 993 2360 In
1007 2331 1247 2368 congregationem
1262 2340 1357 2360 eorum
1375 2336 1485 2368 propter
1501 2339 1597 2360 eorum
1614 2332 1657 2359 in-

47 2379 100 2407 τῶν.

869 2380 1040 2408 ﬁdelitatem.

77 2424 115 2452 56.
131 2426 195 2454 Ὀτι
211 2426 262 2453 οὐκ
278 2425 414 2460 ἐφύλαξαν
424 2426 458 2459 τὰ
469 2425 668 2461 προστάγματα
683 2425 777 2453 αὐτοῦ.

905 2425 950 2454 56.
965 2425 1033 2459 Quia
1047 2431 1101 2452 non
1118 2423 1327 2452 custodiverunt
1338 2424 1398 2459 ejus
1413 2429 1557 2460 praecepta.

77 2469 115 2498 57.
137 2471 276 2506 ’Δφείλετο
288 2471 378 2498 αὐτῶν
389 2472 439 2507 τὴν
462 2471 553 2507 χάριν,
568 2471 613 2498 καὶ
633 2471 707 2498 εἴασε
723 2471 819 2503 αὐτοὺς

915 2472 950 2499 ῑῚ.
965 2470 1133 2500 Abstuliteis
1142 2470 1271 2505 gratiam,
1292 2474 1321 2499 et
1343 2471 1468 2506 permisit
1487 2478 1535 2499 cos
1556 2469 1657 2498 servire

50 2512 171 2544 δουλεύειν
185 2518 219 2552 τῇ
234 2517 364 2553 ἁμαρτίᾳ.
500 2530 506 2536 -

248 2517 364 2553 ιμαρτίᾳ.
500 2530 506 2536 -
868 2522 990 2553 peccato.

78 2560 116 2588 58.
129 2563 185 2595 Τὰς
197 2553 285 2599 duxti;
295 2563 385 2590 αὐτῶν
399 2562 449 2595 τὰς
464 2563 493 2590 ὲν
505 2563 599 2599 κόσμῳ
608 2563 646 2599 (5)
659 2562 820 2599 νηχομένας.

755 2562 820 2594 ἕνας.
904 2562 949 2590 58.
963 2562 1076 2590 Animas
1089 2569 1183 2590 eorum
1199 2561 1227 2589 in
1243 2561 1346 2590 mundo
1361 2566 1497 2591 natantes.

79 2606 117 2635 59.
133 2610 166 2636 Δί
176 2609 285 2644 καρδίαι
299 2609 389 2636 αὐτῶν
397 2609 447 2642 τὰς
457 2609 603 2644 ἐπιθυμίας
610 2610 663 2636 τῶν
675 2609 820 2645 δαιμόνων.

904 2609 948 2637 59.
959 2608 1054 2649 .Corda
1066 2615 1162 2636 eorum
1176 2607 1414 2643 concupiscentia:
1428 2608 1593 2636 daemonum.

78 2651 117 2681 60.
135 2654 180 2681 ‘Ev
195 2656 256 2686 ταῖς
270 2654 400 2687 διανοίαις
413 2655 467 2682 τῶν
482 2655 620 2691 ἀρχόντων
631 2654 731 2682 αὐτῶν.

702 2663 731 2682 ιν.
905 2654 949 2682 60.
967 2654 996 2682 ln
1013 2654 1152 2682 mentibus
1167 2654 1320 2689 principum
1337 2661 1444 2681 eorum.

510 2713 663 2745 Addenda
679 2717 710 2745 et
725 2714 912 2755 corrigenda
931 2723 970 2744 ex
985 2713 1055 2744 cod.
1072 2712 1172 2743 Vatic.

131 2765 356 2801 Epﬂﬁaagrﬁg,
375 2771 427 2794 etc.
909 2766 946 2801 (5)
959 2765 1116 2800 Δυνάμεως.

92 2766 115 2797 1)
131 2766 356 2827 Ἐμπλῆσαιττῆς,
375 2771 435 2808 etc.~
920 2766 947 2835 3;
959 2766 1065 2800 Δυνάμε

91 2797 454 2872 ξιςζκερὶωιιέιξτέῖίιεὲςῖαε
483 2801 662 2838 ἑρμηνεύεται
684 2802 823 2839 ἀναίρεσις
909 2767 948 2872 ἓξ)
967 2801 1067 2870 1t:

55 2827 452 2872 θδάτδς,ειρηίίάιήλετδέειείκ·

445 2827 452 2834 ,
910 2827 948 2873 (ε)
969 2827 1187 2870 νεντῷκάσμιρε
