1910 3048
233 121 302 150 ΗἿἹ

267 181 311 208 61.
332 180 415 215 Dixit,
429 186 457 209 et
471 183 543 210 Venit
554 184 716 220 cenomyia,

266 226 312 254 62.
329 227 499 263 Et’ciniphes
512 229 540 256 in
551 230 678 258 omnibus
697 230 798 258 ﬁnibus
808 238 916 259 eorum.

266 271 311 300 65.
331 272 427 301 Posuit
441 274 547 309 pluvias
560 282 653 303 eorum
673 277 843 310 grandinem,

265 316 310 344 64.
331 317 420 352 Ignem
436 319 640 347 comburentem
657 321 684 348 in
706 325 776 349 terra
794 322 925 357 ipsorum.

268 362 312 390 65.
333 362 366 390 Et
387 365 522 399 percussit
544 366 637 394 vineas
653 374 749 394 eorum
765 372 792 395 et
814 369 945 397 ﬁculneas
968 378 1014 398 e0-

233 415 316 436 rum:

268 452 312 480 66.
332 452 366 480 Et
381 454 510 482 contrivit
525 462 607 483 omne
621 456 724 492 lignum
744 458 839 486 tlnium
861 466 966 486 eorum.

267 499 311 526 67.
329 499 412 532 Dixit,
429 506 456 528 et
470 502 543 529 venit
559 502 672 536 locusta,

265 545 310 573 68.
329 545 362 572 Et
376 547 507 580 bruchus,
526 548 605 583 cujus
622 557 676 577 non
689 554 749 577 erat
762 557 904 578 numerus.

266 591 309 619 69.
331 591 364 619 Et
379 594 498 621 comedit
509 602 589 621 omne
601 594 693 622 fenum
706 596 733 623 in
749 600 821 624 terra
836 604 931 624 eorum
943 596 1014 632 (om-

231 645 292 664 nem
309 637 426 666 fructum
444 644 523 668 terra:
538 640 662 677 eorum]:

267 683 310 711 70.
328 683 362 711 Et
385 686 503 714 comedit
530 695 638 714 omnem
660 688 777 715 fructum
808 691 888 716 terra!
917 696 1013 716 eorum

231 726 324 764 [omne
340 728 431 757 fenum
453 731 479 758 in
496 737 568 760 terra
593 733 712 769 eorum].

266 774 310 802 71.
333 775 366 803 Ει
391 779 526 812 percussit
546 787 626 806 omne
651 777 862 816 primogenitum
891 781 921 807 in
942 785 1012 807 terra

229 827 323 848 eorum
338 822 375 858 [in
392 828 462 850 terra
475 823 596 861 Egypti]
610 835 617 852 :

265 871 307 898 72.
330 870 468 899 Primitias
481 873 570 898 omnis
583 871 686 900 laboris
703 879 809 900 eorum.

265 917 308 945 75.
321 916 364 958 .Et
378 917 472 945 eduxit
488 925 536 944 eos
551 917 578 944 in
597 921 709 952 argento
727 921 754 944 et
769 925 837 945 auro
850 927 856 944 :

266 962 308 989 76.
335 962 368 990 Et
382 970 435 990 non
453 967 511 990 erat
529 963 555 990 in
572 963 698 991 tribubus
714 970 808 991 eorum
825 963 959 990 inﬁrmus.

263 1008 309 1036 75.
329 1006 431 1036 Lretata
447 1013 489 1035 est
504 1007 638 1044 Egyptus
659 1017 686 1035 in
708 1009 878 1043 proiectione
897 1017 1014 1037 eorum:

266 1053 309 1080 76.
329 1053 397 1087 Quia
412 1054 536 1081 incubuit
548 1054 629 1081 timor
641 1062 736 1081 eorum
754 1062 836 1089 super
850 1061 907 1082 eos.

265 1098 308 1126 77.
327 1098 461 1134 Expandit
475 1099 574 1127 nubem
591 1099 619 1126 in
642 1100 841 1134 protectionem
863 1100 924 1129 eis:

265 1139 308 1167 78.
329 1140 361 1167 Et
375 1142 463 1176 ignem
475 1146 506 1168 ut
519 1142 621 1169 luceret
635 1142 675 1169 eis
693 1150 741 1177 per
754 1147 873 1172 noctem.

265 1185 308 1214 79.
327 1185 477 1221 Petierunt,
489 1191 516 1215 et
525 1187 601 1216 venit
613 1188 741 1216 coturnix
753 1196 761 1215 :

656 125 686 152 S.
708 125 893 154 ATHANASII
914 128 989 157 OPP.
1009 130 1099 159 PARS
1120 132 1161 160 Ill.
1182 149 1216 154 —-
1235 133 1440 162 EKEGE'l'lCA.

1031 194 1053 221 A
1103 191 1147 218 6!.
1169 190 1247 223 Εἶπε,
1264 193 1310 219 καὶ
1324 191 1388 228 ἦλθε
1404 191 1544 227 κυνόμυια,

1783 136 1849 164 “08

1101 238 1145 265 62.
1166 239 1220 265 Καὶ
1236 240 1347 270 σκνῖπες
1361 239 1391 265 ὲν
1406 239 1471 265 πᾶσι
1482 241 1538 271 τοῖς
1550 239 1634 274 ὁρίοις
1649 240 1746 268 αὐτῶν.

1102 284 1145 311 65.
1155 285 1250 311 Ἔθετο
1265 285 1314 317 τὰς
1332 285 1431 321 βροχὰς
1443 286 1530 312 αὐτῶν
1546 287 1676 321 χάλαζαν,

1102 330 1146 357 64.
1168 330 1227 365 Πῦρ
1238 330 1405 365 καταφλέγον
1420 333 1448 358 ἐν
1463 333 1495 367 τῇ
1511 333 1545 367 γῇ
1560 332 1658 359 αὐτῶν.

1103 374 1146 402 65.
1168 376 1222 402 Καὶ
1233 375 1351 408 ἐπάταξε
1362 375 1412 407 τὰς
1428 376 1567 412 ἀμπέλους
1582 376 1671 403 αὐτῶν
1685 375 1732 402 καὶ
1744 375 1791 406 τὰς
1805 383 1845 403 συ-

1066 421 1118 452 κᾶς
1131 419 1218 447 αὐτῶν
1226 429 1233 435 ·

1102 465 1146 492 66.
1168 466 1222 492 Καὶ
1235 467 1376 502 συνέτριψε
1394 467 1447 493 πᾶν
1463 467 1540 500 ξύλον
1549 468 1623 503 ὁρίου
1635 467 1735 495 αὐτῶν.

1101 512 1146 540 67.
1166 510 1242 545 Εἷπε,
1256 514 1302 539 καὶ
1317 511 1398 549 ἦλθεν
1410 514 1499 549 ἀκρὶς,

1101 557 1146 585 68.
1167 558 1223 585 Καὶ
1238 558 1361 594 βροῠχος,
1377 556 1406 586 οὗ
1422 560 1472 586 οὐκ
1484 558 1518 595 ἦν
1532 559 1658 595 ἀριθμός.

1097 603 1142 631 69.
1164 604 1219 631 Καὶ
1234 605 1371 632 κατέφαγε
1389 606 1476 632 πάντα
1488 606 1582 641 χόρτον
1596 606 1625 631 ὲν
1636 606 1669 640 τῇ
1683 606 1717 640 τῇ
1730 604 1826 631 αὐτῶν·

1100 692 1144 720 70.
1164 694 1219 720 Καί
1228 693 1365 728 κατέφαγε
1374 693 1462 721 πάντα
1470 694 1515 720 τὸν
1523 702 1557 720 κα
1562 693 1626 729 ρπὺν
1634 693 1685 728 τῆς
1691 693 1744 728 γῆς
1753 692 1844 719 αὐτῶν.

1099 782 1141 809 71.
1161 782 1216 809 Καὶ
1232 782 1350 816 ἐπάταξε
1367 783 1421 810 πᾶν
1439 782 1610 818 πρωτότοκον
1620 783 1649 808 ὲν
1661 783 1694 818 τῇ
1707 783 1742 817 γῇ
1753 781 1843 808 αὐτῶν·

1101 872 1144 898 72.
1160 872 1301 908 Ἀπαρχὴν
1315 872 1416 904 παντὸς
1430 871 1510 898 πόνου
1525 871 1623 899 αὐτῶν.

1099 917 1142 944 73.
1163 917 1218 944 Καὶ
1230 916 1364 952 ἐξήγαγεν
1381 916 1478 947 αὐτοὺς
1495 917 1524 941 ἐν
1538 915 1662 951 ἀργυρίῳ
1675 915 1723 941 καλ
1737 913 1843 949 χρυσίῳ.

1099 963 1143 989 74.
1163 963 1218 989 Καὶ
1230 963 1280 988 οὐκ
1291 960 1325 997 ἦν
1340 963 1369 989 ὲν
1381 963 1441 993 ταῖς
1456 961 1552 996 φυλαῖς
1569 960 1658 987 αὐτῶν
1673 961 1689 986 ὁ
1703 958 1829 986 ἀσθενῶν.

1099 1007 1143 1034 75.
1164 1007 1309 1043 Εὐφράνθη
1326 1007 1462 1041 Αῐγυπτος
1477 1007 1506 1032 ἐν
1521 1007 1553 1041 τῇ
1569 1006 1649 1041 ἐξόδῳ
1662 1005 1751 1032 αὐτῶν
1762 1013 1770 1020 ο

1100 1053 1212 1080 76.Ὅτι
1225 1053 1358 1079 ἐπέπεσεν
1368 1053 1382 1079 6
1396 1052 1477 1087 φόϐος
1494 1052 1582 1079 αὐτῶν
1598 1053 1640 1078 ἐπ’
1654 1051 1762 1082 animi;

1102 1098 1147 1126 77.
1166 1098 1312 1125 Διεττέτασε
1324 1098 1437 1132 νεφέλην
1449 1099 1488 1129 εἰς
1508 1097 1611 1132 σκέπην
1627 1098 1735 1128 αὐτοῖς·

1103 1143 1146 1170 78.
1166 1144 1221 1169 Καὶ
1234 1142 1289 1178 πῦρ
1301 1142 1348 1170 τοῦ
1362 1143 1477 1177 φωτίσαι
1488 1143 1577 1174 αὐτοῖς
1588 1142 1636 1178 τὴν
1651 1142 1746 1173 νύκτα,

1105 1187 1147 1215 79.
1158 1189 1291 1224 ᾜτησαν.
1307 1189 1353 1215 καὶ
1368 1186 1448 1224 ἦλθεν
1464 1188 1676 1224 ὀρτυγομήτραο

789 1276 977 1305 ATllANASll
1005 1276 1294 1304 INTERPRETATIU.

263 1355 308 1382 6L
328 1354 464 1388 Permisit,
481 1359 508 1383 et
523 1360 656 1383 venerunt
676 1360 769 1390 gentes
782 1359 877 1382 contra
895 1355 978 1390 ipses.

264 1400 308 1427 62.
334 1399 367 1427 Et
381 1401 459 1435 plaga
472 1400 633 1428 insanabilis
653 1408 735 1435 super
750 1408 844 1428 eorum
859 1401 977 1428 animas.

264 1446 307 1473 65.
332 1445 452 1481 Reliquit
465 1453 512 1474 eos
526 1446 636 1474 obedire
651 1447 782 1474 doctrinae
799 1446 966 1474 dzemonum.

263 1535 307 1561 64.
329 1533 479 1566 Diabolum,
494 1535 539 1570 qui
557 1536 726 1570 consumpsit
750 1543 844 1563 eorum
859 1540 976 1571 gentem.

263 1580 307 1607 65.
328 1579 440 1607 Animas
456 1588 560 1613 eorum,
575 1582 639 1616 quia
658 1580 834 1608 infructil'erae
853 1581 1010 1608 manebunt.

263 1626 308 1654 66.
328 1626 442 1654 Omnem
470 1627 607 1655 hominem
630 1636 723 1656 earum
747 1628 867 1656 tribuum
892 1627 1010 1655 fructum

228 1681 282 1701 non
299 1673 440 1705 ferentem.

263 1721 307 1748 67.
328 1721 464 1753 Permisit,
481 1725 511 1749 ut
524 1722 648 1749 venirent
662 1726 755 1757 gentes
775 1727 906 1750 adversus
917 1728 976 1748 eos.

263 1811 307 1838 68.
328 1811 401 1839 Gens
424 1811 612 1839 Romanorum
636 1811 714 1839 valde
730 1819 778 1840 eos
793 1819 907 1839 numero
931 1818 1012 1839 exce-

227 1856 307 1884 dens.

262 1901 307 1933 69,
323 1901 366 1928 70.
385 1901 506 1928 Perdidit
519 1909 626 1928 omnem
641 1909 734 1928 eorum
752 1907 870 1936 gentem.

262 1946 307 1974 7|.
329 1946 362 1973 Et
389 1947 488 1974 occidit
517 1954 623 1974 omnem
645 1947 768 1974 Judaeum
793 1947 820 1974 in
843 1946 1011 1980 Jerusalem;

228 1992 315 2025 ipsum
330 1992 402 2019 enim
420 1992 551 2027 populum
567 1991 707 2027 Scriptura
731 1993 943 2028 primogenitum
959 2000 1010 2020 au-

228 2043 270 2065 tea
285 2037 364 2064 dixit.

263 2083 307 2110 72.
328 2082 397 2110 Cum
423 2083 489 2117 ipsis
503 2082 668 2118 primoribus
684 2081 880 2110 interfecerunt
902 2089 1011 2109 omnem

226 2136 321 2156 corum
335 2128 548 2156 multitudinem.

262 2175 306 2203 75.
324 2174 432 2202 ιιαᾱεεοε
456 2179 546 2202 autem
560 2174 612 2210 ipsi
645 2174 785 2202 credentes
801 2173 896 2202 eduxit
917 2181 950 2201 ex
968 2172 1013 2201 Je-

228 2220 345 2247 rusalem
361 2220 388 2246 in
406 2219 492 2254 gratia
506 2228 568 2249 sua.

263 2265 305 2292 74.
327 2267 360 2292 Et
374 2265 466 2293 nullus
476 2265 631 2293 Iudaeorum
641 2265 809 2294 credentium
823 2265 949 2293 inventus
958 2269 1010 2298 est,

226 2310 274 2345 qui
289 2311 446 2338 vulneratus
458 2310 540 2338 fuerit
552 2311 579 2337 in
597 2310 679 2338 bello.

263 2356 306 2383 75.
328 2357 357 2384 1η
369 2365 463 2384 eorum
480 2357 602 2384 interitu.

262 2402 304 2428 76.
326 2401 394 2434 Quia
407 2401 594 2429 custodiebant
604 2408 659 2428 eos.

262 2447 305 2474 77.
326 2447 461 2482 Expandit
477 2447 608 2474 auxilium
628 2454 708 2473 suum
731 2447 921 2474 credentibus:

261 2491 305 2519 78.
326 2491 447 2520 Gratiam
469 2500 558 2524 suam,
576 2498 605 2520 ut
619 2498 750 2518 mundum
766 2492 942 2523 illuminaret.

261 2539 305 2567 79.
325 2538 454 2567 leestia
467 2547 516 2566 sua
533 2539 604 2567 dona
623 2538 696 2566 dedit
711 2538 835 2566 ﬁdelibus
851 2548 858 2565 ε

1098 1353 1142 1381 6i.
1163 1354 1350 1390 Συνεχώρησε,
1364 1354 1410 1380 καὶ
1423 1351 1487 1389 ἦλθε
1502 1354 1535 1380 τὰ
1548 1353 1610 1388 ἐονη
1623 1353 1682 1379 κατ’
1699 1352 1796 1380 αὐτῶν.

1097 1400 1142 1427 62.
1162 1400 1216 1426 Καὶ
1233 1401 1323 1436 πληγὴ
1342 1400 1451 1432 ἀνίατος
1467 1400 1514 1426 ἐπὶ
1533 1400 1582 1431 τὰς
1594 1398 1682 1434 ψυχὰς
1698 1398 1796 1426 αὐτῶν.

1097 1445 1142 1472 65.
1163 1446 1261 1473 Εἴασεν
1277 1447 1374 1478 αὐτοὺς
1389 1445 1480 1482 διδαχῇ
1500 1445 1537 1481 (ί)
1557 1445 1611 1471 τῶν
1634 1445 1768 1480 δαιμόνων
1790 1444 1842 1471 πεί-

1063 1491 1166 1518 Θεσθαι.

1099 1538 1143 1566 64.
1165 1538 1215 1565 Τὸν
1228 1538 1349 1566 διάϐολον
1360 1538 1574 1572 καταφθείροντα
1586 1537 1616 1564 τδ
1630 1537 1705 1568 ἔθνος
1718 1536 1815 1563 αὐτῶν.

1098 1585 1142 1612 65.
1164 1585 1218 1617 Τὰς
1233 1584 1320 1620 ψυχὰς
1331 1584 1429 1616 αὐτῶν,
1441 1584 1533 1619 ἐπειδὴ
1544 1584 1661 1619 ἄκαρποι
1676 1583 1771 1618 ἔμενον
1783 1583 1828 1615 (2).

1100 1631 1145 1658 66.
1167 1631 1260 1657 Πάντα
1271 1630 1413 1665 ἄνθρωπον
1425 1629 1478 1656 τῶν
1489 1628 1580 1664 φυλῶν
1595 1629 1685 1655 αὐτῶν
1700 1629 1739 1664 μὴ
1752 1636 1835 1663 καρτιο

1063 1677 1208 1713 φοροῦντα.

1099 1722 1142 1749 67.
1164 1723 1204 1749 Τὰ
1220 1721 1282 1758 ἔθνη
1302 1722 1490 1757 συνεχώρησεν
1510 1720 1596 1747 ἐλθεῖν
1609 1720 1677 1756 πρὸς
1696 1720 1777 1747 αὐτόν
1793 1719 1843 1746 Γαῦ-

1063 1768 1136 1804 τούς]
1155 1768 1204 1803 (5).

1100 1813 1144 1840 68.
1167 1814 1203 1840 Τὸ
1218 1813 1292 1844 ἔθνος
1309 1813 1363 1840 τῶν
1382 1811 1525 1848 Ῥωμαίων
1543 1811 1607 1838 λαὸν
1628 1811 1790 1838 ἐκλείποντα
1811 1810 1843 1846 (ιι

1062 1857 1134 1894 [λίαν
1148 1858 1283 1893 ἐκλεῖπον]
1301 1857 1408 1889 αὐτούς.

1098 1903 1142 1935 69,
1156 1903 1198 1930 70.
1215 1902 1426 1938 Ἐξωλόθρευσεν
1441 1902 1513 1928 ἆπαν
1530 1901 1568 1935 (5)
1585 1901 1615 1928 τὸ
1635 1900 1711 1932 ἔθνος
1731 1900 1826 1928 αὐτῶν.

1097 1949 1141 1975 71.
1157 1949 1210 1975 Καὶ
1219 1947 1346 1982 ἐφόνευσε
1356 1947 1442 1974 πάντα
1449 1947 1574 1973 Ἰουδαῖον
1581 1947 1648 1981 ἐντῇ
1656 1946 1842 1981 Ἰερουσαλήμ.

1063 1993 1149 2020 Αὑτὸν
1165 1992 1219 2029 γὰρ
1234 1992 1279 2019 τὸν
1294 1992 1357 2019 λαὸν
1371 1993 1388 2028 ἡ
1407 1992 1504 2028 Γραφὴ
1518 1991 1687 2028 πρωτότοκον
1700 1991 1777 2026 ἔλεγε
1787 1991 1842 2026 πρό-

1064 2046 1091 2065 τε
1097 2047 1151 2065 οον.

1097 2047 1151 2074 ρον.

1098 2083 1141 2110 7⁷2.
1159 2083 1225 2110 Ἀπὸ
1249 2082 1302 2115 τῷν
1326 2083 1441 2120 πρώτων
1465 2081 1553 2109 αὐτῶν
1572 2082 1718 2116 ἐφόνευσαν
1745 2083 1798 2108 πᾶν
1817 2082 1842 2108 τὺ

1062 2129 1163 2164 πλῆθος
1175 2129 1273 2155 αὐτῶν.

1098 2174 1142 2201 75.
1163 2175 1232 2206 Τοὺς
1244 2175 1272 2201 δὲ
1285 2175 1481 2207 πιστεύσαντας
1505 2175 1579 2210 αὐτῷ
1595 2174 1739 2207 Ἰουδαίους
1752 2175 1842 2210 ἐξήγα-

1027 2228 1049 2255 ι)
1063 2229 1110 2255 γεν
1128 2221 1160 2247 ἐκ
1171 2221 1220 2255 τῆς
1240 2221 1417 2257 Ἰερουσαλὴμ
1434 2222 1463 2247 ὲν
1476 2223 1508 2256 τῇ
1523 2221 1614 2256 χάριτι
1630 2221 1723 2248 αὑτοῦ.

1098 2267 1141 2293 74.
1167 2267 1221 2293 Καὶ
1244 2267 1292 2302 οὐχ
1315 2267 1413 2303 εὑρέθη
1435 2276 1477 2299 τις
1491 2268 1545 2294 τῶν
1558 2267 1762 2295 πιστευσάντων
1781 2267 1839 2294 Ἰου-

1061 2312 1141 2339 δαίων
1154 2313 1168 2339 6
1181 2312 1296 2347 πληγεὶς
1311 2313 1340 2339 ἐν
1356 2313 1396 2348 τῷ
1413 2313 1533 2348 πολέμῳ.

1097 2358 1140 2385 75.
1154 2357 1214 2384 Ἐπὶ
1228 2359 1260 2394 τῇ
1277 2358 1315 2392 (6)
1330 2359 1453 2394 ἀπωλείᾳ
1469 2359 1569 2386 αὐτῶν.

1100 2403 1142 2430 76.
1151 2404 1211 2430 Ὀτι
1223 2403 1402 2439 ἐφρουροῦντο
1414 2404 1451 2439 (7)
1465 2404 1572 2436 αὐτούς.

1098 2449 1143 2475 77.
1163 2448 1217 2484 Τὴν
1229 2448 1353 2484 βοήθειαν
1363 2449 1444 2475 αὐτοῦ
1453 2449 1623 2485 ἢπλωσετοῖς
1631 2450 1786 2477 πιστεύουσι
1794 2449 1836 2484 (8)'

1099 2493 1142 2522 78.
1163 2494 1218 2530 Τὴν
1231 2494 1309 2530 χάριν
1324 2494 1362 2530 (9)
1375 2495 1456 2521 αὐτοῦ
1474 2495 1589 2529 φωτίσαι
1603 2496 1648 2523 τὸν
1662 2496 1774 2532 κόσμον.

1098 2540 1142 2568 79.
1162 2539 1202 2566 Τὰ
1216 2541 1371 2576 χαρίσματα
1384 2541 1465 2568 αὐτοῦ
1478 2541 1562 2568 ἔδωκε
1577 2543 1632 2574 τοῖς
1644 2543 1748 2575 πιστοῖς
1759 2551 1765 2558 ·

703 2618 854 2650 Addenda
869 2623 900 2651 et
916 2620 1103 2660 corrigenda
1118 2630 1157 2652 ex
1171 2620 1243 2652 cod.
1267 2621 1367 2652 Vutic.

260 2680 299 2736 (3.2
318 2681 464 2736 $33215?)

260 2715 298 2748 (‘2)
317 2715 456 2751 Διέμενονξ

260 2751 299 2785 (5)
320 2752 404 2778 Αὐτόν
418 2753 497 2780 habet
507 2752 588 2778 etiam
601 2750 662 2779 eod.
676 2751 738 2778 Vat.

261 2786 299 2818 (ὅ)
312 2786 476 2822 Ἐκλίχοντα.
490 2787 570 2815 Forte
582 2787 722 2822 legendum
737 2785 934 2822 ὲκλιχνεύοντα.

262 2820 300 2856 (Β)
321 2822 421 2851 Πάντα.

262 2822 300 2854 (5)
321 2822 421 2851 Πάντα.

1092 2681 1131 2717 (6)
1145 2680 1188 2707 Ἐν
1203 2682 1248 2717 ille

1091 2717 1130 2751 (7)
1144 2716 1311 2750 Ἐφοόοὖντσ.

1092 2752 1130 2786 (8)
1149 2751 1236 2778 Αὐτοῦ
1248 2753 1303 2783 τοῖς
1323 2752 1436 2783 πιστοῖς.

1092 2754 1130 2811 (8)
1149 2754 1236 2778 Αὐτοῦ
1248 2754 1306 2793 τοῖς
1323 2754 1433 2783 πιστοῖς.

1091 2787 1119 2823 (9
1150 2787 1205 2814 Καὶ
1217 2786 1264 2822 τὴν
1277 2794 1365 2822 χαριν,
1382 2792 1433 2814 etc.
