1910 3048
50 118 124 146 ρίου
514 120 557 147 DE
581 120 716 150 TITULIS
731 122 961 153 PSALMORUM.
979 139 1018 153 -τ,
1033 123 1129 152 PSAL.
1149 119 1215 152 0νέ
1604 125 1679 157 ηιιο

88 175 134 203 80.
155 175 210 202 Kal
225 175 435 212 ᾶρτον⁹οὑρανοῠ
453 176 599 212 ἐνέπλησεν
615 178 722 211 αὐτούς.

928 181 972 208 80.
984 180 1014 208 Et
1021 187 1090 216 pane
1097 181 1159 208 coeli
1167 181 1349 209 saturaviteos
1357 181 1464 218 [panem
1473 183 1532 210 mali
1540 183 1677 222 dediteis].

89 221 135 248 8L
155 221 285 257 Διέῤῥηξε
300 222 413 258 πέτραν,
427 222 473 249 καὶ
486 223 624 258 ἐρρύησαν
638 224 721 252 ὕδατα
731 233 737 240 ⁸

932 227 977 255 81.
998 226 1119 262 Disrupit
1133 231 1248 262 petram,
1264 231 1291 254 et
1301 227 1438 255 ﬂuxerunt
1450 236 1528 262 aqua:
1540 238 1547 258 :

90 267 136 295 82.
151 267 354 303 Ἑπορεύθησαν
372 269 402 295 ὲν
419 267 544 304 ἀνύδροις
559 270 686 305 ποταμοί.

931 273 977 301 82.
997 273 1129 301 Abierunt
1139 272 1184 309 [Et
1197 272 1330 309 abierunt]
1346 274 1372 300 in
1392 274 1472 302 siccis
1488 275 1608 305 numina.

90 313 135 340 8‘5.
145 314 208 340 Ὅτι
221 313 343 349 ἐμνήσθη
355 313 402 340 τοῦ
414 313 492 348 λόγου
504 314 550 341 τοῦ
567 315 643 349 ἁγίου
656 316 748 350 αὐτοῦ,

932 317 979 346 85.
999 318 1132 352 Quoniam
1146 326 1252 346 memor
1266 319 1315 346 fuit
1334 319 1408 346 verbi
1420 321 1506 348 sancti
1521 321 1562 349 sui

90 358 136 386 84.
155 359 211 386 Τοῦ
227 360 295 395 πρὸς
316 360 442 396 Ἀὃραὰμ
455 360 500 386 τὸν
514 360 605 388 δοῦλον
622 361 715 389 αὐτοῦ.

933 365 978 393 84.
997 364 1074 398 Quod
1088 365 1182 392 habuit
1197 364 1231 392 ad
1242 365 1379 392 Abraham
1394 373 1507 400 puerum
1525 375 1615 397 suum.

91 405 135 432 85.
156 405 211 432 Kal
230 405 348 440 ἐξήγαγε
362 405 407 433 τὸν
423 405 487 433 λαὸν
502 406 584 433 αὐτοῦ
601 407 631 434 ὲν
644 408 818 441 ἀγαλλιάσει·

934 411 978 439 85.
998 410 1031 437 Et
1041 410 1135 438 eduxit
1147 411 1276 446 populum
1291 418 1370 439 suum
1387 412 1414 439 in
1427 413 1624 444 exsultatione:

90 452 136 478 86.
157 452 213 478 Kal
230 452 294 484 τοὺς
311 452 455 484 ἐκλεκτοὺς
468 452 550 480 αὑτοῦ
564 454 594 480 ὲν
611 453 774 490 εὐφροσύνῃ.

628 453 774 490 ὺφροσύνῃ.
932 457 978 486 86.
996 456 1029 484 Et
1050 456 1151 484 elect05
1163 465 1228 485 suos
1242 457 1267 485 in
1282 457 1382 486 laetitia.

89 497 134 525 87.
156 498 211 524 Kal
230 498 330 525 ἔδωκεν
343 499 434 530 αὐτοῖς
447 498 539 535 χώρας
556 498 655 526 ἐθνῶν·

932 503 977 531 87.
998 503 1030 531 Et
1039 503 1113 531 dedit
1127 504 1179 532 illis
1195 505 1317 540 regiones
1330 505 1449 540 gentium
1462 514 1469 534 :

90 544 136 571 88.
157 544 213 571 Kal
232 544 330 577 πόνους
347 544 421 571 λαῶν
437 544 722 581 κατεκληρονόμησαν.

931 550 976 578 88.
996 550 1029 578 Et
1046 551 1152 578 labores
1172 551 1333 586 populorum
1352 552 1539 587 possederunt.

90 590 136 617 89.
146 590 240 622 Ὅπως
254 589 287 616 ἃν
304 589 441 624 φυλάξωσι
453 590 487 617 τὰ
503 589 675 626 δικαιώματα
691 590 773 618 αὐτοῦ
783 599 789 605 ·

767 591 789 616 5'
885 614 891 619 -
931 597 977 625 89.
999 595 1034 624 Ut
1055 597 1208 624 custodiant
1221 597 1429 632 justillcationcs
1442 598 1521 633 ejus:

90 636 136 664 90.
157 636 213 663 Kal
226 636 274 663 τδν
286 635 369 672 νόμον
383 636 466 664 αὺτοῦ
480 637 663 673 ὲκζητήσωσι.

931 641 977 669 90.
997 640 1030 669 Et
1045 641 1130 678 legem
1149 642 1208 676 ejus
1223 642 1364 677 requirant
1377 641 1549 680 [requirent].

273 694 466 728 Ἀλληᾴοὐϊα.
482 696 570 721 ΨΑΛ.
585 696 650 721 PE'.

1122 698 1246 726 Alleluia.
1275 697 1375 726 PSAL.
1401 698 1458 728 CV.

90 739 116 767 Ι.
132 740 353 776 Ἐξομολογεῖσθε
367 740 406 776 τῷ
422 740 526 776 Κυρίῳ,
542 740 582 767 ’ὁτι
597 741 730 776 χρηστός·

933 745 959 772 Ι.
975 743 1147 772 Conﬁtemini
1163 744 1288 775 Domino.
1301 745 1430 780 quoniam
1452 745 1540 773 bonus
1553 766 1559 773 .

86 787 187 814 2.”οτι
203 787 243 818 εἰς
258 787 303 813 τὸν
320 787 406 813 αἰῶνα
421 787 451 813 τὸ
464 786 537 818 ἔλεος
551 786 642 813 αὐτοῦ.

931 790 959 818 2.
981 790 1114 823 Quoniam
1130 791 1157 818 in
1171 791 1500 819 saculummisericordia
1513 791 1583 827 eius.

88 831 116 860 ὕ.
137 833 186 864 Τίς
201 832 312 866 λαλήσει
326 833 375 864 τὰς
390 832 548 864 δυναστείας
562 832 609 859 τοῦ
627 833 746 868 Κυρίου;

738 841 746 882 ",
777 878 790 882 _
862 854 884 882 Β
934 836 960 863 5.
984 836 1051 869 Quis
1067 836 1193 871 loquetur
1214 837 1350 872 potentias
1366 836 1492 865 Domini!

88 877 116 905 ι.
131 878 279 910 ’Δκουστὰς
296 880 402 914 ποιήσει
420 879 508 910 πάσας
520 878 568 909 τὰς
583 878 699 909 αίνέσεις
711 878 812 912 αὺτοῦ;

740 878 812 912 ιτοῦς
862 877 883 882 ”
933 882 959 909 4.
981 882 1095 910 Auditas
1108 882 1186 910 faciet
1202 890 1297 910 omnes
1313 883 1404 910 laudes
1416 883 1494 917 ejus?

88 923 116 950 5.
138 924 275 959 Μακάριοι
285 925 309 950 οἱ
321 924 503 958 φυλάσσοντες
515 924 616 960 κρίσιν,
627 924 674 951 καὶ
686 924 724 959 (α)
737 925 842 952 ποιοῦν-

931 928 958 956 5.
979 928 1054 957 Beati
1068 929 1115 965 qui
1138 929 1295 957 custodiunt
1315 928 1460 964 judicium,
1476 934 1503 958 et
1520 929 1623 958 faciunt
1637 930 1682 966 ju-

53 975 98 1001 τις
111 969 285 1005 δικαιοσύνην
302 971 331 997 ὲν
348 970 429 997 παντὶ
445 969 544 1006 καιρῷ.

519 969 544 1006 ἶ)-
897 976 999 1003 stitiam
1013 976 1040 1003 in
1053 975 1128 1003 omni
1142 980 1273 1011 tempore.

88 1039 129 1074 (tt)
147 1037 223 1067 Vers.
235 1039 262 1067 6.
276 1040 330 1066 Kal
347 1040 497 1074 ποιοῦντες,
509 1044 562 1068 etc.
584 1040 613 1067 ν.
631 1040 656 1067 7.
675 1041 826 1077 Μνήσθητι,
841 1047 892 1070 etc.

620 1132 811 1160 ATHANASII
831 1133 1121 1163 INTERPRETATIO.

90 1209 136 1236 80.
157 1209 210 1236 Τὸν
226 1210 290 1237 Υίὺν
309 1211 391 1238 αὑτοῦ
413 1211 459 1238 τὸν
482 1212 611 1248 μονογενῆ
630 1212 729 1240 εδωκεν
741 1212 780 1248 (l)
809 1213 844 1245 εῒς

934 1214 978 1241 80.
997 1214 1096 1243 Filium
1109 1223 1190 1244 suum
1207 1217 1375 1252 unigenitum
1395 1217 1470 1245 dedit
1491 1217 1517 1245 in
1536 1219 1680 1255 partreipa

57 1255 212 1290 μετάληψιν
228 1256 277 1291 (α).

257 1256 277 1291 )-
898 1261 1010 1288 tionem.

89 1302 135 1328 8L
156 1303 211 1338 Τὴν
225 1302 345 1338 πλευρὰν
353 1303 400 1330 τοῦ
416 1302 482 1330 Υἱοῦ
504 1302 586 1330 αὑτοῦ
603 1303 642 1339 (2)
656 1303 784 1341 διήνοιξε,
801 1303 843 1332 ul

931 1306 977 1337 81.
998 1306 1084 1336 Latus
1111 1306 1173 1335 Filii
1206 1308 1249 1336 sui
1279 1309 1395 1344 aperuit,
1425 1313 1453 1337 et
1480 1315 1576 1344 potum
1610 1310 1682 1338 dedit

56 1348 165 1375 ἰπότισε
179 1349 225 1374 τὸν
241 1349 352 1384 κόσμον.

255 1349 352 1384 ;όσμον.
896 1354 1009 1381 mundo.

89 1394 136 1421 82.
150 1392 354 1430 Ἐπορεύθτπσαν
370 1395 398 1422 ὲν
411 1392 467 1427 τοῖς
479 1394 582 1422 ἔθνεσιν
599 1397 623 1423 οἱ
640 1396 843 1431 εὐαγγελισταί.

840 1417 846 1426 .
935 1398 1134 1434 82._Ahierunt
1148 1400 1174 1428 in
1187 1405 1279 1436 gentes
1295 1399 1433 1437 Evangelii
1447 1409 1594 1437 praecones.

92 1440 138 1472 83,
156 1440 200 1468 84.
217 1440 254 1476 (3)
276 1437 313 1467 Οὖ
337 1441 518 1476 ἐπηγγείλατο
535 1441 622 1476 λέγων
640 1442 680 1478 τῷ
702 1442 846 1479 Ἀὔραὰμο

934 1443 981 1478 85,
997 1444 1041 1472 84.
1063 1444 1140 1478 Quod
1165 1445 1329 1480 promiserat
1353 1445 1489 1474 Abraham
1503 1447 1604 1476 .dicens
1620 1467 1628 1474 .
1653 1445 1683 1476 ln

63 1485 108 1513 Ἐν
121 1487 154 1521 τῇ
171 1487 260 1513 πίστει
274 1495 320 1513 σου
337 1487 562 1523 εὐλογηθήσονται
583 1489 671 1515 πάντα
684 1488 718 1515 τὰ
738 1487 811 1524 ἔθνη.

738 1487 811 1524 ἔθνη.
900 1488 954 1518 ﬁde
968 1494 1014 1518 tua
1029 1489 1224 1518 benedicentur
1240 1499 1334 1520 omnes
1348 1497 1442 1528 gentes
1457 1493 1489 1520 ’⁸.

91 1531 138 1559 85.
153 1532 200 1558 Ἐκ
216 1532 263 1559 τοῦ
275 1533 377 1568 κόσμου
393 1532 487 1560 τούτου
505 1534 567 1566 τοὺς
581 1535 692 1566 πιστοὺς
706 1534 788 1562 αὑτοῦ
803 1535 845 1572 ep-

807 1535 848 1572 ὲῤ-
865 1564 884 1572 η
936 1536 981 1564 85.
1000 1536 1040 1564 Ex
1054 1537 1107 1564 hoc
1122 1537 1224 1566 mundo
1236 1537 1329 1566 ﬁdeles
1348 1545 1414 1566 suos
1429 1539 1561 1567 liberavit.

58 1577 171 1614 ῥύσατο.

91 1624 138 1651 86.
159 1624 215 1651 Kal
231 1625 294 1655 τοὺς
305 1625 398 1659 ἁγίους
413 1626 496 1653 αὑτοῦ
510 1627 538 1653 ὲν
556 1627 638 1662 χαρᾷ.

934 1626 978 1654 86.
998 1625 1032 1654 Et
1046 1631 1157 1654 sanctos
1175 1634 1240 1655 suos
1256 1627 1284 1654 in
1296 1627 1404 1662 gaudio.

92 1669 139 1697 87.
161 1669 216 1701 Τὰς
230 1670 356 1702 αἰωνίους
368 1671 497 1698 ἀνέπαλιν

529 1671 561 1706 l).
935 1671 980 1699 87.
1001 1671 1113 1700 Eterna
1133 1672 1283 1708 refrigeria.

92 1715 139 1743 88.
160 1716 216 1747 Τὰς
231 1717 314 1752 μονὰς
330 1718 383 1744 τῶν
397 1719 493 1753 ἁγίων.

933 1717 978 1745 88.
999 1717 1163 1746 Sanctorum
1178 1719 1343 1745 mansiones.

73 1778 78 1783 α
93 1762 139 1790 89.
153 1763 352 1800 Ἀτελευτήτως
369 1765 532 1801 διαμένωσιν
550 1765 589 1801 (5)
611 1766 651 1798 εἰς
666 1766 695 1793 τὸ
708 1766 827 1802 βάπτισμ

933 1763 979 1792 89.
1000 1763 1029 1791 In
1042 1764 1238 1799 sempiternum
1251 1768 1428 1799 permaneant
1439 1764 1466 1791 in
1480 1763 1527 1792 Dei
1539 1759 1682 1800 baptismo.

60 1808 106 1835 τοῦ
124 1809 205 1837 Θεοῦ.

94 1855 140 1883 90.
155 1855 212 1883 Kal
227 1855 273 1883 τὸν
292 1856 374 1892 νόμον
395 1857 478 1884 αὑτοῦ
496 1857 729 1894 ὲξακριϐώσαντες
741 1858 848 1894 πληρώ-

935 1853 979 1882 90.
1001 1852 1034 1881 Ει
1069 1854 1155 1889 legem
1178 1853 1238 1889 ejus
1265 1858 1392 1882 accurate
1414 1861 1445 1882 ac
1468 1854 1609 1890 diligenter
1637 1853 1685 1882 im-

62 1909 150 1929 σουσι.

899 1901 997 1936 pleanl.

101 1958 134 1985 'H
151 1958 318 1994 προκειμένη
333 1958 472 1995 ἐπιγραφὴ
488 1959 608 1994 περιέχει
625 1958 878 1994 (6)·Ἀλληλούϊα,
899 1957 968 1992 ὅπερ
987 1955 1168 1992 ἑρμηνεύεται
1185 1955 1294 1983 αἱνεῖτε
1315 1956 1369 1983 τὸν
1386 1955 1458 1983 ὄντα
1476 1956 1558 1983 Θεόν.

100 2003 205 2032 l'itulus
221 2005 362 2040 appositus
385 2005 507 2033 continet
525 2014 533 2033 :
547 2005 680 2037 Alleluia;
694 2005 767 2040 quod
784 2004 977 2039 interpretatur
990 2002 1097 2030 laudate
1111 2011 1170 2030 eum
1183 2002 1228 2038 qui
1242 2001 1313 2029 Deus
1325 2006 1374 2029 est.

139 2064 330 2099 Ἐξαγγείλατε
353 2065 428 2100 αὐτῷ
451 2065 500 2097 τὰς
518 2066 653 2103 προτέρας
668 2066 697 2094 ὲν
710 2066 742 2102 τῇ
757 2065 853 2101 ἀγνοίᾳ
869 2067 890 2094 D

941 2064 967 2091 l.
988 2063 1134 2091 Enuntiate
1151 2063 1202 2099 ipsi
1232 2062 1339 2098 priores
1351 2066 1455 2090 vestras
1469 2062 1599 2094 actiones.
1617 2068 1685 2097 quas

63 2111 140 2147 ὑμῶν
156 2111 280 2146 πράξεις,
293 2113 335 2139 ὅτι
348 2112 450 2146 ἀγαθός
463 2112 547 2140 ἐστιν.

903 2111 930 2138 in
943 2110 1095 2146 ignorantia
1111 2109 1298 2141 commisistis,
1314 2107 1443 2143 quoniam
1463 2107 1551 2135 bonus
1563 2112 1613 2136 est.

96 2158 124 2185 2.
145 2158 202 2185 Καὶ
216 2157 387 2185 ἀδιάλειπτον
401 2159 431 2185 τὸ
445 2158 517 2190 ἕλεος
532 2157 626 2185 αὑτοῦ.

937 2156 965 2182 2.
987 2155 1020 2182 Et
1031 2153 1225 2181 indefectibilis
1237 2153 1426 2181 misericordia
1441 2152 1511 2187 ejus.

96 2205 126 2235 5,
139 2204 166 2230 4.
191 2201 240 2236 Τίς
259 2204 359 2240 δυνηοῇ
377 2204 557 2240 διηγήσασθαι
574 2205 653 2239 μόνον
674 2203 724 2235 τὰς
747 2204 850 2240 εὐεργε-

938 2201 966 2233 5,
987 2200 1014 2228 4.
1035 2200 1102 2233 Quis
1127 2199 1227 2235 poterit
1248 2206 1360 2227 narrare
1381 2199 1470 2227 solum
1497 2197 1685 2226 beneﬂcentias

64 2248 125 2281 σίας
149 2249 197 2276 τοῦ
221 2249 335 2285 Κυρίου,
353 2250 386 2281 ἃς
411 2251 526 2285 παρέχει
551 2252 607 2283 τοῖς
630 2248 794 2286 ἀνθρώποις,
813 2250 818 2276 ἱ

932 2246 1025 2280 omini,
1041 2253 1112 2280 quas
1122 2245 1224 2281 praebet
1236 2245 1404 2276 hominibus,
1420 2249 1450 2272 ut
1466 2243 1608 2273 audientes
1628 2244 1686 2273 lau-

65 2294 212 2327 ἀκούοντες
228 2295 347 2331 ὑμνῶσιν
362 2295 401 2330 (7)
412 2296 513 2329 αὐτόν;

307 2304 347 2322 σιν
362 2295 401 2330 (7)
412 2296 493 2322 αὐτόν
505 2306 513 2329 ;
903 2293 966 2321 dent
980 2292 1061 2321 eum?

99 2341 127 2368 5.
144 2341 185 2376 (8)
205 2341 343 2376 Μακάριοι
362 2341 387 2368 οι
410 2341 593 2375 πιστεύοντες,
612 2341 653 2368 ὅτι
673 2340 730 2368 ἔστι
754 2340 853 2376 κρίσις,

939 2339 966 2367 5.
987 2338 1063 2366 Beati
1088 2337 1241 2370 credentes.
1266 2337 1339 2373 quod
1369 2340 1411 2365 est
1433 2336 1576 2373 judicium,
1602 2339 1631 2365 et
1647 2336 1686 2364 l'a-

65 2387 112 2413 καὶ
128 2386 268 2420 ποιοῦντες
290 2386 472 2422 δικαιοσύνην,
494 2387 541 2415 καὶ
561 2387 658 2419 νυκτὸς
681 2387 729 2413 καὶ
749 2386 819 2422 ὴμέρ

933 2390 1008 2414 entes
1018 2384 1164 2421 justitiam.
1177 2390 1205 2412 et
1219 2389 1299 2412 nocte
1312 2391 1346 2413 ac
1354 2383 1399 2412 die
1418 2383 1518 2412 bonum
1532 2386 1685 2419 operantes.

68 2432 212 2464 ποιοῦντες
226 2432 337 2467 ἀγαθόν.

104 2501 128 2518 η
140 2502 210 2530 Gen'
229 2510 299 2534 ml’
315 2501 356 2531 18'
542 2536 697 2568 Addenda
713 2539 743 2567 et
765 2534 955 2575 corrigenda
973 2543 1011 2565 ex
1027 2542 1097 2565 coo.
1115 2533 1214 2564 Vatic.

156 2608 277 2647 Ἕξωκξν
286 2609 393 2647 ἒαῡτοτς,
412 2613 465 2638 etc,
1034 2607 1145 2647 Sat-r13;
1157 2605 1342 2642 κινναϐάρεως
1357 2605 1489 2642 περιέχει.

103 2643 142 2677 (2)
161 2644 260 2671 Αὑτοῦ
276 2645 359 2671 deest.

939 2642 977 2677 (7)
991 2642 1144 2677 ’Υμνοῦσιν.

103 2673 141 2717 (s5
155 2679 195 2717 re.
208 2679 252 2711 35,
267 2676 315 2717 ot.
327 2685 379 2707 etc.
394 2679 428 2707 N.
442 2679 487 2713 at,
505 2680 550 2708 85.
571 2679 618 2706 Ἐκ
633 2679 692 2706 τοῦ.

999 2673 1034 2704 ΝΖ
1053 2677 1081 2708 5,
1097 2676 1234 2717 Μακάριοι
1255 2675 1394 2717 usquead
1406 2675 1516 2717 ‘xplatg.
1545 2674 1577 2701 N.
1632 2674 1687 2701 Kal

102 2710 140 2746 (4)
155 2710 344 2745 Ἀναπαύσεις.
480 2710 485 2713 ’
901 2710 1009 2744 νυκτός,
1022 2717 1074 2740 etc.
1087 2711 1117 2738 τὸ
1130 2710 1238 2746 ἀγαθόν.
1256 2711 1356 2739 Desunt
1371 2710 1418 2737 καὶ
1433 2710 1570 2742 ποιοῦντες
1586 2710 1688 2737 δὶκαιοο

46 2763 50 2766 -
104 2749 142 2784 ιδ)
162 2749 351 2784 Διαμείνωσιν.
903 2747 995 2783 σύνην,

105 2821 144 2857 (a)
165 2821 333 2857 Μετάληψις,
349 2824 497 2850 communio
513 2831 559 2851 seu
580 2820 752 2858 participatio
765 2819 951 2849 Etteharistiae.
969 2819 1030 2848 Vid.
1047 2818 1111 2846 Lex.
1129 2818 1202 2846 Suic.
