1910 3048
234 103 301 139 11η

656 101 684 130 S.
706 102 893 132 ATHANASII
911 103 987 132 OPP.
1008 103 1099 131 PARS
1118 102 1162 131 111.
1181 103 1219 125 -‘
1234 103 1439 134 EXEGETICA.

1789 107 1858 134 1112

266 161 295 190 6.
312 160 446 190 Memento
465 166 562 194 nostri,
585 161 709 195 ﬂamine,
732 162 759 188 in
784 162 952 197 beneplacito
972 170 1022 198 po-

1107 162 1134 189 6.
1154 162 1295 197 Μνήσθητι
1309 162 1398 198 ἡμῶν,
1414 161 1508 197 Κύριε,
1523 162 1552 188 ὲν
1566 163 1599 198 τῇ
1614 162 1723 197 εὐδοκία
1735 163 1783 190 τοῦ
1793 164 1856 191 λαοῦ

230 205 288 238 Puli
303 207 342 234 tui
353 215 361 234 :

268 254 294 281 7.
315 253 399 281 Visita
416 260 466 281 nos
479 253 507 280 in
519 252 632 282 salutari
647 258 705 281 tuo.

266 299 293 329 8.
314 300 354 327 Ad
366 299 508 327 videndum
524 300 550 326 iu
565 299 685 327 bonitate
697 299 846 329 electorum
867 304 987 334 tuorum.

265 345 292 374 9.
313 344 353 372 Ad
367 344 513 372 laetaudum
533 344 560 371 in
576 343 669 372 laetitia
684 344 772 380 gentis
787 349 850 376 tuae.

266 389 309 416 10.
333 388 367 416 Ut
381 389 500 416 lauderis
516 396 579 416 cum
599 389 757 417 haereditate
769 394 825 417 tua.

267 435 309 463 11.
329 434 504 462 Peccavimus
519 443 580 463 cum
597 435 721 475 patribus
743 436 864 464 nostris:

267 481 308 510 12.
328 481 429 516 lnjuste
441 481 556 517 egimus.
573 481 742 516 iniquitatem
760 481 885 510 fecimus.

267 527 309 554 13.
330 526 424 559 Patres
441 527 529 554 nostri
553 527 581 554 in
604 526 721 563 [Egypto
744 534 799 554 non
823 527 1015 556 intellexerunt

229 572 362 605 mirabilia
379 577 424 600 tua
442 581 449 601 :

266 618 306 646 M.
329 617 389 646 Non
414 618 526 646 fuerunt
542 626 674 647 memores
699 619 883 648 multitudinis
904 620 1014 649 miseri-

229 665 328 698 cordiae
343 670 396 692 tua:
410 674 417 692 :
882 656 887 661 ’

264 711 307 743 15,
330 711 363 742 Et
375 711 548 739 irritaverunt
559 711 736 740 ascendentes
751 712 779 739 in
790 719 865 740 mare
879 711 1013 743 Rubrum.

265 801 308 828 16.
326 800 358 828 Et
371 801 485 829 salvavit
495 809 542 830 eos
557 807 667 838 propter
682 810 781 830 nomen
795 811 877 831 suum
890 813 897 830 :

264 847 307 874 17.
329 846 364 874 Ut
379 852 472 875 notam
487 847 587 875 faceret
603 849 749 883 potentiam
769 857 858 879 suam.

264 891 308 921 18.
329 891 362 922 Ει
383 892 517 930 increpuit
533 900 608 920 mare
630 892 766 923 Rubrum.
792 898 819 921 et
843 894 1012 922 exsiccatum

228 942 292 966 est.

264 985 308 1012 19.
326 983 360 1012 Et
372 984 485 1013 deduxit
499 992 546 1014 eos
562 985 589 1013 in
604 985 704 1021 abysso
717 987 788 1014 sicut
802 986 829 1013 in
841 985 961 1017 deserto.

262 1030 308 1059 20.
327 1030 360 1058 Et
372 1031 487 1058 salvavit
497 1039 545 1060 eos
556 1032 589 1059 dc
600 1039 683 1059 manu
697 1031 1012 1068 odientis[odientium]:

262 1075 307 1113 31.
331 1076 365 1110 Et
380 1077 495 1105 redemit
509 1085 556 1105 eos
572 1077 606 1106 de
622 1085 704 1106 manu
717 1077 903 1108 inimicorum.

1066 216 1131 234 σου”

1102 254 1129 282 7.
1145 253 1308 289 Ἐπίσκεψαι
1323 254 1396 289 ἡμᾶς
1406 255 1436 280 ὲν
1447 253 1487 289 τῷ
1499 253 1624 289 σωτηρίῳ
1639 262 1698 280 σου.

1100 299 1127 327 8.
1148 299 1201 326 Τοῦ
1223 300 1285 327 [δεῖν
1302 300 1331 326 ὲν
1346 301 1379 335 τῇ
1396 299 1556 335 χρηστότητι
1571 299 1625 325 τῶν
1641 298 1779 326 ἐκλεκτῶν
1796 307 1855 333 σου,

1103 346 1129 374 9.
1149 346 1202 372 Τοῦ
1211 345 1394 381 εὐφρανθῆναι
1404 347 1432 371 ὲν
1440 347 1472 381 τῇ
1481 345 1632 381 εὐφροσύνῃ
1639 345 1686 371 τοῦ
1695 345 1788 377 ἔθνους
1796 354 1853 378 σου,

1103 391 1147 421 10.
1168 391 1221 418 Τοῦ
1236 391 1404 418 ἐπαινεῖσθαι
1421 391 1490 426 μετὰ
1503 391 1551 426 τῆς
1564 390 1746 426 κληρονομίας
1761 400 1817 420 σου.

1099 437 1143 465 11.
1166 437 1339 475 Ἥμάρτομεν
1358 436 1426 472 μετὰ
1441 436 1493 462 τῶν
1508 436 1632 471 πατέρων
1647 435 1724 471 ἡμῶν
1734 443 1742 450 ·

1099 483 1144 509 12.
1168 483 1369 519 Ἦνομήσαμεν.
1387 482 1566 517 ἠδικήσαμεν.

1099 529 1144 556 13.
1159 529 1191 556 Οί
1208 529 1326 565 πατέρες
1344 528 1422 564 ἡμῶν
1445 529 1474 555 ἐν
1498 527 1628 564 Αἰγύπτῳ
1639 528 1670 554 οὑ
1686 527 1806 564 συνῆκαν
1817 527 1853 554 τὰ

1063 575 1204 611 θαυμάσιά
1220 584 1266 602 σου
1276 584 1283 590 ·

1101 621 1146 649 14.
1162 622 1220 650 Οὐκ
1238 621 1413 659 ἐμνήσθησαν
1427 621 1473 651 τοῦ
1487 620 1605 657 πλήθους
1615 620 1662 647 τοῦ
1678 620 1769 653 ἐλέους
1787 629 1833 648 σου
1843 629 1851 637 ”

1100 711 1144 738 15.
1159 711 1215 738 Καὶ
1227 711 1435 747 παρεπίκραναν
1449 710 1637 742 ἀναϐαίνοντες
1648 711 1676 737 ὲν
1687 712 1720 746 τῇ
1735 710 1854 747 Ἐρυθρᾷ

1064 756 1196 793 θαλάσσῃ.

1098 802 1141 829 16.
1153 802 1208 829 Καὶ
1225 802 1326 829 ἔσωσεν
1341 802 1440 833 αὐτοὺς
1452 801 1545 828 ἕνεκεν
1555 801 1602 828 τοῦ
1614 801 1745 836 ὀνόματος
1757 801 1851 828 αὐτοῦ·

1029 842 1052 873 Β
1098 848 1143 876 17.
1161 848 1214 874 Τοῦ
1228 848 1360 883 γνωρίσαι
1371 847 1422 884 τὴν
1437 847 1594 874 δυναστείαν
1609 847 1702 874 αὐτοῦ.

1095 894 1138 920 18.
1161 894 1217 935 Καὶ
1231 894 1381 930 ἐπετίμησε
1397 895 1430 930 τῇ
1450 894 1568 930 Ἐρυθρᾷ
1580 893 1712 930 θαλάσσῃ,
1726 893 1772 920 καὶ
1789 893 1853 929 ἐξη-

1115 940 1163 966 θη·

1115 941 1128 966 θ
1156 948 1163 955 .

1064 941 1212 1014 “191111.11
1225 985 1366 1022 ὡδήγησεν
1377 985 1475 1017 αὐτοὺς
1490 986 1518 1012 ὲν
1528 984 1637 1021 ἁϐύσσῳ
1650 985 1687 1018 ὡς
1700 986 1729 1012 ὲν
1744 986 1852 1022 ἐρήμῳ.

1097 1032 1144 1065 20.
1160 1032 1216 1063 Καὶ
1232 1032 1333 1063 ἔσωσεν
1348 1032 1446 1064 αὐτοὺς
1463 1033 1495 1058 ἐκ
1510 1031 1601 1068 χειρὸς
1617 1031 1758 1067 μισοῦντος
1771 1040 1780 1047 ·

1096 1077 1142 1105 21.
1157 1078 1212 1104 Καὶ
1225 1078 1396 1114 ὲλυτρώσατο
1407 1078 1505 1110 αὐτοὺς
1519 1079 1552 1105 ὲκ
1564 1076 1653 1114 χειρὸς
1664 1077 1780 1113 ἐχθρῶν.

793 1152 977 1182 ATHANASH
998 1153 1287 1189 INTERPRETATIO.

262 1232 290 1261 ο.
307 1231 441 1260 Memento
464 1233 561 1266 nostri,
587 1233 711 1266 Domine,
733 1233 862 1268 quoniam
885 1233 935 1262 tibi
949 1234 1007 1272 pla-

228 1279 286 1314 cuit
300 1283 331 1306 ut
345 1279 453 1307 venires
468 1279 502 1306 ad
515 1287 562 1307 eos
576 1279 623 1314 qui
635 1279 764 1306 credituri
779 1283 869 1314 erant,

264 1324 291 1354 1.
316 1323 403 1352 Visita
419 1332 469 1352 nos
489 1325 611 1352 inﬁrmos
626 1325 652 1352 in
666 1325 792 1359 passione
813 1329 870 1356 tua,

263 1371 291 1399 8.
310 1370 351 1398 Ad
362 1370 512 1398 faciendam
528 1370 743 1398 misericordiam
763 1371 907 1398 nobiscum
920 1371 946 1398 in
959 1371 1009 1399 bo.

229 1417 324 1454 nitate,
337 1423 418 1451 quam
433 1416 498 1443 fucis
513 1423 575 1453 erga
589 1415 637 1443 Dei
652 1417 762 1444 electos.

265 1463 293 1490 9.
316 1461 357 1491 Ad
371 1462 517 1495 laetandum
533 1463 560 1488 ln
576 1462 673 1497 gratia,
689 1470 770 1498 quam
785 1462 889 1498 praebes
907 1463 1010 1493 sanctis

229 1508 295 1541 tuis.
702 1500 703 1503 ¹

266 1553 311 1581 10.
332 1556 365 1582 Ut
385 1553 460 1588 digni
483 1551 631 1580 eﬂiciamur
653 1553 820 1582 beatitudine
842 1562 949 1589 eorum,
964 1555 1011 1592 qui

228 1599 406 1635 beneplacent
423 1599 482 1626 tibi.

265 1646 308 1677 11,
327 1645 370 1673 12.
386 1645 441 1673 Nos
461 1649 487 1673 et
503 1651 593 1681 patres
612 1646 699 1675 nostri
717 1646 905 1682 cruciﬁgentes
917 1653 944 1676 te
959 1648 1010 1677 ini-

228 1699 281 1727 que
293 1692 410 1727 egimus.

262 1738 307 1765 15.
331 1737 426 1767 Patres
448 1739 547 1773 nostri,
568 1746 632 1768 cum
654 1739 682 1766 in
697 1738 815 1766 tenebris
830 1744 932 1772 essent,
956 1747 1011 1768 non

227 1783 417 1811 intellexerunt
429 1785 642 1820 magnitudinem
657 1784 849 1813 misericordia
861 1790 925 1813 tute.

264 1829 307 1859 14.
325 1829 384 1857 Non
407 1831 540 1859 recordati
561 1835 626 1859 sunt
647 1831 840 1865 immensitatis
855 1831 1011 1859 misericor-

227 1875 278 1903 diae
289 1879 353 1908 tute,
366 1876 413 1911 qui
425 1885 487 1906 cum
503 1877 574 1905 Deus
587 1884 673 1910 esses,
684 1877 812 1912 dignatus
827 1885 858 1906 es
871 1877 1011 1906 hominem

226 1920 296 1956 ﬁeri,
313 1925 339 1949 et
352 1922 518 1953 manifestari
530 1922 695 1956 hominibus,

262 1965 306 1993 15.
327 1965 360 1993 Et
374 1972 464 1995 mente
478 1968 541 1995 elati
555 1968 732 1996 irritaverunt
750 1973 776 1996 te
796 1968 936 1996 mundana
952 1974 1011 1998 tur-

226 2011 359 2052 pitudine.

262 2057 305 2085 16.
327 2057 359 2085 Et
371 2065 468 2086 eorum
490 2058 625 2093 inﬁrmos,
640 2063 688 2087 aut
702 2067 717 2086 a
735 2059 844 2088 diabolo
866 2067 1010 2095 possessas

227 2104 340 2133 salvavit
360 2109 470 2140 propter
484 2105 678 2141 benignitatem
701 2106 822 2134 nominis
835 2106 888 2134 sui.

261 2193 305 2224 17.
330 2193 365 2223 Ut
379 2195 534 2224 ostenderet
554 2195 622 2231 ipsis
634 2204 711 2225 suam
729 2197 889 2232 potentiam.

262 2239 305 2270 18.
330 2239 363 2267 Et
392 2240 528 2276 increpuit
551 2242 635 2270 verbo
662 2242 757 2277 gratia
782 2250 840 2270 suae
868 2246 1010 2278 peccatum

226 2285 331 2318 mundi,
345 2290 372 2313 et
384 2287 559 2314 mortiﬁcavit
573 2287 649 2315 illud.

261 2330 306 2358 19.
326 2330 359 2357 Et
372 2332 514 2360 credentes
531 2333 556 2360 ei
573 2333 687 2363 deduxit
700 2333 727 2362 in
741 2333 889 2369 baptismo,
906 2335 933 2362 in
948 2335 1010 2364 illu-

227 2377 376 2411 minatioue
390 2383 420 2406 ut
434 2379 505 2407 ﬁlios
519 2379 601 2409 Israel
614 2380 642 2408 in
658 2388 762 2410 eremo.

260 2469 306 2503 20,
321 2468 367 2505 21.
388 2468 544 2511 Baptismus
557 2470 694 2511 principes
706 2469 813 2505 Satanae
822 2472 1006 2504 mortiﬁcavit.

1096 1233 1123 1261 6.
1145 1232 1286 1270 Μνήσθητι
1310 1234 1398 1270 ἡμῶν,
1419 1233 1515 1270 Κύριε,
1538 1234 1579 1261 δτι
1599 1234 1719 1266 εὐδοκεϊς
1742 1233 1790 1262 τοῦ
1806 1234 1851 1264 ὲλς

1063 1279 1119 1312 θεῖν
1141 1279 1232 1317 [πρὸς]
1248 1281 1311 1311 τοὺς
1324 1280 1518 1313 πιστεύσοντας
1533 1281 1582 1316 (1).

1099 1326 1125 1353 7.
1138 1325 1300 1360 Ἐπίσκεψαι
1313 1327 1387 1362 ἡμᾶς
1397 1327 1460 1358 τοὺς
1474 1326 1597 1359 ἀσθενεῖς
1612 1328 1641 1353 ἐν
1655 1326 1694 1362 τῷ
1704 1326 1785 1354 πάθει
1794 1335 1853 1357 σοψ

1099 1371 1125 1398 8.
1145 1371 1199 1398 Τοῦ
1219 1371 1246 1398 δὲ
1266 1373 1340 1407 ἡμᾶς
1362 1372 1400 1407 (2)
1421 1372 1530 1410 ἐλεῆσαι
1547 1373 1575 1399 ἐν
1595 1374 1628 1410 τῇ
1648 1373 1799 1408 ἀγαθὸτητι
1821 1374 1853 1409 ἢν

1065 1418 1150 1444 ποιεῖν
1169 1416 1277 1454 [ποιεῖς]
1293 1418 1354 1449 τοὺς
1369 1418 1512 1450 ἐκλεκτοὺς
1522 1418 1569 1450 τοῦ
1583 1418 1662 1446 Θεοῦ.

1098 1463 1124 1491 9.
1143 1463 1196 1490 Τοῦ
1213 1464 1395 1500 εὐφρανθῆναι
1408 1465 1437 1492 ἐν
1451 1466 1483 1500 τῇ
1499 1465 1589 1501 χάριτι
1605 1466 1638 1501 ἣν
1666 1465 1854 1503 (5).παρέχεις

1025 1503 1048 1533 C
1062 1511 1119 1542 τοῖς
1130 1510 1218 1544 ἁγίοις
1231 1519 1289 1537 σου.

1097 1555 1140 1582 10.
1157 1556 1210 1583 Τοῦ
1237 1556 1385 1593 ἀξιωθῆναι
1408 1557 1652 1594 μακαριασμοῦμ)
1675 1559 1730 1586 τῶν
1754 1559 1855 1595 εὐαρεο

1063 1602 1220 1638 στησάντων
1233 1611 1283 1629 σοι.

1097 1647 1193 1680 11,12.
1209 1649 1305 1684 Ἡμεῖς
1319 1649 1366 1676 καὶ
1380 1649 1404 1676 oi
1419 1650 1536 1685 πατέρες
1551 1650 1628 1686 ἡμῶν
1640 1651 1665 1677 οἱ
1678 1651 1855 1688 σταυρώσαν-

1060 1692 1106 1725 τές
1121 1701 1151 1719 σε
1166 1694 1354 1729 ἠνομήσαμεν.

1096 1738 1139 1765 13.
1156 1739 1188 1765 Οί
1201 1739 1319 1774 πατέρες
1333 1739 1410 1778 ἡμῶν
1429 1740 1457 1766 ἐν
1470 1740 1508 1774 (5)
1530 1740 1621 1767 σκότει
1641 1739 1718 1772 ὄντες
1737 1741 1769 1768 οὺ
1790 1750 1854 1769 συν-

1060 1782 1130 1817 ῆκαν
1144 1783 1193 1818 τὴν
1209 1783 1361 1819 ὑπερϐολὴν
1375 1783 1424 1819 τῆς
1439 1784 1640 1819 εὐσπλαγχνίας
1651 1793 1709 1812 σου.

1098 1828 1140 1854 14.
1156 1828 1212 1855 Οὐκ
1228 1829 1401 1864 ἐμνήσθησαν
1414 1829 1445 1856 τὸ
1461 1830 1614 1868 ἀμέτρητον
1632 1830 1670 1867 (6)
1684 1830 1777 1862 ἐλέους
1793 1839 1851 1863 σω.

1060 1872 1101 1898 ὃτι
1113 1872 1178 1904 Θεὸς
1191 1873 1228 1899 ὼν
1240 1873 1359 1908 ἠξίωσας
1375 1874 1516 1910 ἄνθρωπος
1528 1876 1663 1910 γενέσθαι,
1675 1877 1723 1903 καὶ
1735 1876 1853 1912 ὀφθῆναι

1061 1920 1117 1950 τοῖς
1134 1919 1182 1946 ἀνθ
1188 1919 1298 1954 ρώποις.

1096 1964 1140 1991 15.
1168 1965 1223 1991 Καὶ
1247 1965 1456 2001 παρεπίκραναν
1487 1975 1516 1993 σε
1539 1967 1714 2004 ἐπαιρόμενοι
1740 1970 1772 2004 τῇ
1793 1968 1852 1996 διαρ

1059 2011 1119 2046 νοίᾳ
1135 2011 1165 2037 ὲν
1181 2010 1218 2045 (Ἰ)
1230 2012 1262 2046 τῇ
1278 2011 1394 2047 αἰσχύνῃ
1406 2012 1453 2038 τοῦ
1468 2013 1580 2048 κόσμου.

1098 2057 1139 2084 16.
1168 2056 1225 2083 Καὶ
1246 2057 1306 2088 τοὺς
1328 2057 1508 2090 ἀσθενοῦντας
1529 2059 1635 2091 αὐτῶν,
1660 2060 1676 2095 ῆ
1699 2060 1851 2087 καταδυνα-

1061 2102 1239 2137 στευομένους
1259 2102 1311 2128 ὑπὸ
1327 2102 1373 2128 τοῦ
1395 2103 1518 2131 διαϐόλου
1543 2104 1628 2132 ἔσωσε
1649 2105 1694 2132 διὰ
1716 2105 1747 2132 τὺ
1765 2106 1852 2141 ὄνομα

1061 2147 1142 2175 αὑτοῦ
1158 2147 1187 2174 τὸ
1202 2148 1400 2184 φιλάνθρωπον.

1024 2177 1048 2207 D
1097 2194 1141 2225 Π.
1159 2177 1216 2221 Ἴνά
1232 2177 1377 2231 φανερώσει]
1390 2195 1481 2227 αὐτοῖς
1493 2195 1542 2231 τὴν
1555 2196 1631 2232 ἰσχὺν
1643 2196 1736 2223 αὑτοῦ.

1096 2240 1141 2268 18.
1157 2240 1213 2267 Καὶ
1226 2241 1375 2277 ἐπετίμησε
1391 2241 1435 2268 διὰ
1450 2241 1498 2269 τοῦ
1514 2241 1593 2276 λόγου
1607 2242 1656 2277 τῆς
1670 2243 1782 2279 χάριτος
1799 2243 1851 2270 αὖ.

1059 2286 1106 2313 τοῦ
1121 2288 1153 2322 τῇ
1167 2287 1287 2322 ἁμαρτίᾳ
1299 2287 1345 2314 τοῦ
1361 2287 1475 2324 κόσμου,
1488 2289 1535 2315 καὶ
1554 2289 1704 2324 ὲνέκρωσεν
1716 2290 1812 2325 αὐτήν.

1095 2333 1139 2362 19.
1163 2333 1220 2361 Καὶ
1239 2333 1303 2365 τοὺς
1325 2333 1502 2366 πιστεύοντας
1520 2334 1594 2370 αὐτῷ
1611 2334 1753 2370 ὡδήγησεν
1768 2336 1797 2362 ὲν
1811 2336 1849 2371 τῷ

1061 2378 1245 2414 βαπτίσματι,
1262 2379 1292 2406 ὲν
1314 2379 1446 2416 φωτισμῷ
1466 2379 1505 2412 ὡς
1520 2381 1583 2413 τοὺς
1603 2380 1677 2412 υίοὺς
1700 2381 1809 2417 Ἰσραὴλ
1821 2383 1850 2408 ὲν

1060 2423 1093 2457 τῇ
1111 2422 1216 2458 ἐρήμῳ-

1095 2466 1199 2513 2θ,ξ21.
1216 2466 1256 2513 _(8)
1276 2467 1313 2493 Τὸ
1335 2467 1475 2505 βάπτίσμα
1495 2469 1558 2502 τοὺς
1580 2469 1713 2513 ᾇρχοντας
1729 2470 1777 2497 τοῦ
1797 2471 1848 2498 Σάι

1061 2510 1131 2539 τανᾶ
1144 2509 1321 2542 ἐθανάτωσεν.

699 2595 853 2629 Addenda
868 2601 899 2629 et
911 2599 1100 2640 corrigenda
1117 2610 1156 2632 ex
1175 2603 1247 2634 eod.
1261 2603 1362 2638 Vatic.

311 2666 428 2709 Ἑλθεωι
439 2669 584 2709 καὶ-σῶσαι
598 2670 660 2709 τοὺς
672 2670 848 2709 πιστειξοντάς
867 2680 918 2709 σοι,

319 2703 374 2748 Σοῦ
387 2703 434 2732 καὶ
442 2705 525 2740 ἡμᾶς,
533 2711 585 2736 etc.
601 2703 619 2742 ᾖ
631 2707 717 2738 ποιεῖς
728 2707 784 2739 τοῖς
794 2707 939 2741 ἐκλεκτοῖς,
954 2712 1006 2738 etc.

388 2775 570 2811 μακαρισμοῦ.

261 2808 300 2849 (δ)
314 2808 358 2838 Ἐν
372 2808 419 2847 τῷ.
440 2808 493 2845 etc.

1106 2674 1133 2710 6)
1149 2677 1292 2713 Ἀμετρον.

1108 2711 1134 2745 7)
1149 2712 1258 2746 Διανοίᾳ
1270 2713 1341 2741 κατὰ
1357 2714 1414 2745 σοῦ,
1432 2714 1472 2746 ἐν,
1488 2719 1540 2742 etc.

1099 2742 1142 2785 (si
1156 2746 1189 2773 N.
1216 2742 1323 2781 20,21,
1348 2749 1394 2777 22.
1409 2742 1527 2782 '1'6.'eic.
1549 2748 1582 2778 Ν.
1603 2749 1648 2778 23.
1665 2750 1773 2783 Πάντις
1795 2750 1846 2785 γὰρ

1063 2780 1170 2815 αὐτούς,
1181 2787 1223 2810 etc
