1910 3048
10 110 73 140 “13

38 171 79 198 Β.
95 168 246 204 sum”
261 169 333 205 ὕδωρ
348 169 412 201 τοὺς
425 169 565 202 θλίϐοντας
576 170 674 202 αὐτούς
683 179 690 186 ·

39 216 82 243 25.
95 212 143 246 Εἷς
159 214 190 247 ἐξ
203 215 292 241 αὐτῶν
304 215 352 249 οὐχ
365 210 524 250 ὑπελείφθη.

40 261 80 288 24.
96 260 152 287 Kal
165 260 327 287 ἐπίστευσαν
339 260 379 296 τῷ
393 260 464 295 λόγῳ
478 260 572 290 αὑτοῦ.

38 305 79 333 25.
92 305 148 332 Kal
161 303 232 342 ᾖσαν
243 305 293 340 τὴν
307 306 410 333 αἰνεσιν
421 305 516 335 αὐτοῦ.

42 393 81 420 26.
100 393 258 429 Ἐτάχυναν,
274 393 436 421 ἐπελάθοντο
448 394 502 421 τῶν
514 395 602 430 ἔργων
618 395 700 423 αὐτοῦ
710 403 717 411 ·

44 439 83 465 27.
96 439 151 474 Οὐχ
163 439 311 473 ὑπέμειναν
323 439 373 476 τὴν
391 439 486 475 βουλὴν
503 440 596 467 αὐτοῦ.

42 485 82 512 28.
96 486 150 512 Kal
167 485 343 520 ἐπεθύμησαν
358 486 504 521 ἐπιθυμίαν
520 488 548 513 ὲν
563 488 594 522 τῇ
611 487 718 523 ἐρήμῳ·

42 530 80 559 29.
93 531 148 557 Καὶ
162 531 310 566 ἐπείρασαν
325 531 370 558 τὸν
384 532 450 558 Θεὸν
462 532 490 558 ὲν
507 533 624 568 ἀνύδρῳ.

44 577 82 604 30.
99 578 153 604 Kal
170 577 271 604 ἔδωκεν
286 577 378 608 αὐτοῖς
391 577 422 604 τὸ
439 578 542 614 αἴτημα
557 578 646 605 αὐτῶν
657 585 664 593 ·

44 623 83 649 51.
102 623 290 656 Ὲξαπέστειλε
303 623 463 660 πλησμονὴν
476 625 516 656 είς
527 624 575 656 τὰς
586 624 674 660 ψυχὰς
689 624 787 652 αὐτῶν.

42 668 79 695 52.
93 669 146 695 Kal
159 668 339 705 παρώργισαν
347 668 392 696 τὸν
404 670 522 705 Μωῡσῆν
531 671 559 696 ὲν
566 671 599 705 τῇ
616 670 787 706 παρεμϐολῇ,

41 715 81 742 33.
94 715 144 741 Τὸν
158 716 198 750 (ιι)
217 715 321 751 ’Δαρὼν
337 715 383 742 τὸν
399 717 477 750 ἅγιον
493 715 606 751 Κυρίου.

42 761 80 788 54.
100 761 225 798 Ὴνοίχθη
243 763 258 797 ἠ
275 763 321 797 γῆ,
335 762 381 789 καὶ
398 763 512 790 κατέπιε
524 763 628 789 Δαθάν·

41 808 80 834 35.
95 809 148 834 Kal
163 808 297 844 ἐκάλυψεν
309 809 355 835 ἐπὶ
366 808 415 844 τὴν
428 809 587 844 συναγωγὴν
604 809 742 846 Ἀσιιρών.

42 853 79 880 56.
98 854 154 881 Καὶ
167 854 303 890 ἐξεκαύθη
321 854 377 890 πῦρ
391 855 420 881 ὲν
436 856 469 890 τῇ
487 856 631 892 συναγωγῇ
645 854 734 882 αὐτῶν
744 863 751 872 ν

44 900 83 931 37.
95 900 162 933 Φλδξ
179 900 344 936 κατέφλεξεν
357 900 546 938 ἁμαρτωλούς.

45 971 75 1008 (a)
89 972 139 1000 Τόν
153 973 241 1005 deest,

462 111 505 139 DE
525 111 665 141 TITULIS
683 113 908 142 PSALMORUM.
928 129 963 135 --
978 112 1076 141 PSAL.
1095 112 1153 140 CV.

1555 113 1626 143 ιιιι

803 175 823 202 Α
873 169 920 198 22.
941 170 1054 204 Operuit
1068 177 1139 204 aqua
1156 168 1315 196 tribulantes
1328 176 1397 197 eos:

872 216 918 244 23.
938 216 1016 243 Unus
1033 224 1068 243 ex
1082 216 1122 243 eis
1139 223 1193 242 non
1210 215 1350 243 remansit.

873 263 918 290 24.
942 262 975 290 Et
988 262 1163 290 crediderunt
1174 261 1257 288 verbo
1272 261 1333 296 ejus
1347 260 1462 297 [verbis]
1477 271 1484 288 :

872 307 918 335 25.
944 307 977 334 Et
995 308 1154 335 cecinerunt
1173 306 1280 334 laudem
1301 306 1492 343 [laudaverunt
1504 306 1626 344 laudem]

839 354 908 390 ejus.

874 400 920 428 26.
942 399 1004 427 Cito
1020 399 1154 431 fecerunt,
1169 398 1247 426 obliti
1265 402 1328 426 sunt
1341 405 1454 433 operum
1474 398 1553 433 ejus:

876 446 920 473 27.
941 446 972 473 Et
993 454 1048 473 non
1063 446 1253 473 sustinuerunt
1269 445 1413 472 consilium
1433 443 1505 479 ejus.

873 492 917 519 28.
939 492 972 519 Et
983 492 1180 526 concupierunt
1193 490 1442 525 concupiscentiam
1456 489 1483 516 in
1499 489 1624 517 deserto:

874 537 920 567 29.
939 538 972 565 Et
988 541 1164 564 tentaverunt
1183 536 1267 563 Deum
1290 537 1317 565 in
1341 536 1486 571 inaquoso.

873 583 918 611 30.
944 583 978 610 Et
994 583 1068 610 dedit
1081 583 1122 610 eis
1139 583 1296 618 petitionem
1315 582 1435 616 ipsorum
1452 591 1459 609 :

873 628 919 655 3L
945 627 1018 655 Misit
1031 627 1199 655 saturitatem
1215 627 1242 654 in
1259 627 1365 655 animas
1380 634 1486 657 eorum.

873 672 918 699 32.
939 672 971 699 Et
984 672 1159 699 irritaverunt
1173 671 1282 707 Moysen
1297 671 1325 698 in
1342 673 1459 704 castris,

874 719 919 747 33.
941 718 1030 746 Aaron
1049 725 1174 746 sanciunt
1191 718 1311 746 Domini.

874 765 919 792 54.
941 766 1042 800 Aperta
1052 771 1094 793 est
1109 770 1190 798 terra,
1203 771 1230 793 et
1240 765 1382 800 deglutivit
1394 763 1500 791 Dathan
1513 773 1520 791 :

874 811 919 838 55.
939 811 973 840 Et
986 812 1093 847 operuit
1106 819 1188 846 super
1201 812 1439 846 congregationem
1458 811 1572 838 Ahiron.

876 855 921 885 36.
941 855 975 883 Et
985 857 1088 885 exarsit
1110 857 1182 892 ignis
1202 856 1230 884 in
1246 864 1382 892 synagoga
1397 863 1490 884 eorum
1502 876 1512 884 .

807 899 828 927 Β
883 902 929 930 37.
948 902 1069 930 Flamma
1082 902 1234 931 combussit
1252 906 1420 938 peccatores.

560 1049 752 1078 ATHANASll
772 1047 1068 1078 INTEBPRETATIO.

44 1130 84 1163 22,
94 1130 138 1158 23.
151 1130 261 1162 Πάντας
274 1129 328 1167 γὰρ
341 1129 500 1166 συνέτριψεν
510 1129 558 1157 ἐπὶ
571 1129 618 1156 τοῦ
631 1129 736 1162 ὕδατος.

45 1174 85 1201 2L
102 1175 134 1202 οι
149 1173 345 1209 βαπτισθέντες
361 1174 523 1202 ἐπίστευσαν
536 1175 593 1206 τοῖς
608 1174 712 1211 ῥηθεῖσι
726 1175 791 1210 παρ’

20 1219 86 1249 αὑτοῦ
105 1221 133 1247 ἐν
147 1222 206 1252 τοῖς
217 1219 394 1255 Εὑαγγελίοις
408 1220 473 1256 περὶ
484 1219 534 1256 τῆς
546 1219 729 1255 ἀποκειμένης
742 1219 792 1257 βαν

21 1266 105 1298 σιλείας
117 1266 170 1293 τῶν
186 1266 215 1292 οὐ
221 1266 318 1301 ρανῶν.

46 1311 84 1339 25.
101 1313 155 1339 Kal
169 1312 299 1345 ἐδόξασαν
313 1312 405 1339 αὐτόν.

46 1355 83 1383 26.
101 1357 128 1384 '0
143 1357 207 1389 λαὸς
223 1357 277 1384 τῶν
294 1357 428 1384 Ἰουδαίων

46 1401 83 1428 27.
98 1403 133 1429 Οὐ
146 1402 286 1438 διέμειναν
304 1403 333 1429 ὲν
343 1402 383 1438 τῷ
395 1403 469 1438 νόμῳ
493 1402 540 1429 καὶ
553 1403 613 1434 ταῖς
626 1403 729 1438 φωναῖς
737 1402 792 1429 τῶν

21 1449 158 1484 προφητῶν.

46 1492 85 1521 28.
109 1495 164 1521 Kal
191 1494 290 1530 μᾶλλον
313 1494 460 1530 ἠγάπησαν
487 1494 537 1530 τὴν
570 1493 720 1521 ἀπόλαυσιν
743 1493 790 1523 τοῦ

22 1539 106 1575 κόσμου
119 1541 226 1569 τούτου.

47 1585 84 1613 29.
97 1587 150 1614 Kal
169 1587 320 1622 ἐπείρασαν
335 1587 381 1614 τὸν
396 1587 462 1614 Θεὸν
480 1587 509 1613 ὲν
525 1587 585 1617 ταῖς
603 1586 727 1621 καρδίαις
744 1586 792 1613 αὺ-

21 1630 63 1657 τῶν
81 1633 137 1664 ταῖς
159 1633 199 1668 μὴ
218 1632 343 1668 ἐχούσαις
367 1634 447 1668 χάριν
462 1632 530 1659 Θεοῦ
541 1651 549 1664 ,
565 1631 689 1666 λέγοντες
703 1632 790 1667 αὐτῷ·

22 1676 128 1710 Σημεῖον
140 1679 271 1713 θέλομεν
286 1678 361 1705 ἰδεῖν
374 1678 432 1706 ἀπὸ
448 1679 517 1706 σοῦ.

48 1722 85 1750 30.
99 1725 187 1760 Ὅπερ
205 1725 244 1760 (1)
262 1724 408 1759 ἠθέλησαν.

49 1766 86 1794 3i.
105 1768 150 1795 Ἐκ
162 1768 218 1795 τῶν
240 1769 321 1796 πέντε
341 1768 379 1804 (2)
397 1768 497 1804 ἄρτων,
515 1768 563 1795 καὶ
582 1767 664 1797 πάλιν
682 1767 715 1794 ὲκ
738 1766 792 1796 τῶν

23 1811 76 1839 tm
89 1814 233 1850 ἐχόρτασεν
248 1814 357 1846 αύτούς.

62 1858 86 1891 2,
103 1860 145 1888 33.
177 1860 217 1896 (3)
239 1861 294 1887 Καὶ
317 1860 464 1896 ἐπέμειναν
501 1859 714 1896 παροργίςοντες
747 1859 792 1886 τὸν

24 1902 72 1931 Υιὺν
89 1905 115 1932 ὲν
131 1906 169 1942 τῷ
185 1907 292 1941 κόσμῳ.
310 1906 441 1941 Μωυσῆς
455 1905 508 1942 γὰρ
524 1906 702 1941 ἑρμηνεύεται
719 1906 791 1933 ἀνά-

24 1949 113 1983 ληψις,
134 1952 204 1988 ὅπερ
216 1952 290 1980 εστὶν
311 1953 326 1979 6
345 1953 408 1984 Υἱὸς
421 1952 467 1979 τοῦ
481 1952 559 1985 Θεοῦ,
574 1953 711 1988 ἀνελήφθη
727 1952 790 1987 γάρ.

29 1993 116 2029 Ἀαρὼν
131 1998 313 2034 ἑρμηνεύεται
326 1999 395 2033 ὄρος
412 1998 565 2034 δυνάμεως
577 2006 584 2014 ·
599 1998 644 2026 τὸν
661 1996 708 2025 οὖν
728 1998 792 2024 Υίὺν

25 2040 58 2066 τοῦ
70 2041 132 2069 Θεοῦ
143 2043 230 2078 λέγει,
246 2044 292 2070 τὸν
304 2044 374 2071 κατὰ
388 2043 469 2079 φύσιν
481 2044 570 2079 ἅγιον.

50 2087 86 2114 34.
106 2089 230 2125 Ἦνοίχθη
245 2090 262 2125 ὴ
275 2090 347 2126 ψυχὴ
362 2090 416 2117 τῶν
431 2090 615 2117 ἀπειθούντων
631 2098 669 2124 τῳ
685 2088 791 2124 Κυρίῳ,

25 2133 58 2160 καὶ
70 2134 158 2163 ἔλαϐεν
173 2137 287 2168 ἑαυτοὺς
300 2137 349 2172 τὴν
361 2137 497 2174 ἁμαρτίαν
511 2136 539 2173 [ἡ
549 2135 682 2172 ἁμαρτία]
691 2135 790 2162 αὐτῶν

25 2178 102 2206 Αιιθὰν
115 2181 168 2218 γὰρ
184 2182 286 2216 κρίσις
302 2182 446 2217 δεδομένη
464 2182 644 2218 ἑρμηνεύεται
660 2182 709 2216 (Δ).

49 2224 87 2252 55.
116 2228 249 2262 Ἀϐειρὼν
286 2229 467 2264 ἑρμηνεύεται
493 2228 628 2262 πατέρων·
653 2226 792 2262 ὑψηλῶν.

29 2267 156 2306 Ἒκάλυψεν
178 2271 225 2300 οὖν
248 2274 264 2308 ἡ
289 2274 413 2309 ἁμαρτία
440 2273 489 2309 τὴν
507 2273 667 2307 συναγωγὴν
691 2272 721 2298 τὸ
746 2272 794 2307 μὲν

26 2314 112 2347 πρῶτον
134 2318 190 2345 τῶν
217 2319 347 2354 Πατέρων
374 2319 428 2346 τῶν
452 2320 548 2354 ἁγίων,
577 2318 722 2356 [δεύτερον
748 2316 795 2353 δὲ]

25 2359 65 2387 τῶν
75 2362 207 2398 ἀρχόντων
222 2365 259 2400 (5)
274 2365 329 2392 τῶν
342 2365 564 2401 τετυφλωμένων.

51 2405 145 2436 56.Καὶ
156 2409 319 2438 ἐπλεόνασεν
334 2412 350 2446 ή
367 2411 489 2446 ἁμαρτία
499 2411 527 2437 ὲν
538 2412 571 2446 τῇ
585 2410 683 2448 καρδία
693 2408 792 2436 αὐτῶν.

52 2450 88 2479 37.
102 2454 155 2482 Kal
166 2456 267 2492 ἀνομία
283 2456 471 2492 κατηνάλωσεν
485 2457 593 2489 αὐτούς.

874 1128 919 1161 22,
939 1128 985 1156 23.
1011 1127 1114 1156 Omnes
1127 1127 1200 1155 enim
1214 1126 1342 1155 contrivit
1357 1126 1383 1153 in
1405 1134 1485 1162 aqua.

873 1175 919 1203 2i.
938 1174 1071 1210 Baptizati
1099 1177 1191 1201 autem
1218 1172 1393 1201 crediderunt
1416 1180 1447 1200 ea
1474 1179 1534 1207 qua
1556 1171 1627 1199 dicta

839 1220 943 1249 suntin
958 1219 1112 1256 Evangeliis
1125 1219 1158 1247 de
1171 1226 1254 1255 regno
1269 1218 1412 1250 caelorum,
1427 1218 1500 1253 Quod
1522 1217 1563 1245 eis
1586 1225 1629 1245 re-

839 1267 957 1303 positum
970 1271 1021 1294 est.

842 1322 858 1350 ί
877 1313 923 1341 25.
944 1313 977 1340 Et
989 1312 1211 1348 gloriﬁcaverunt
1221 1319 1295 1339 eum.

876 1359 922 1387 26.
946 1358 1067 1393 Populus
1085 1357 1251 1385 Judmorum.

877 1405 924 1432 27.
945 1404 1003 1432 Non
1020 1407 1228 1439 permanserunt
1247 1403 1275 1430 in
1290 1403 1354 1439 lege
1373 1406 1401 1430 et
1419 1401 1499 1429 dictis
1514 1400 1630 1436 prophe-

843 1456 977 1524 taggllit
990 1496 1077 1532 magis
1094 1495 1248 1523 dilexerunt
1264 1494 1359 1523 mundi
1376 1493 1459 1529 hujus
1470 1491 1629 1521 oblectatio-

806 1531 827 1561 ϐ
844 1549 917 1569 nem.

877 1587 922 1616 29.
942 1586 976 1615 Et
1003 1591 1178 1615 tentaverunt
1215 1586 1301 1614 Deum
1337 1587 1364 1613 in
1382 1587 1513 1614 cordibus
1534 1593 1629 1613 eorum

842 1633 956 1669 gratiam
971 1632 1018 1659 Dei
1035 1639 1088 1659 non
1107 1632 1281 1665 habentibus,
1305 1631 1430 1660 dicentes
1450 1631 1523 1666 ipsi:
1547 1630 1629 1657 Votu-

823 1689 825 1691 ·
842 1687 900 1706 mus
915 1687 931 1705 a
950 1683 973 1705 te
988 1680 1091 1714 signum
1099 1678 1184 1705 videre
1200 1679 1243 1704 η’.

878 1725 924 1752 50.
945 1724 1024 1757 Quod
1042 1724 1196 1751 voluerunt.

878 1771 923 1799 3|.
943 1770 1069 1805 Quinque
1083 1770 1208 1805 panibus,
1224 1775 1251 1798 et
1269 1777 1366 1797 rursus
1397 1772 1500 1804 septem
1522 1767 1631 1798 satiavit

842 1824 889 1844 eos
907 1816 940 1847 .".

877 1862 922 1895 32,
945 1862 989 1889 35.
1010 1861 1044 1889 Et
1059 1866 1302 1897 perseveraverunt
1323 1861 1463 1888 irritantes
1479 1858 1577 1886 Filium
1602 1858 1630 1886 in

842 1908 954 1935 mundo.
973 1908 1077 1942 Moyses
1088 1908 1160 1935 enim
1177 1907 1370 1941 interpretatur
1384 1906 1542 1940 assumptio,
1557 1905 1630 1940 quod

842 1955 970 1982 convenit
982 1953 1030 1981 Dei
1044 1953 1123 1985 Filio.
1138 1954 1184 1988 qui
1202 1957 1360 1988 assumptus
1375 1957 1425 1980 est.
1443 1953 1532 1979 Aaron
1549 1951 1632 1978 inter-

843 2003 965 2033 pretatur
988 2007 1061 2026 mons
1089 1999 1212 2026 virtutis:
1240 1999 1332 2033 itaque
1356 1997 1492 2032 signiﬁcat
1511 1995 1559 2023 Dei
1584 1995 1632 2023 Fi-

842 2043 920 2077 lium,
934 2044 980 2078 qui
998 2044 1148 2071 secundum
1164 2049 1289 2071 naturam
1305 2049 1417 2071 sanctus
1437 2047 1491 2070 est.

877 2089 922 2116 34.
947 2088 1047 2124 Aperta
1060 2094 1102 2116 est
1126 2089 1216 2116 anima
1236 2096 1290 2116 non
1316 2087 1560 2123 obtemperantium
1577 2087 1632 2114 Do-

842 2135 927 2164 mino.
940 2138 968 2161 et
981 2138 1122 2168 peccatum
1137 2142 1230 2162 eorum
1243 2134 1364 2169 suscepit
1380 2134 1472 2169 ipsos;
1492 2141 1555 2163 nam
1570 2133 1629 2160 Da-

846 2181 909 2207 than
923 2180 1055 2214 judicium
1070 2181 1163 2207 datum
1185 2181 1389 2215 interpretatur.

881 2226 924 2253 35.
943 2226 1043 2252 Abiron
1060 2226 1256 2260 interpretatur
1279 2230 1355 2260 pater
1380 2223 1508 2255 excelsus.
1533 2223 1634 2252 Pecca-

844 2275 901 2297 tum
930 2261 1014 2306 igitur
1041 2271 1186 2305 cooperuit
1213 2278 1380 2306 synagogam
1414 2275 1493 2298 antea
1520 2269 1632 2297 Patrum

843 2321 1012 2349 sanctorum,
1029 2321 1057 2344 et
1070 2316 1166 2344 deinde
1186 2317 1338 2352 principum
1359 2323 1465 2347 eorum.
1479 2316 1528 2352 qui
1542 2323 1633 2344 excr-

844 2363 898 2390 cati
913 2367 987 2390 sunt.

880 2407 925 2435 56.
951 2408 984 2435 Et
992 2407 1146 2448 abundavit
1158 2413 1299 2444 peccatum
1315 2408 1342 2436 in
1359 2409 1442 2437 corde
1457 2418 1563 2439 eorum.

883 2453 929 2482 57.
950 2453 983 2481 Et
998 2454 1128 2489 iniquitas
1141 2455 1311 2490 consumpsit
1329 2463 1377 2483 eos

60 2528 186 2559 "'Matth.
202 2540 252 2564 xu.
269 2533 314 2560 32.
355 2534 377 2549 "
399 2533 494 2561 Matth.
519 2542 574 2568 xw,
600 2533 652 2567 :6;
673 2541 718 2565 xv,
743 2533 796 2567 3A;
813 2532 896 2560 Marc.
910 2540 955 2562 vx.
971 2532 1023 2567 38;
1040 2541 1100 2566 vm,
1115 2533 1147 2566 l;
1167 2532 1247 2563 Juan.
1266 2543 1311 2562 vr.
1342 2534 1385 2563 ιο.

480 2611 634 2642 Addenda
650 2616 681 2641 et
697 2611 886 2651 corrigenda
903 2620 942 2642 ex
962 2611 1034 2642 cod.
1053 2611 1154 2642 Vatic.

95 2694 146 2731 Kal
161 2695 260 2723 ἔδωκεν
274 2696 366 2728 αὐτοῖς
377 2695 455 2731 ὅπερ,
471 2701 523 2724 etc.

53 2726 85 2766 (ἓ)
97 2730 178 2766 Elim,
191 2732 256 2766 γάρι

54 2761 128 2801 (ἕξιν.
146 2761 258 2794 32.1w
279 2767 303 2793 ι.
329 2775 359 2793 π.
376 2775 402 2792 τ.
425 2766 470 2793 rt.
493 2765 540 2793 τοῦ
561 2766 628 2793 Θεοῦ
649 2774 734 2801 usque
760 2767 792 2794 ad

29 2792 143 2838 ἀνιλήφθη
151 2792 226 2839 ἀάρἷ
241 2792 336 2830 Νίδδ.
353 2792 468 2839 "meo.
480 2802 504 2829 ι.
515 2792 542 2829 δ.
557 2792 678 2834 δννατόνζ
686 2792 744 2833 ac}

879 2697 918 2731 (4)
934 2697 1050 2725 Ἐλαὸον
1082 2698 1131 2740 εφη
1149 2698 1263 2730 ἑαυτοὺς
1293 2703 1342 2760 τὲν
1365 2697 1502 2733 αμαρτίαν
1527 2697 1629 2724 αὐτῶν.

879 2732 931 2758 θάν
945 2733 999 2760 γὰο
1015 2734 1195 2760 ἑρμηνεύεται
1212 2733 1302 2760 κρίσις
1330 2733 1452 2760 ιδομένη.

843 2732 931 2759 Δαθάν
945 2733 999 2768 γὰρ
1015 2734 1046 2769 ἐρ
1069 2732 1195 2768 ηνεύεται
1212 2733 1302 2768 κρίσις
1314 2732 1452 2768 διδομένη.

879 2767 917 2796 (5)
939 2768 976 2794 Τὸ
999 2768 1027 2794 δὲ
1049 2742 1174 2796 ἕεύτεοον
1198 2768 1320 2796 βούλεται
1337 2769 1352 2796 ἡ
1369 2767 1500 2796 ἑρμηνεία
1514 2767 1546 2793 τᾶ

861 2767 917 2830 ὀξεῖ)
939 2766 1036 2832 Τὸέ
1049 2766 1174 2807 δεύτερον
1198 2766 1320 2803 βούλεται
1337 2769 1353 2804 ἡ
1369 2766 1500 2804 ἑρμηνεία
1514 2767 1566 2793 τῶν
1582 2766 1633 2803 ἁρ-

844 2812 859 2840 χ
907 2812 956 2835 ων.
1017 2823 1023 2830 .
