1910 3048
10 179 72 206 Il'tl
477 174 521 202 DE
540 174 678 204 TlTULlS
695 174 921 203 PSALMORUM.
940 191 975 195 —
993 172 1092 203 PSAL.
1115 173 1184 203 CVI.
1571 177 1642 205 1122

39 229 82 257 88.
98 229 247 261 Πλεονάκις
265 229 399 265 ὲρρύσατο
413 230 522 262 αὐτούς’

492 239 522 262 ις’
813 235 837 263 Α
886 231 930 258 88.
945 231 1021 266 Saepe
1037 232 1162 259 liberavit
1175 239 1224 259 eos
1239 253 1246 259 .

40 275 83 302 89.
114 275 197 302 Αὐτοὶ
220 275 250 302 δὲ
274 275 484 311 παρεπίκραναν
507 277 588 304 αὐτὸν
615 285 643 304 εν
658 286 691 313 τῃ
717 278 794 313 βουλῇ

889 277 931 304 89.
949 276 1002 313 Ipsi
1027 282 1117 305 autem
1143 278 1376 306 exacerbaverunt
1395 286 1458 307 eum
1481 277 1510 307 in
1525 279 1643 308 consilio

5 321 107 352 ωηεν.

852 331 903 351 8110
916 332 922 351 Σ

40 368 84 396 90.
98 367 151 394 Kal
162 366 386 403 ἐταπεινώθησαν
401 368 431 394 ὲν
444 369 504 400 ταῖς
517 369 645 403 ἀνομίαις
661 368 764 395 αὐτῶν.

887 369 932 396 90.
949 367 981 396 Et
993 369 1127 397 humiliati
1145 370 1251 398 suntin
1268 370 1459 406 iniquitatibus
1472 371 1540 400 suis.

41 415 85 442 9|.
98 414 151 442 Kal
160 412 216 441 εἶδε
230 414 333 450 Κύριος
346 416 374 441 ὲν
388 414 426 449 τῷ
443 413 581 441 θλίϐεσθαι
605 415 713 446 αὐτούς·

888 416 932 444 9|.
948 416 979 444 Et
997 416 1061 443 vidit
1077 417 1218 449 Dominus,
1232 425 1294 444 cum
1309 418 1360 452 ipsi
1376 419 1589 447 tribularentur:

42 462 85 489 92.
106 462 150 488 Ἐν
162 461 201 496 τῷ
220 461 301 488 αὐτὸν
317 460 475 489 εἰσακοῦσαι
489 461 539 495 τῆς
549 462 668 497 δεήσεως
680 461 781 488 αὐτῶν.

631 470 668 493 ως
680 461 781 488 αὐτῶν.
887 463 931 490 9‘2.
947 463 979 490 Et
998 464 1101 491 audivit
1114 465 1265 492 orationem
1280 472 1384 492 eorum.

43 508 85 535 93.
103 507 155 534 Kal
169 506 292 542 ἐμνήσθη
305 507 356 542 τῆς
369 507 502 543 διαθήκης
518 507 613 534 αὑτοῦ-

888 511 932 537 95.
952 510 985 537 Ει
1000 518 1105 538 memor
1118 510 1170 538 luit
1184 511 1339 538 testamenti
1353 511 1395 538 sui
1408 520 1415 538 :

42 554 85 581 94.
103 553 156 580 Kal
169 553 340 589 μετεμελήθη
356 553 426 580 κατὰ
447 553 477 580 τὸ
503 553 605 589 πλῆθος
628 554 674 580 τοῦ
706 553 796 586 ἐλέους

887 556 931 583 91.
960 555 994 583 Ει
1015 556 1143 591 paenituit
1172 563 1234 583 eum
1263 556 1412 584 secundum
1437 556 1638 586 multitudinem

7 600 90 628 αὑτοῦ
95 621 101 627 .

851 602 1047 630 misericordia:
1063 610 1129 630 suae.

42 648 85 674 95.
101 646 154 674 Kal
168 646 268 673 ἔδωκεν
282 646 380 677 αὐτοὺς
390 646 430 678 εις
447 647 615 682 οίκτιρμοὺς,

885 647 930 674 95.
949 646 981 674 Et
996 647 1071 674 dedit
1085 655 1132 675 eos
1147 648 1174 675 in
1191 648 1402 682 misericordias,

41 693 85 720 96.
117 693 254 720 Ἐναντίον
285 692 393 720 πάντων
429 692 483 719 τῶν
518 693 795 728 αἰχμαλωτευσάντων

887 693 931 721 96.
947 693 976 721 ln
994 699 1143 729 conspectu
1158 695 1292 728 omnium,
1310 695 1357 731 qui
1371 701 1497 731 ceperant
1509 704 1568 726 eos.

6 748 113 771 αυτους.

41 787 85 813 97.
99 786 189 812 Σῶσον
203 786 287 822 ἡμᾶς,
302 784 384 821 Κύριε
399 786 413 811 ὁ
429 785 494 816 Θεὸς
506 786 583 821 ἡμῶν
601 794 608 801 ·

888 783 932 811 97.
950 782 1045 811 Salvos
1059 792 1107 811 nos
1122 783 1175 817 lac,
1194 785 1309 813 Domine
1326 785 1398 814 Deus
1413 790 1523 816 noster:

42 834 87 861 98.
105 834 161 860 Kal
178 833 363 867 ὲπισυνάγαγε
381 833 454 868 ἡμᾶς
465 833 497 859 ὲκ
514 832 568 859 τῶν
584 832 670 859 έθνῶν
683 841 690 848 ·

683 841 690 848 -
885 829 930 857 98.
947 829 980 857 Et
993 838 1127 866 congrega
1140 839 1192 859 nos
1206 831 1240 859 de
1257 832 1412 861 nationibus
1425 841 1433 860 :

42 881 86 908 99.
100 880 153 907 Τοῦ
163 879 412 915 ἐξομολογήσασθαι
425 879 464 914 τῷ
477 879 589 914 ὀνόματί
602 887 648 905 σου
663 878 703 915 τῷ
713 878 795 914 ἁγίῳ·

727 878 795 914 ιγίῳ·
886 875 931 903 99.
947 875 982 903 Ut
994 875 1172 903 confiteamur
1185 877 1287 904 nomini
1300 881 1396 906 sancto
1416 883 1481 907 tuo:

43 927 104 953 100.
122 926 175 953 Τοῦ
188 925 374 962 ὲγκαυχᾶσθαι
388 926 417 952 ἐν
426 927 459 961 τῇ
471 925 572 952 αἰνέσει
589 934 646 952 σου.

607 934 646 952 ου,
810 915 835 946 Β
883 921 944 949 100.
962 923 994 949 Et
1005 923 1153 957 gloriemur
1164 923 1194 950 in
1213 923 1292 951 laude
1305 929 1361 951 tua.

42 972 103 999 101.
122 972 274 1007 Εὐλογητὸς
298 971 424 1007 Κύριοςό
440 970 506 1002 Θεὸς
527 970 652 1006 Ἰσραήλ’

883 969 944 996 101.
956 968 1118 997 Benedictus
1134 969 1264 998 Dominus
1279 969 1351 998 Deus
1362 970 1464 999 lsrael:

41 1017 103 1045 102.
123 1017 189 1044 Ἀπὸ
199 1017 245 1043 τοῦ
256 1017 352 1048 αίῶνος
366 1016 414 1043 καὶ
428 1016 480 1047 ἕως
492 1015 539 1041 τοῦ
553 1015 662 1046 αἰῶνος.

883 1014 945 1042 102.
961 1014 984 1040 Α
996 1015 1107 1048 saeculo,
1124 1019 1151 1042 et
1168 1023 1256 1050 usque
1273 1015 1300 1042 in
1315 1016 1456 1044 saeculum.

41 1063 103 1091 103.
118 1063 173 1090 Kal
192 1064 250 1099 ὲρεί
264 1063 317 1095 πᾶς
334 1063 348 1088 ὁ
363 1062 442 1094 λαός·
459 1061 576 1094 Γένοιτο,
591 1061 707 1095 γένοιτο.

883 1061 944 1088 105.
961 1060 994 1088 Et
1007 1061 1079 1088 dicet
1095 1061 1185 1089 omnis
1204 1061 1321 1097 populus
1335 1071 1342 1089 :
1359 1061 1429 1096 Fiat,
1447 1063 1503 1091 ﬁat.

202 1121 389 1155 Ἆλληλούτα.
418 1121 505 1147 ΨΑΑ.
530 1120 600 1153 PG".

1066 1118 1193 1146 Alleluia.
1215 1119 1320 1147 PSAL.
1338 1120 1413 1148 CVI.

40 1168 66 1195 1.
87 1167 306 1204 Ἐξομολογεῖπθε
323 1167 362 1202 τῷ
374 1167 479 1203 Κυρίῳ,
498 1167 539 1193 ὅτι
554 1165 672 1202 χρηστός
684 1172 693 1182 ⁸

884 1164 910 1191 1.
924 1163 1099 1193 Conﬁtemini
1116 1165 1244 1200 Domino,
1259 1167 1390 1203 quoniam
1403 1168 1474 1195 bom-

567 1254 751 1283 ATHANASII
779 1253 1072 1283 INTERPRETATIO.

40 1338 85 1366 88.
102 1338 236 1369 Πολλάκις
254 1345 442 1373 συνεχωρησεν
457 1335 567 1367 αὐτούς.

514 1335 567 1367 θός.
882 1332 927 1360 88.
944 1333 1022 1369 Sazpe
1035 1333 1200 1372 condonavit
1217 1334 1268 1362 eis.

40 1384 83 1412 89.
107 1384 188 1411 Αὐτοὶ
214 1384 242 1410 δὲ
268 1383 443 1420 παρώργιζον
468 1382 549 1409 αὐτὸν
574 1383 603 1409 ὲν
624 1384 658 1418 τῇ
685 1380 794 1418 ἀπιστίᾳ

882 1377 927 1406 89.
942 1378 996 1415 Ipsi
1023 1384 1115 1408 autem
1141 1380 1318 1408 irritaverunt
1342 1387 1406 1408 eum
1426 1381 1454 1409 in
1479 1382 1636 1414 inﬁdelitate

9 1431 105 1458 αὑτῶν.

41 1477 86 1505 90.
102 1477 153 1505 Kal
167 1475 356 1512 κατενύγησάν
368 1484 440 1508 τινες
455 1475 558 1503 αὐτῶν.

882 1473 928 1502 90.
946 1472 979 1499 Et
993 1471 1076 1507 aliqui
1090 1479 1185 1499 eorum
1199 1472 1357 1509 compunoti
1373 1478 1447 1502 sunt.

40 1523 85 1550 91.
103 1523 171 1555 Τοὺς
185 1523 223 1558 (1)
239 1522 424 1557 λυπουμένους
437 1522 537 1549 αὐτῶν.
748 1516 750 1518 ’

466 1522 537 1549 ιτῶν.
748 1516 750 1518 ’
810 1535 833 1566 c
883 1519 927 1566 91.
945 1518 1020 1566 Ipsos
1032 1518 1220 1566 contristatos.

40 1568 83 1595 92.
97 1568 150 1595 Kal
177 1568 310 1604 δεομένων
335 1567 425 1594 αὐτῶν
446 1567 514 1603 πρὸς
531 1567 612 1594 αὑτὸν
636 1568 794 1605 εἰσ-ἤκουσεν

885 1565 930 1594 92.
947 1565 981 1592 Et
995 1563 1202 1593 deorecantibus
1217 1563 1284 1598 ipsis
1297 1563 1383 1597 illum,
1397 1565 1535 1595 exaudivit
1550 1575 1606 1596 eos.

8 1614 104 1641 αὐτῶν.

39 1660 83 1688 95.
95 1660 148 1688 Kal
157 1661 291 1698 ἐμνήσθη,
308 1662 348 1688 ὅτι
376 1661 423 1688 καὶ
439 1661 516 1689 αὐτοὶ
539 1661 650 1698 σπέρμα
671 1662 761 1698 Ἀϐρω

7 1707 66 1734 ttat.

885 1672 929 1701 95.
946 1672 980 1700 Et
992 1671 1152 1701 recordatus
1166 1677 1218 1707 est,
1238 1673 1312 1710 quod
1326 1679 1354 1703 et
1366 1674 1418 1710 ipsi
1441 1684 1534 1708 semen
1548 1680 1636 1709 Abra-

882 1727 913 1734 ....
928 1722 991 1734 επ...

32 1715 66 1733 σι.

850 1719 914 1747 ham
927 1722 1001 1746 sunt.

38 1754 82 1782 94.
97 1753 150 1781 Kal
160 1754 370 1791 ἐσπλαγχνίσθη.

885 1765 929 1793 94.
947 1765 980 1793 Et
995 1765 1123 1793 misertus
1135 1770 1185 1794 est.

38 1801 82 1828 95.
100 1800 151 1827 Kal
163 1800 262 1828 ἔδωκεν
276 1802 374 1834 αὐτοὺς
388 1802 428 1833 εἰς
446 1801 593 1836 ἐπίγνωσιν
604 1802 696 1834 ἐλέους
709 1803 758 1837 (2).

885 1811 930 1840 95.
946 1811 979 1838 Et
993 1812 1066 1839 dedit
1079 1819 1128 1840 eos
1144 1812 1171 1839 in
1187 1810 1369 1849 cognitionem
1386 1816 1588 1848 misericordia.

39 1847 82 1874 96.
98 1847 150 1874 Kal
169 1847 354 1874 ἐναντιοῦσθαι
381 1849 438 1880 τοῖς
452 1847 561 1884 δαίμοσι
587 1849 642 1880 τοῖς
656 1849 793 1884 αίχμαλω-

884 1857 929 1885 96.
945 1856 976 1884 Et
993 1865 1145 1893 repugnare
1160 1847 1329 1887 daemonibus
1344 1850 1528 1897 redigeniibus
1544 1872 1591 1893 eos
1606 1866 1634 1894 in

8 1894 128 1920 τεύσεισιυ
145 1893 253 1925 αὐτούς.

849 1904 1043 1939 captivitatem.

37 1940 81 1967 97.
95 1940 147 1967 Kal
159 1940 208 1967 τοῦ
225 1940 287 1976 βοᾷν
302 1941 369 1976 πρὸς
382 1940 462 1967 αὐτὸν
476 1940 520 1967 διὰ
532 1940 579 1967 τοῦ
596 1940 791 1978 βαπτίσματος·

884 1950 928 1978 97.
947 1949 980 1978 Et
993 1950 1114 1978 clamare
1131 1949 1165 1978 ad
1179 1958 1242 1978 eum
1259 1959 1308 1987 per
1319 1951 1485 1988 baptismum
1500 1963 1507 1982 :
1521 1955 1634 1986 Domine

9 1983 85 2020 Κύριε
96 1987 110 2013 ὸ
124 1986 190 2019 Θεὸς
205 1987 293 2022 ἡμῶν.

287 2007 293 2013 -
848 1994 921 2023 Deus
937 1999 1038 2022 noster.

37 2032 80 2060 98.
103 2033 149 2060 Ἐκ
166 2033 204 2067 (5)
221 2033 274 2060 τῶν
290 2034 419 2060 ἐναντίων
434 2033 587 2070 δυνάμεων.

883 2041 928 2068 98.
944 2040 984 2068 Ex
997 2041 1142 2069 contrariis
1156 2043 1347 2077 potestatibus.

37 2077 79 2105 99.
97 2078 152 2109 Τὰς
163 2078 300 2114 ἁμαρτίας
312 2078 402 2113 ἡμῶν.

883 2087 927 2115 99.
943 2086 1058 2115 Peccata
1072 2092 1175 2115 nostra.

37 2124 98 2151 100.
121 2124 164 2150 Ἐν
182 2124 220 2159 (4)
234 2126 290 2156 τοῖς
301 2124 495 2160 προστάγμασι
513 2133 574 2152 σου.

469 2124 495 2151 σι
513 2133 574 2152 σου.
882 2132 944 2161 100.
959 2133 987 2160 ln
1002 2134 1144 2169 praeceptis
1159 2134 1223 2162 tuis.

36 2168 98 2195 101.
114 2169 266 2204 Εὐλογητὸς
281 2169 383 2205 Κύριος
396 2171 410 2196 ὁ
433 2170 499 2202 Θεὸς
516 2170 571 2198 τῶν
590 2171 716 2198 διανοιων
732 2171 789 2198 τῶν

882 2179 943 2206 101.
962 2168 1123 2208 Benedictus
1146 2179 1280 2208 Dominus
1305 2180 1376 2210 Deus
1398 2183 1528 2212 mentium
1546 2186 1633 2214 conﬂ-

7 2211 200 2247 ὄμολογούντων
218 2222 258 2245 σε,
270 2214 311 2240 ὅτι
329 2215 395 2246 Θεὸς
412 2213 447 2242 el.
464 2215 550 2242 Τοῦτο
564 2216 618 2252 γὰρ
638 2217 759 2253 ἑρμηνεύ

880 2224 956 2251 Itium
988 2228 1015 2251 te
1046 2223 1132 2252 Deum
1164 2232 1235 2253 esse.
1262 2227 1299 2254 Ita
1330 2228 1402 2255 enim
1441 2229 1634 2266 interpretatur

6 2263 44 2284 ται
65 2259 185 2295 Ἰσραὴλ,
203 2260 277 2293 νοῦς
292 2259 370 2294 ὀρῶν
383 2260 437 2288 τὸν
454 2261 490 2296 (5)
505 2263 589 2290 Θεόν.

482 2262 490 2296 )
505 2263 589 2290 Θεόν.
845 2269 938 2302 Israel.
953 2277 1024 2296 mens
1040 2270 1130 2296 videns
1141 2269 1235 2298 Deum.

36 2304 97 2331 102.
123 2305 189 2332 Ἀπὸ
199 2306 245 2332 τοῦ
261 2306 358 2338 αἰῶνος
373 2307 420 2334 καὶ
437 2309 476 2339 είς
490 2308 535 2334 τὸν
552 2308 693 2344 μέλλοντα.

881 2314 943 2341 109.
959 2314 982 2341 Α
996 2316 1122 2350 presenti
1138 2317 1249 2350 saaculo,
1265 2321 1291 2345 et
1307 2318 1334 2345 in
1351 2317 1484 2348 futurum.

37 2350 97 2378 105.
113 2351 167 2378 Kal
182 2353 235 2384 πᾶς
251 2353 266 2379 ὁ
284 2352 348 2385 λαὸς
370 2353 425 2381 τῶν
446 2354 551 2381 πιστῶν
567 2354 640 2390 λέγει
651 2363 658 2370 ·
681 2355 762 2392 Ἀμὴι

8 2395 85 2422 ὰιῇν.

879 2360 940 2387 103.
954 2358 987 2388 Ει
998 2361 1141 2390 universus
1162 2362 1281 2390 ﬁdelium
1296 2365 1413 2400 p0pulus
1427 2367 1517 2395 dicat:
1534 2368 1632 2403 Amen,

25 2406 85 2433 μην·

845 2413 933 2433 amen.

40 2456 71 2482 ’11
85 2456 249 2493 προκειμένη
263 2457 403 2494 ἐπιγραφὴ
415 2458 547 2494 περιέχει·
567 2459 757 2494 Ἀλληλούτα,
770 2461 838 2497 ὅπερ
851 2462 1043 2498 ἑρμηνεύεται,
1053 2462 1208 2497 αίνέσατε,
1220 2465 1271 2492 καὶ
1279 2465 1317 2502 (6)
1326 2467 1483 2503 ὑμνήσατε
1494 2470 1548 2498 τὸν
1558 2471 1631 2499 ὄντα

40 2503 89 2527 llr.

11 2505 89 2529 θεόν.

37 2546 144 2578 Titulus
162 2551 324 2585 praepositus
337 2550 459 2578 continet
478 2550 626 2585 :Allelula,
652 2552 724 2587 quod
739 2552 947 2588 interpretatur,
972 2553 1095 2589 laudate,
1108 2559 1133 2583 et
1146 2555 1264 2584 exaltate
1285 2566 1355 2591 eum,
1367 2562 1413 2595 qui
1425 2560 1494 2589 Deus
1505 2566 1554 2590 est.

37 2606 61 2634 1.
74 2608 111 2644 (7)
123 2609 316 2644 Προσαγάγετε
329 2608 379 2641 τὰς
392 2608 480 2645 ψυχὰς
493 2608 570 2645 ὑμῶν
579 2609 618 2646 τῷ
634 2609 741 2646 Κυρίῳ.

650 2609 741 2646 ἱυρίῳ.
881 2611 907 2638 1.
922 2611 1025 2639 Allerte
1039 2612 1146 2640 animas
1161 2618 1265 2642 vestras
1278 2614 1404 2643 Domino.

475 2677 628 2710 Addenda
639 2682 675 2710 'et
691 2677 880 2718 corrigenda
907 2687 947 2709 ex
963 2678 1033 2710 cod.
1051 2679 1153 2710 Vatic.

37 2736 72 2771 (1)
86 2738 139 2766 Kal
151 2737 204 2766 εἶδε
216 2738 315 2775 Κύριος
328 2739 407 2772 τούς,
423 2744 476 2767 etc.

37 2771 74 2806 (2)
86 2775 199 2801 Ἐλθεῖν.

878 2740 911 2784 ζβ)
933 2741 1029 2772 ’ἣδιὰ
1050 2742 1099 2778 τῆς
1117 2743 1304 2779 κινναϐάρεως
1323 2744 1457 2780 περιέχει,
1473 2748 1526 2773 elc.
1548 2745 1632 2777 Deest

881 2785 898 2802 ι.

86 2811 143 2851 Kmal
154 2810 337 2851 ξπιωνάγαγε
349 2811 423 2851 ἡμᾶς
434 2811 475 2842 ἐκ,
492 2815 546 2839 etc.
834 2811 908 2851 ___(7)
925 2812 959 2839 N.
975 2812 1001 2841 1.
1027 2813 1236 2850 Προσαγάγετε,
1261 2821 1348 2850 usque
1364 2815 1399 2843 ad
1429 2815 1514 2842 ἐστιν.
1537 2815 1574 2844 Ν.
1594 2816 1631 2851 ¹2,

50 2842 74 2881 ᾖ)
91 2845 143 2871 Τοῦ
159 2842 345 2881 ὲγκαυχᾶσθαι
359 2842 391 2874 ἓν
418 2850 471 2874 etc.
686 2871 693 2876 .

222 2842 345 2881 ιυχᾶξσθαι
359 2842 391 2874 ἓν
418 2850 471 2874 etc.
686 2871 693 2876 _
834 2842 907 2880 '0'“;
924 2852 976 2876 etc.

36 2877 72 2912 (5)
87 2881 141 2907 Τόν
152 2877 239 2909 deest.
