1884 3047
36 149 90 179 1129
471 154 516 182 DE
534 155 669 184 TITULIS
688 157 914 186 PSALMORUM.
931 175 965 180 —
983 159 1079 188 PSAL.
1097 159 1164 189 CVI.
1560 167 1630 194 “'50

62 210 97 237 53.
110 209 140 236 Ἦ
152 210 224 246 ψυχὴ
243 211 332 238 αὐτῶν
347 212 376 239 ἐν
389 214 482 246 κακοῖς
497 215 620 249 ἐτήκετο.

62 255 99 282 5i.
111 255 324 292 Ἐταράχθησαν,
340 258 523 293 ὲσαλεύθησαν
537 259 575 291 ὡς
587 261 601 286 ὁ
619 260 724 295 μεθύων
735 269 741 276 ·

60 300 97 326 55.
114 301 166 327 Kal
183 301 260 327 πᾶσα
274 302 290 337 ή
304 303 384 337 σοφία
396 303 484 330 αὐτῶν
499 305 646 340 κατεπόθη.

60 345 96 372 56.
113 346 165 373 Kal
190 346 343 382 ὲκέκραξαν
367 349 435 383 πρὸς
453 349 554 386 Κύριον
569 351 597 377 ὲν
610 351 648 386 τῷ
660 351 796 380 θλίϐεσθαι

34 400 112 422 anno;
119 400 126 406 ·

59 437 96 464 57.
113 437 164 464 Kal
177 438 210 465 ἐκ
220 438 277 465 τῶν
294 439 419 474 ἀναγκῶν
435 440 524 468 αὐτῶν
539 442 672 478 ἐξήγαγεν
687 444 793 477 αὐτούς.

59 482 94 510 58.
112 483 164 509 Καὶ
178 484 298 517 ἐπέταξε
312 487 344 521 τῇ
359 487 504 521 καταιγίδι,
516 488 563 514 καὶ
574 487 639 524 ἔστη
649 490 689 521 εἰς
699 488 794 526 αὖρανσ

61 527 94 556 59.
114 529 168 556 Καὶ
184 530 317 565 ἐσίγησαν
335 531 369 558 τὰ
383 532 493 567 κύματα
508 533 603 568 αὐτῆς.

58 573 94 600 60.
111 574 163 600 Kal
178 575 383 612 εὐφράνθησαν,
396 578 437 603 ὅτι
453 578 592 614 ἡσύχασαν
603 587 610 594 ·

58 619 93 645 6|.
110 620 161 646 Kal
175 620 317 657 ὡδήγησεν
339 623 436 655 αὐτοὺς
458 624 503 650 ἐπὶ
526 623 623 659 λιμένα
643 624 794 660 θελήματος

33 673 105 691 σπου.

57 711 92 737 62.
103 711 409 748 Ἐξομολογησάσθωσαν
421 714 460 750 τῷ
471 715 566 751 Κυρίῳ
580 716 614 742 τὰ
626 716 688 751 ὲλέη
700 717 793 749 αὑτοῦ,

57 757 148 785 63.Kal
154 759 187 785 τὰ
195 759 335 795 θαυμάσια
342 760 424 787 αὑτοῦ
432 762 487 793 τοῖς
496 762 563 793 υἱοῖς
570 762 624 789 τῶν
631 763 791 798 ἀνθρώπων.

57 802 92 829 6L
105 802 302 838 Ὑψωσάτωσαν
317 805 397 832 αὑτὸν
413 807 441 832 ἐν
458 807 590 842 ἐκκλησία
603 807 667 834 λαοῦ
678 817 684 824 ·

57 846 92 874 65.
111 848 161 875 Kal
175 850 204 876 ἐν
220 849 340 886 καθέδρᾳ
348 850 539 886 πρεσὸυτέρων
550 852 734 879 αἰνεσάτωσαν
743 853 792 880 αὑ-

32 892 72 919 τίν.

57 938 93 966 66.
101 939 191 967 Ἕθετο
207 942 350 976 ποταμοὺς
362 942 402 974 εἰς
415 941 516 978 ἔρημον
526 951 533 958 ·

58 984 93 1012 67.
110 986 162 1012 Kal
173 987 309 1021 διεξόδους
321 988 425 1015 ὑδάτων
441 990 481 1021 εἰς
494 989 584 1024 δίψαν.

57 1031 94 1058 68.
110 1032 160 1067 Γῆν
172 1034 349 1069 καρποφόρον
364 1035 404 1066 εις
415 1034 514 1071 ἆλμην,

58 1075 93 1102 69.
111 1077 145 1111 (α)
159 1078 224 1104 Ἀπὸ
238 1079 338 1110 κακίας
353 1079 407 1105 τῶν
423 1079 622 1108 κατοικούντων
636 1081 664 1108 ὲν
679 1082 757 1117 αὐτῇ.

59 1122 93 1150 70.
102 1123 189 1151 Ἔθετο
203 1125 252 1162 έρη
257 1134 308 1161 μον
321 1127 361 1157 είς
373 1126 470 1162 λίμνας
486 1127 589 1154 ὑδάτων
602 1137 608 1143 ·

58 1179 89 1217 (ιι)
101 1180 171 1210 Vers.
189 1181 234 1216 69,
251 1183 295 1216 70,
311 1183 356 1216 7i,
369 1184 421 1212 sub
437 1184 517 1211 unico
532 1189 677 1212 comment.

813 221 837 249 Α
888 218 931 244 53.
951 218 1046 246 Anima
1062 227 1156 247 eorum
1173 220 1198 247 in
1217 221 1295 249 malis
1308 221 1472 250 tabescebat.

885 263 930 292 54,
945 263 1056 292 Turbati
1070 270 1142 295 sunt.
1156 272 1183 294 et
1197 267 1262 295 moti
1278 272 1343 295 sunt
1354 268 1425 296 sicut
1441 268 1532 296 ebrius
1547 276 1554 295 :

886 309 930 337 55.
945 309 977 337 Et
992 311 1081 338 omnis
1095 312 1227 347 sapientia
1240 321 1335 341 eorum
1348 314 1476 342 devorata
1492 319 1544 343 est.

885 355 930 382 56.
959 355 992 383 Et
1012 357 1198 386 clamaverunt
1220 359 1254 386 ad
1268 359 1414 388 Dominum
1430 369 1491 388 cum
1517 361 1632 389 tribula-

850 405 943 428 rentur
955 410 962 428 :

885 447 930 474 57.
943 447 975 474 Et
989 449 1022 476 de
1034 450 1241 478 necessitatibus
1255 459 1349 479 eorum
1365 453 1459 480 eduxit
1473 461 1531 482 eos.

884 492 927 519 58.
944 492 976 521 Et
992 495 1128 523 mandavit
1140 497 1274 530 procellae,
1290 502 1318 526 et
1330 499 1403 526 stetit
1415 500 1442 526 in
1455 507 1549 527 auram
1563 509 1571 527 :

881 537 925 565 59.
940 537 972 566 Et
982 539 1115 567 siluerunt
1128 540 1226 569 ﬂuctus
1238 541 1308 577 ejus.

883 585 926 612 60.
945 585 977 613 Et
991 587 1072 614 lzetati
1085 592 1157 622 sunt,
1170 589 1234 624 quia
1249 589 1381 617 siluerunt
1396 599 1402 617 :

884 631 927 658 61.
948 632 979 660 Ει
994 633 1105 661 deduxit
1118 642 1164 662 eos
1181 634 1208 662 in
1222 639 1331 670 portum
1346 636 1494 664 voluntatis
1509 644 1574 664 suae.

882 721 927 750 62.
943 722 1129 751 Conﬁteantur
1144 724 1259 753 Domino
1275 726 1470 755 misericordia:
1479 727 1550 762 ejus,

881 768 924 795 65.
938 767 970 795 Et
982 769 1118 796 mirabilia
1131 770 1191 805 ejus
1203 771 1265 799 tiliis
1281 772 1432 801 hominum.

879 813 923 840 64.
938 812 1061 850 Exaltent
1075 823 1139 843 eum
1155 816 1181 843 in
1194 817 1308 844 ecclesia
1325 818 1410 852 plebis
1424 827 1430 845 :

877 857 921 886 65.
934 859 966 886 Et
982 859 1009 887 in
1025 860 1152 888 cathedra
1166 861 1304 889 seniorum
1320 862 1429 890 laudent
1441 871 1514 891 eum.

877 947 921 974 66.
936 950 1034 976 Posuit
1050 949 1163 977 ﬁumina
1181 951 1208 978 in
1224 951 1381 979 desertum:

878 993 921 1021 67.
937 993 970 1020 Et
987 995 1076 1023 exitus
1092 1004 1224 1031 aquarum
1241 997 1267 1024 in
1280 998 1364 1025 sitim.

878 1038 923 1066 68.
937 1038 1048 1067 Terram
1060 1040 1227 1070 fructiferam
1244 1043 1271 1070 in
1290 1043 1468 1079 salsuginem,

879 1083 923 1111 69.
940 1086 961 1111 Α
975 1086 1076 1114 malitia
1090 1087 1300 1117 inhabitantium
1315 1090 1343 1117 iu
1355 1097 1396 1117 ea.

880 1129 923 1158 70.
938 1130 1031 1159 Posuit
1046 1133 1183 1162 desertum
1201 1135 1227 1162 in
1243 1140 1338 1171 stagna
1351 1143 1483 1171 aquarum

567 1263 752 1291 ATHANASII
775 1265 1065 1295 INTERPRETATIO.

59 1341 94 1369 55.
103 1342 297 1379 Ἐφοεήθησαν,
312 1345 358 1371 καὶ
374 1344 592 1382 ὡλιγοψύχησαν.

59 1386 93 1414 54.
109 1388 159 1415 Kal
169 1390 197 1415 ὲν
210 1389 299 1424 ἀγῶνι
313 1390 397 1425 πολλῇ
411 1391 509 1425 γέγονα
522 1391 572 1426 (1).

60 1432 94 1460 55.
111 1434 159 1461 Kal
174 1436 248 1462 πᾶσα
265 1436 282 1471 ἡ
294 1436 376 1471 τέχνη
391 1436 480 1463 αὐτῶν
493 1432 595 1473 ἡττήθη
611 1437 664 1464 ὑπὸ
671 1437 718 1463 τοῦ
729 1436 792 1464 κλύ-

36 1476 110 1510 δωνος·
123 1477 188 1516 ἦσαν
199 1481 254 1517 γὰρ
270 1481 363 1513 ἁλιεῖς.

875 1346 919 1374 53.
938 1346 971 1374 Et
985 1347 1143 1381 timuerunt,
1161 1351 1188 1375 et
1203 1348 1294 1377 animo
1309 1349 1404 1385 deiecti
1419 1355 1492 1379 sunt.

875 1393 920 1420 54.
936 1392 969 1420 Et
981 1394 1009 1420 in
1025 1401 1112 1429 agone
1125 1394 1210 1422 multo
1225 1394 1342 1423 fuerunt.

875 1438 920 1466 55.
931 1438 964 1466 Et
974 1439 1064 1466 omnis
1073 1447 1118 1467 ars
1131 1447 1224 1467 eorum
1238 1445 1362 1476 superata
1375 1446 1416 1469 est
1425 1449 1441 1469 a
1455 1446 1623 1478 tempestate.

840 1489 917 1512 erant
928 1485 1000 1512 enim
1016 1486 1175 1520 piscatores.

61 1523 94 1551 56.
108 1525 156 1552 Kal
167 1526 286 1562 ἐϐόησαν
298 1527 366 1563 πρὸς
380 1527 424 1554 τὸν
436 1527 540 1563 Ἰησοῦν
549 1537 555 1543 ·
568 1528 666 1562 Κύριε,
688 1528 789 1555 σῶσον

877 1531 921 1559 56.
933 1531 966 1559 Et
983 1532 1170 1560 clamaverunt
1181 1533 1214 1560 ad
1226 1533 1317 1561 Jesum
1328 1542 1334 1560 :
1347 1534 1469 1568 Domine,
1482 1537 1555 1564 salva
1566 1545 1624 1569 nos,

36 1569 101 1603 ἡμᾶς,
112 1572 309 1608 ἀπολλύμεθα.

60 1615 94 1641 57.
108 1617 156 1643 Kal
177 1618 209 1644 ὲκ
225 1618 281 1645 τῶν
303 1618 432 1654 κυμάτων
454 1619 501 1646 καὶ
520 1617 568 1646 τοῦ
590 1618 718 1651 λαίλαπος
742 1618 788 1646 τοῦ

36 1659 112 1695 ἀνέμου
126 1663 262 1700 ἐξήγειρεν
276 1664 314 1700 (2)
330 1664 427 1697 αὐτούς

59 1706 94 1734 58.
103 1708 260 1746 Ἐπετίμησε
276 1710 329 1746 γὰρ
342 1711 380 1746 τῷ
393 1711 496 1747 ἀνέμῳ,
514 1711 561 1738 καὶ
575 1711 722 1742 ἐπαύσατο,
742 1711 789 1737 καὶ

37 1749 94 1783 μόνον
109 1752 185 1791 αὔραν
199 1757 330 1791 παρεῖχεν
343 1757 381 1788 εἰς
395 1755 525 1791 ἀνάψυξιν
538 1756 640 1788 αὐτοῖς.

60 1797 94 1826 59.
110 1801 158 1827 Καὶ
173 1802 291 1836 ἐγένετο
305 1802 422 1836 γαλήνη
433 1801 560 1836 μεγάλη.

60 1843 94 1871 60.
110 1846 159 1873 Kal
183 1847 358 1883 ἐπλήσθησαν
379 1848 500 1883 χάριτος,
524 1847 564 1874 ὅτι
590 1846 629 1882 (5)
658 1846 789 1882 διεσώθη-

37 1895 78 1916 σπν.

59 1934 94 1962 6|.
107 1937 296 1966 Κιτέπλευσαν
309 1938 363 1975 γὰρ
375 1939 414 1970 εἰς
428 1939 477 1974 τὴν
492 1937 584 1974 χώραν
598 1937 653 1965 τῶν
667 1938 789 1974 Γαδαρη-

36 1986 81 2007 νων.

59 2025 93 2053 62.
108 2028 279 2065 Διηγήσονται
295 2030 324 2056 ὲν
337 2029 494 2065 Εὐαγγελίῳ

59 2072 94 2102 65.
108 2075 157 2103 Kal
168 2077 237 2104 αὐτὰ
249 2077 283 2104 τὰ
296 2076 434 2112 θαυμάσια
446 2076 528 2104 αὐτοῦ
552 2076 600 2103 σὺν
612 2076 668 2108 τοῖς
684 2075 786 2108 λοιποῖς

34 2119 75 2150 ἶ(λῖς
88 2119 119 2156 (5)
134 2123 197 2154 υἱοῖς
208 2123 262 2150 τῶν
276 2123 434 2158 ἀνθρώπων.

59 2164 93 2192 64.
110 2168 246 2201 Aegaeona:
263 2169 343 2196 αὑτὸν
364 2168 408 2196 διὰ
428 2168 473 2195 τοῦ
496 2169 672 2205 κηρύγματος
687 2170 716 2196 ὲν
730 2170 786 2201 τοῖς

36 2208 121 2240 ἔθνεσιν.

59 2257 93 2285 65.
106 2260 154 2288 Kal
172 2263 200 2289 ἐν
216 2264 249 2298 τῇ
264 2261 414 2288 ἀναπαύσει
428 2261 482 2288 τῶν
500 2261 585 2288 ὰνίων
600 2260 784 2288 αἱνεσάτωσαν

36 2302 102 2330 αὐτόν.

60 2347 93 2376 66.
111 2351 159 2384 Τὰς
171 2354 254 2387 φυλὰς
264 2354 318 2381 τῶν
333 2354 478 2380 Ἰουδαίων.

59 2393 93 2422 67.
109 2398 157 2426 Kal
176 2400 228 2427 ἀπὸ
246 2400 301 2426 τῶν
322 2400 440 2435 καρδιῶν
458 2399 547 2426 αὐτῶν
569 2398 666 2436 ἀφελεῖ
679 2398 717 2434 (6)
733 2398 783 2434 τὴν

36 2438 93 2472 κάριν
103 2443 174 2470 αὐτοῦ
188 2445 230 2472 διὰ
246 2445 292 2481 τὴν
311 2445 437 2472 ἀπιστίαν
452 2444 554 2471 αὐτῶν.

59 2484 93 2518 68,
103 2488 141 2516 69.
155 2490 207 2526 Τὴν
218 2491 376 2527 συναγωγὴν
393 2491 442 2526 τὴν
451 2490 572 2517 ἄτεκνον.

61 2528 140 2560 70.71.
153 2534 204 2561 Kal
215 2535 263 2567 τὰς
278 2535 390 2571 καρδίας
403 2535 493 2561 αὐτῶν
514 2533 607 2570 βρύειν
628 2534 678 2568 τὴν
701 2533 780 2568 χάριν

36 2572 104 2603 αιτιῦ.

87 2633 198 2664 "Matth.
211 2646 268 2672 VIII,
282 2638 326 2666 25.
366 2639 387 2654 ³⁷
402 2638 468 2666 Ibid.
484 2637 529 2666 26.

842 1579 957 1612 perimus
969 1578 1001 1604 “.

877 1623 921 1650 57.
947 1622 980 1651 Et
999 1631 1033 1651 ex
1050 1623 1178 1652 ﬂuctibus
1198 1629 1225 1652 et
1245 1626 1317 1652 venti
1332 1626 1449 1661 procella
1476 1627 1625 1655 sublevavit

841 1675 899 1697 COS.

877 1714 921 1742 58.
936 1714 1087 1751 lncrepavit
1103 1717 1175 1744 enim
1193 1722 1314 1750 ventum,
1328 1723 1355 1745 et
1368 1719 1480 1753 quievit,
1495 1723 1521 1746 et
1535 1720 1624 1748 solum

841 1767 936 1787 auram
952 1761 1043 1788 emisit
1059 1761 1088 1788 in
1102 1769 1197 1789 eorum
1214 1762 1395 1797 refrigerium.

877 1805 920 1832 59.
937 1805 971 1832 Et
987 1806 1059 1840 facta
1072 1811 1112 1834 est
1126 1807 1307 1842 tranquillitas
1320 1815 1416 1842 magna
1424 1808 1457 1833 ³⁷.

876 1850 920 1879 60.
935 1851 967 1879 Et
981 1852 1082 1887 impleti
1107 1857 1170 1880 sunt
1187 1853 1286 1888 gaudio
1301 1873 1310 1886 ,
1327 1854 1457 1889 quoniam
1472 1853 1541 1881 salvi
1557 1853 1622 1881 facti

841 1903 913 1926 sunt.

875 1944 919 1971 6i.
928 1943 1127 1979 Navigaverunt
1137 1945 1210 1972 enim
1222 1945 1248 1972 in
1259 1945 1397 1981 regionem
1406 1945 1622 1974 Gadarenorum.

872 2030 918 2058 62.
937 2030 1091 2059 Narrabunt
1106 2031 1134 2059 in
1148 2032 1305 2068 Evangelio.

875 2077 919 2105 63.
934 2077 967 2105 Et
980 2078 1038 2106 haec
1051 2079 1184 2106 mirabilia
1199 2079 1270 2116 ejus,
1281 2084 1308 2107 et
1323 2080 1377 2108 alia
1392 2080 1454 2109 ﬁliis
1466 2081 1620 2109 hominum.

873 2167 918 2195 64.
933 2167 1127 2196 Glm-iﬁcabunt
1141 2175 1204 2195 eum
1217 2175 1265 2203 per
1281 2168 1500 2203 praedicationem
1512 2170 1540 2197 in
1553 2177 1620 2204 gen-

838 2214 920 2242 tibus.

839 2226 920 2242 ΙιΙυυδο
998 2233 1003 2237 -

802 2226 822 2253 Β
869 2259 913 2286 65.
927 2259 961 2286 Et
975 2259 1002 2286 in
1016 2259 1110 2286 reauie
1125 2262 1283 2287 sanctorum
1297 2259 1408 2286 laudent
1421 2267 1496 2288 eum.

868 2350 913 2377 66.
928 2350 1026 2377 Tribus
1035 2349 1201 2378 Iudaeorum.

868 2396 912 2423 67.
938 2396 970 2423 Et
986 2404 1001 2423 e
1025 2396 1154 2424 cordibus
1172 2403 1267 2423 eorum
1285 2396 1388 2424 auferet
1409 2396 1524 2432 gratiam
1541 2404 1618 2424 suam

832 2447 942 2478 propter
958 2450 1052 2470 eorum
1069 2442 1266 2470 infidelitatem.

867 2488 913 2521 68,
929 2488 972 2515 69.
990 2488 1158 2524 Synagogam
1173 2489 1282 2516 sterilen

868 2535 912 2565 70.
935 2534 978 2561 7i.
1001 2534 1033 2562 Et
1059 2535 1142 2562 corda
1164 2528 1259 2563 eorum
1282 2539 1311 2561 ut
1332 2535 1483 2570 germinent
1502 2533 1615 2568 gratiam

833 2588 920 2607 suam.

469 2715 621 2746 Addenda
643 2718 673 2746 et
691 2713 878 2754 corrigenda
893 2723 933 2745 ex
948 2714 1017 2744 cod.
1036 2714 1136 2745 Vatio.

103 2771 242 2807 Γεγόνασιν.

62 2804 92 2845 i3.)
102 2804 243 2845 'Eﬁlmav.
255 2818 307 2840 etc.

62 2837 90 2873 (ὅ)
105 2837 350 2883 Κάίέπληράῖθησαν
364 2850 459 2884 χαρᾶς,
475 2850 525 2879 ὅτι,
541 2854 590 2877 elc.

162 2891 290 2925 PATnOL.
320 2895 377 2925 Gn.
403 2897 487 2926 XXV
497 2898 532 2927 il.

859 2776 897 2812 (4)
917 2776 1074 2812 Εὐαγγελίῳ
1090 2778 1123 2803 τὰ
1138 2775 1201 2810 ὲλὲη
1219 2775 1310 2802 αὐτοῦ.

860 2812 899 2846 (5)
923 2811 987 2844 Τοῖς
1002 2813 1087 2838 deest.

860 2849 898 2882 (ti)
910 2847 938 2872 Ἀ
944 2855 973 2880 φῖ
978 2847 1040 2874 ῖλεν.

1435 2890 1473 2919 36
