1910 3048
77 168 144 195 lli-5
532 172 576 199 DE
596 173 733 202 TlTULlS
752 175 1019 207 PSALMORUM.'—
1030 180 1125 209 PSAL.
1143 181 1225 212 CVII.
1630 190 1698 217 1131

80 224 149 259 me
180 226 302 260 ψαλμδς
326 226 471 263 [ψαλμοῦ]
492 227 531 261 τῷ
553 230 650 257 Δαϐίδ.
682 233 768 259 nam.
796 234 834 259 P2

846 237 861 260 ’.
878 238 901 266 Α
1008 236 1148 265 Canticum
1167 240 1262 274 psalmi
1282 240 1376 267 David.
1397 241 1495 269 PSAL.
1509 242 1600 269 CVII.

109 270 134 296 1.
154 270 264 305 Ἑτοίμη
278 272 294 306 ἡ
308 273 405 307 καρδία
421 282 481 308 μου,
495 275 509 300 ὁ
520 274 594 307 Θεὸς,
611 277 704 312 ἑτοίμη
718 278 755 313 (α)
765 279 782 313 ἡ
796 287 862 313 καρ-

953 280 976 306 1.
988 280 1115 310 Paratum
1128 291 1175 311 cor
1187 293 1287 318 meum,
1301 285 1383 318 Deus,
1395 294 1519 322 paratum
1533 298 1579 315 cor
1592 298 1694 317 meum:

71 315 115 342 ῑία
134 325 185 351 μου
195 325 202 332 ο

106 361 133 386 2.
155 361 273 396 ’Δσομαι
286 361 333 388 καὶ
349 362 426 397 ψαλῶ
443 363 471 389 ὲν
485 365 517 400 τῇ
535 364 598 401 δόξῃ
611 374 673 400 μου.

949 369 975 395 2.
993 365 1115 398 Cantabo
1129 376 1156 398 et
1170 373 1281 407 psallam
1297 374 1322 401 in
1337 375 1421 410 gloria
1439 384 1507 404 mea.

106 406 133 432 5.
158 406 340 443 Ἐξεγέρθητι,
355 409 371 444 ἡ
389 408 452 442 δόξα
469 418 533 444 μου·

948 414 975 444 5.
991 415 1121 452 Exsurge.
1136 419 1220 452 gloria
1238 428 1298 447 mea
1314 428 1320 446 :

106 451 135 478 6.
156 452 340 488 Ἐξεγέρθητι,
354 454 501 490 ψαλτήριον
514 456 561 482 καὶ
575 456 675 491 κιθάρα
684 466 690 473 ·

948 461 975 488 4.
994 451 1124 498 Exsurge,
1139 451 1298 498 psalterium
1314 471 1341 494 et
1353 468 1456 496 cithara
1472 477 1477 494 :

105 498 133 524 ὅ.
158 498 386 535 Ἐξεγερθήσομαι
399 500 509 535 ὄρθρου.

948 508 974 534 5.
992 507 1142 545 Exsurgam
1158 512 1286 540 diluculo.

104 541 131 568 6.
153 542 399 579 Ἐξομολογήσομαί
417 553 457 571 σοι
474 545 502 572 ἐν
515 545 600 580 λαοῖς,
615 548 700 583 Κύριε
710 558 716 563 ·

946 553 973 580 6.
988 541 1143 583 Conﬁtebor
1159 558 1206 585 tibi
1219 558 1245 585 in
1260 560 1378 594 populis,
1391 561 1523 590 Domine:

105 589 131 614 7.
149 588 232 615 Ψαλῶ
246 598 287 615 σοι
300 591 328 616 ἐν
340 590 455 618 ἔθνεσιν.

948 600 972 625 7.
990 600 1022 627 Et
1037 602 1150 636 psallam
1163 604 1210 631 tibi
1223 605 1250 632 in
1262 588 1430 635 ila-tionibus.

104 635 131 660 8.
151 634 211 660 ’Ότι
229 635 300 670 μέγα
319 636 411 663 ἐπάνω
427 636 482 663 τῶν
498 638 620 673 οὐρανῶν
645 640 674 666 τὸ
699 640 772 672 ἔλεός
791 650 837 667 σου

946 645 971 672 8.
987 645 1054 679 Quia
1072 656 1169 684 magna
1185 654 1226 678 est
1239 658 1320 686 super
1333 654 1416 681 ccelos
1431 655 1615 685 misericordia
1629 661 1689 685 tua:

103 679 129 706 9.
146 679 201 706 Kal.
214 680 265 712 ἕως
278 681 332 708 τῶν
348 681 493 718 νεφελῶνή
510 684 621 719 ἀλήθειά
636 693 692 711 σου.

945 692 971 719 9.
987 692 1018 719 Et
1034 701 1120 728 usque
1134 696 1167 722 ad
1185 697 1270 725 nubes
1286 699 1384 727 veritas
1402 704 1456 727 tua.

103 726 148 753 10.
169 726 306 762 ’Υψώθητι
323 728 368 754 ἐπὶ
382 729 445 760 τοὺς
460 729 601 764 οὐρανοὺς,
617 731 630 756 6
642 730 707 763 Θεός
717 740 723 746 ·

691 741 707 763 ης
717 740 723 746 ’
946 738 978 764 10
1002 726 1126 767 Exaltare
1141 749 1222 777 super
1237 744 1320 771 caelos
1330 764 1337 776 ,
1355 744 1425 772 Deus
1440 755 1445 771 :

103 775 147 802 11.
169 776 224 803 Καὶ
239 776 284 802 ἐπὶ
296 777 386 803 πᾶσαν
405 776 454 812 τὴν
470 777 521 812 γῆν
537 778 553 812 ὴ
570 777 631 810 δόξα
655 787 710 805 σου.

944 783 988 811 11.
1006 785 1037 812 Ει
1051 794 1133 821 super
1147 775 1254 816 omnem
1271 794 1370 817 terram
1386 791 1471 826 gloria
1489 797 1542 821 tua.

102 822 147 848 12.
166 823 259 854 Ὅπως
274 822 307 849 ἃν
323 823 458 858 ρυσϐῶσιν
473 825 497 850 οἱ
513 824 648 858 ἀγαπητοί
666 834 711 851 σου

625 824 648 850 οί
666 834 711 851 σου
945 830 985 856 12.
1006 829 1040 858 Ut
1057 832 1204 861 liberentur
1219 835 1308 862 dilecti
1323 837 1360 863 tui
1374 844 1379 862 :

102 868 147 895 1'5.
166 868 257 895 Σῶσον
272 870 305 904 τῇ
321 869 396 905 δεξιᾷ
413 878 459 896 σου
469 890 476 902 ,
495 871 541 897 καὶ
556 871 707 897 ὲπάκουσόν
723 880 783 907 μου.

944 875 986 902 15.
1006 875 1116 905 Salvum
1133 880 1175 906 fac
1186 880 1296 908 dextera
1312 886 1368 915 tua,
1382 887 1410 910 et
1423 884 1520 911 exaudi
1536 892 1587 913 me.

102 914 147 941 M.
167 914 196 940 '0
213 914 277 946 Θεὸς
292 914 422 950 ἐλάλησεν
439 916 467 942 ἐν
480 916 517 952 τῷ
531 917 598 952 ἁγίῳ
615 917 697 943 αὐτοῦ
708 926 714 933 ·

871 919 895 949 Β
945 921 986 948 14.
1005 922 1076 951 Deus
1093 924 1203 953 loculus
1217 929 1258 954 est
1275 927 1301 954 iu
1317 933 1412 956 sancto
1428 937 1478 957 suo
1495 938 1501 955 :

101 958 146 985 15.
170 959 383 995 ’Υψωθήσωμαι,
401 961 447 987 καὶ
463 960 594 998 διαμεριῶ
609 963 723 998 Σίκιμα·

944 967 986 994 15.
1005 968 1159 1003 Exaltabor,
1173 976 1199 998 et
1213 973 1331 1001 dividam
1346 973 1494 1002 Sichimam
1507 985 1513 990 ·

100 1016 140 1051 (a)
159 1015 236 1044 Vers.
253 1017 279 1050 2,
301 1017 421 1054 Ἐτοίμη,
433 1026 499 1053 etc.,
516 1020 579 1057 δόξῃ
596 1030 658 1056 μου.

626 1097 814 1126 ATHANASH
837 1099 1128 1129 INTERPRETATIO.

105 1171 139 1198 Ἦ
153 1172 320 1208 προκειμένη
337 1173 478 1209 ἐπιγραφὴ
503 1174 626 1211 περιέχει
642 1175 679 1211 (1)
692 1184 698 1191 -
728 1176 797 1212 ’ῼδὴ
812 1177 933 1212 ψαλμοῦ
948 1177 988 1210 τῷ
999 1179 1098 1212 Δαϐὶδ,
1111 1180 1180 1215 ὅπερ
1192 1181 1372 1216 ἑρμηνεύεται
1386 1184 1417 1210 τὸ
1429 1183 1505 1220 ᾆσμα
1516 1186 1562 1213 τοῦ
1576 1186 1684 1223 ψαλμοῦ

61 1216 104 1250 τῷ
118 1218 211 1251 ἱκανῷ
229 1219 266 1254 τῇ
279 1221 366 1255 χειρὶ,
380 1221 503 1249 τουτέστι
516 1222 555 1257 τῷ
570 1222 627 1258 Υίῷ
644 1223 690 1250 τοῦ
710 1224 777 1251 Θεοῦ
795 1225 843 1261 (2).

98 1276 207 1304 Titulus
219 1278 380 1312 prmpositus
394 1278 516 1307 continet
530 1288 537 1307 :
551 1279 691 1308 Canticum
706 1284 803 1316 psalmi
817 1284 913 1316 David,
931 1283 1003 1317 quod
1016 1284 1219 1318 interpretatur,
1237 1285 1380 1316 Canticum
1398 1290 1494 1323 psalmi
1513 1300 1591 1320 manu
1606 1294 1682 1328 farti.

60 1322 116 1350 hoc
130 1327 174 1350 est
187 1322 233 1350 Dei
251 1322 331 1350 Filio.
583 1327 592 1337 '

98 1381 124 1407 1.
142 1380 190 1412 Εἰς
201 1380 230 1407 τὺ
246 1380 404 1413 δοξάζεσθαι
421 1382 458 1418 (5)
471 1383 520 1419 τὴν
539 1384 618 1420 χάριν
633 1394 690 1412 σου.

938 1379 963 1407 1.
979 1380 1019 1406 Ad
1036 1381 1237 1416 glorilicandam
1254 1383 1368 1418 gratiam
1383 1391 1466 1412 tuam.

96 1425 124 1452 2.
143 1426 189 1452 Ἐν
202 1426 360 1460 ἀγαλλιάσει
375 1427 425 1462 τῆς
442 1429 551 1464 χάριτός
568 1439 614 1456 σου
629 1431 707 1465 ψαλῶ

769 1453 772 1458 ,
936 1425 963 1452 2.
978 1425 1006 1452 1η
1024 1428 1205 1456 exsultatione
1221 1430 1313 1464 gratiae
1331 1434 1384 1458 tua:
1400 1432 1523 1466 psallam.

96 1469 124 1496 3.
139 1469 215 1496 Ἐλθὲ
228 1471 257 1496 ἐν
274 1472 305 1506 τῇ
321 1470 424 1507 διανοίᾳ
438 1481 499 1507 μου,
512 1474 526 1499 ὁ
540 1474 606 1506 Θεός
619 1475 666 1510 (5).

936 1471 962 1497 5.
979 1471 1045 1499 Veni
1062 1473 1088 1500 in
1106 1480 1222 1501 mentem
1238 1483 1338 1508 meam,
1353 1476 1424 1505 Deus

96 1515 124 1542 4.
141 1515 198 1542 Kal
210 1516 365 1544 διανίστασο
378 1519 416 1554 (6)
432 1520 462 1546 τὸ
479 1521 587 1556 πνεῦμά
604 1530 656 1557 μου
674 1522 722 1549 σὺν
741 1525 773 1559 τῇ
789 1524 848 1550 δια-

935 1519 961 1545 4.
977 1517 1009 1545 Ει
1023 1526 1145 1555 assurge,
1162 1521 1274 1556 spiritus
1292 1529 1369 1550 meus
1381 1530 1443 1550 cum
1462 1528 1552 1552 mente
1569 1532 1635 1553 mea.

60 1568 121 1596 νοιᾳ
137 1569 199 1595 μου.

95 1588 123 1632 ἒξ.
134 1587 218 1633 ’ῖοταν
228 1608 349 1645 φωτίσῃς
361 1618 394 1645 με
404 1610 449 1636 διὰ
458 1611 506 1646 τῆς
514 1611 624 1647 χάριτός
637 1622 692 1647 σου,
701 1614 760 1641 τότε
774 1614 849 1650 ἐξερ-

934 1608 962 1636 5.
972 1608 1039 1636 Cum
1056 1609 1221 1638 illuminabis
1234 1618 1278 1637 me
1290 1611 1376 1646 gratia
1388 1616 1445 1646 tua,
1456 1617 1520 1641 tunc
1535 1621 1679 1651 exsurgam

59 1650 178 1686 θήσομαι
195 1651 233 1687 (7)
254 1654 287 1688 τῇ
301 1654 409 1689 καρδίᾳ.

254 1654 287 1688 τῇ
301 1654 409 1689 καρδίᾳ.
898 1655 988 1682 corde.

95 1695 122 1722 ϐ.
137 1696 297 1733 ’Λνυμνήσω
313 1707 342 1725 σε
355 1700 384 1726 ὲν
397 1700 481 1734 λαοῖς,
496 1702 592 1737 Κύριε.

933 1699 959 1726 6.
976 1699 1104 1727 Laudabo
1121 1700 1185 1727 tein
1202 1701 1318 1736 populis,
1334 1702 1454 1730 Domine.

94 1742 122 1769 7.
138 1742 247 1775 Δοξάσω
263 1752 293 1770 σε
314 1746 344 1771 ὲν
362 1747 418 1778 τοῖς
430 1747 542 1774 ἔθνεσιν.

933 1745 959 1772 7.
971 1745 1132 1773 Glorilicabo
1145 1752 1169 1773 te
1187 1747 1213 1774 in
1230 1748 1362 1782 gentibus.

94 1788 121 1815 8.
140 1789 290 1825 Διηγοῦμεν
307 1791 344 1827 (8)
360 1793 452 1825 πᾶσιν,
470 1794 511 1820 ὅτι
525 1795 609 1826 πολὺς
619 1795 633 1821 ὁ
646 1796 741 1831 μισθὸς
753 1799 767 1824 ὁ
779 1798 846 1824 ἀπο-

952 1812 959 1818 .
974 1791 1151 1820 Narrabimus
1168 1794 1295 1821 omnibus
1306 1815 1313 1828 ,
1330 1795 1459 1829 quoniam
1475 1797 1559 1823 multa
1574 1805 1678 1827 merces

58 1833 186 1868 κείμενος
198 1836 254 1866 τοῖς
268 1836 396 1869 ἀγαπῶσι
412 1846 452 1864 σε.

897 1837 1014 1871 reposita
1031 1842 1072 1864 est
1088 1838 1260 1873 diligentibus
1277 1844 1310 1866 te.

92 1879 121 1906 9.
138 1880 193 1906 Kal.
219 1882 235 1916 ή
259 1882 410 1917 ἐπαγγελία
425 1884 479 1911 τῶν
502 1885 651 1920 μελλόντων
670 1886 778 1921 ἀγαθῶν
795 1888 846 1921 ἕως

931 1884 957 1911 9.
975 1883 1007 1911 Et
1025 1885 1169 1918 promissio
1198 1885 1350 1913 futurorum
1376 1887 1509 1915 bonorum
1532 1897 1619 1925 usque
1643 1890 1677 1919 ad

55 1924 113 1950 τῶν
128 1925 213 1959 ἁγίων
229 1926 267 1961 (9)
281 1927 336 1954 τῶν
349 1930 558 1965 κεχωρισμένων
572 1931 604 1958 ἐκ
616 1932 665 1970 τῆς
680 1932 741 1967 γῆς.

654 1941 665 1963 ς
680 1932 741 1967 γῆς,
896 1933 1015 1962 sanctos,
1029 1929 1075 1964 qui
1089 1930 1205 1964 separati
1221 1934 1285 1957 sunt
1300 1939 1314 1958 a
1329 1936 1408 1958 terra.

93 1971 137 1997 10.
156 1972 338 2009 ’Δναλήφθητι
351 1976 396 2001 ἐπὶ
412 1977 475 2008 τοὺς
490 1977 637 2013 οὐρανοὺς,
652 1979 666 2004 ὁ
681 1979 756 2011 Θεός.

658 1979 666 2004 5
681 1979 756 2011 Θεάς,
931 1974 975 2002 10.
990 1975 1113 2003 Asceude
1129 1984 1210 2011 super
1224 1977 1318 2009 caelos,
1332 1977 1412 2005 Deus.

94 2017 138 2044 Η.
156 2018 212 2045 Καὶ
225 2019 270 2045 ὲπί
286 2020 374 2047 πάντα
383 2021 417 2048 τὰ
427 2021 490 2058 ἔθνη
505 2023 535 2049 τὸ
548 2024 677 2059 κήρυγμα
692 2025 745 2051 τῶν
758 2026 846 2062 παθη-

931 2021 973 2048 11.
986 2020 1018 2048 Et
1031 2030 1113 2056 super
1125 2030 1221 2050 onmes
1236 2028 1330 2058 gentes
1345 2024 1502 2059 praedicatio
1516 2027 1675 2060 passionum

56 2064 152 2097 μάτων
170 2073 216 2091 σου
236 2065 302 2101 (10).

264 2066 302 2101 0).
895 2072 1012 2094 tuarum.

92 2110 136 2138 12.
152 2111 183 2137 ΟΞ
196 2112 367 2145 πιστεύοντες
382 2114 421 2146 είς
436 2114 476 2141 σέ.
741 2146 748 2153 ,

472 2135 476 2141 ,
741 2146 748 2153 .
930 2112 972 2140 1⁸2.
990 2113 1136 2141 Credentes
1149 2115 1176 2141 in
1193 2119 1226 2141 te.

92 2156 136 2182 15.
155 2156 323 2184 Ἐπάκουσόν
346 2168 407 2194 μου,
422 2160 469 2186 καὶ
484 2160 569 2186 σῶσον
580 2162 612 2196 τῆ
631 2161 702 2197 ἰσχύϊ
718 2171 775 2190 σου.

929 2158 972 2185 15.
988 2158 1090 2185 Exaudi
1106 2166 1159 2191 me,
1175 2165 1201 2186 et
1217 2160 1289 2187 salva
1307 2160 1463 2188 fortitudine
1477 2167 1532 2189 tua.

90 2200 136 2227 14.
155 2202 255 2228 Λοιπὸν
271 2203 285 2229 ὁ
299 2203 365 2235 Θεὸς
385 2204 470 2238 Λόγος
486 2205 660 2241 ἀποκρίνεται
674 2206 718 2233 διὰ
733 2207 780 2233 τοῦ
795 2217 840 2243 χο-

929 2202 971 2229 11.
991 2202 1091 2231 Deinde
1109 2204 1179 2232 Deus
1195 2205 1313 2232 Verbum
1333 2207 1477 2241 respondet
1497 2215 1545 2243 per
1560 2209 1673 2237 chorum

55 2246 104 2281 ροῦ
118 2247 174 2273 τῶν
188 2249 333 2284 προφητῶν
347 2258 354 2265 ·

860 2256 880 2283 ο
893 2250 1087 2283 prophetarum
1106 2260 1111 2276 :

91 2293 134 2320 15.
150 2294 232 2322 Ὅταν
249 2295 399 2331 σταυρωθῶ
411 2317 418 2328 ,
442 2298 503 2325 τότε
527 2298 630 2330 πάντας
651 2300 714 2331 τοὺς
731 2301 843 2332 πιστοὺς

926 2295 970 2322 15.
994 2295 1062 2323 Cum
1083 2296 1230 2324 cruciﬁxus
1254 2297 1348 2331 fuero,
1375 2303 1441 2327 tunc
1460 2308 1554 2329 omnes
1580 2301 1672 2329 ﬁdeles

52 2338 163 2365 ἑλκύσω
178 2340 246 2374 πρὸς
263 2341 390 2376 ἐμαυτόν.
414 2343 519 2378 Σίκιμα
542 2345 595 2380 γὰρ
616 2346 794 2381 ἑρμηνεύεται

919 2341 996 2368 aham
1017 2342 1048 2368 ad
1067 2349 1109 2368 me
1126 2341 1225 2376 ipsum.
1251 2343 1368 2371 Sic/lima
1385 2345 1456 2372 enim
1481 2347 1673 2382 interpretatur

51 2384 261 2413 ἀναϐαίνουσα
271 2408 279 2420 ,
306 2388 445 2416 τουτέστιν
458 2390 474 2424 ή
498 2389 528 2421 ἐξ
543 2390 626 2417 ἐθνῶν
641 2392 789 2427 Ἐκκλησία
799 2401 805 2408 ·

916 2388 1040 2418 :cendens.
1064 2388 1116 2415 hoc
1135 2394 1176 2416 est
1190 2388 1309 2417 Ecclesia
1325 2398 1355 2417 ex
1374 2392 1515 2426 gentibus;
1536 2398 1582 2420 aut
1594 2394 1670 2420 aliter

52 2430 136 2456 πάλιν
155 2431 171 2466 ἡ
187 2431 307 2459 ποθοῦσα
320 2432 393 2468 ψυχὴ
406 2434 451 2460 τὸν
463 2434 564 2470 Κύριον
574 2444 580 2451 ·
596 2437 705 2472 χωρίζει
720 2437 773 2473 γὰρ
784 2437 806 2473 (1

915 2433 980 2461 lima
1008 2434 1166 2462 desiderans
1199 2435 1361 2468 Dominum,
1396 2439 1498 2465 secedit
1532 2439 1603 2466 enim
1636 2440 1669 2467 de

52 2475 84 2501 ὲκ
100 2475 147 2502 τοῦ
164 2476 283 2510 κόσμου’
302 2477 318 2512 ἢ
343 2477 425 2505 πάλιν
446 2478 519 2506 ἔστιν
536 2480 623 2512 ἄλλως
643 2481 779 2517 Θεωρῆσαι
793 2491 806 2508 τ

913 2480 1009 2513 lundo;
1025 2485 1071 2507 aut
1093 2480 1190 2507 iterum
1212 2482 1265 2509 alio
1284 2483 1365 2509 modo
1378 2484 1521 2519 allegorice
1540 2485 1667 2519 explicari

51 2520 154 2556 Κύριον
167 2520 295 2555 λέγοντα,
310 2523 351 2548 ὅτι
367 2523 451 2549 Ὅταν
462 2524 619 2559 παυρωθῶ,
632 2526 665 2552 τὰ
681 2526 802 2561 χαρίσμα

915 2534 948 2553 ne
968 2532 1082 2561 possunt
1102 2528 1134 2554 de
1157 2527 1270 2555 Domino
1293 2530 1398 2558 dicente
1417 2539 1424 2556 :
1440 2531 1507 2558 Cum
1524 2531 1669 2559 crucifixus

53 2574 104 2598 μου
117 2565 267 2601 διαμερίσω
279 2568 335 2598 τοῖς
352 2568 523 2596 πιστεύουσιν
537 2571 577 2602 είς
592 2571 650 2606 ἐμὲ.

888 2572 977 2606 fuero,
987 2573 1105 2600 dividam
1118 2574 1188 2601 dona
1205 2583 1264 2602 mea
1280 2576 1452 2604 credentibus
1470 2577 1496 2604 in
1511 2585 1562 2605 me.

524 2647 677 2679 Addenda
697 2652 727 2678 et
742 2648 931 2688 corrigenda
946 2657 985 2679 ex
1001 2649 1071 2680 cod.
1089 2650 1190 2681 Vatic.

188 2706 232 2746 διὰ
243 2708 292 2747 τῆς
307 2708 489 2745 κινναϐάρεως
505 2709 635 2745 περιέχει.
919 2712 957 2746 (7)
970 2712 1206 2747 Ἐξεγεροήπομαι.

86 2741 125 2781 (ἓ)
143 2741 212 2781 flio-5
225 2741 343 2781 εἴρηται.
423 2741 428 2745 ’
541 2741 547 2745 ’
584 2741 599 2745 ”
921 2741 959 2780 (8)
975 2741 1164 2781 Διῇεξούμένοέ.

136 2776 286 2815 Δέξασραγιί
324 2813 330 2815 ,
368 2814 372 2815 γ
981 2776 1081 2815 Ἀἰλίίιιινι
1098 2776 1152 2808 σο·δί

86 2811 124 2857 (ἑὲ
138 2812 233 2857 ἕίύυέιῐ)
250 2819 303 2839 ηοη
324 2813 430 2857 esitar-

920 2811 975 2857 (ει)
991 2811 1125 2857 ama-4

138 2846 241 2888 liapélq.
256 2856 317 2888 μου,
331 2846 421 2880 δ’Θεός
437 2857 496 2884 μου.
920 2846 975 2886 (Η)
992 2852 1048 2888 Γὰρ
1062 2846 1155 2887 ἀὺτήν-

87 2885 122 2916 ιο)
135 2884 319 2917 Διαναστήσω.
