1910 3048
71 129 130 157 H57

99 188 139 215 29.
161 188 203 214 Ἐν
217 187 256 223 τῷ
273 187 333 224 Θεῷ
347 188 497 224 ποιήσομεν
520 189 646 225 δύναμιν,

98 235 138 263 30.
152 235 205 261 Kal,
217 234 299 266 αὐτὸς
313 234 484 268 ὲξουδενώσει
497 236 560 268 τοὺς
574 236 689 272 ἐχθροὺς
705 237 793 273 ἡμῶν.

101 292 149 323 Εἰς
163 290 195 317 τὸ
209 290 306 322 τέλος·
324 290 444 326 ψαλμὸς
463 290 503 323 τῷ
515 291 613 319 Δαϐίδ.
634 293 721 319 ΨΑΛ.
737 294 804 320 PII’.

100 346 122 373 l.
143 347 169 373 '0
179 346 257 379 Θεὸς,
273 346 322 382 τὴν
338 346 441 373 αἴνεσίν
459 355 510 382 μου
530 347 568 383 μὴ
581 349 803 385 παρασιωπὴσῃς
813 357 820 365 ·

99 392 125 419 2.
136 392 199 419 ’Ὁτι
213 393 301 428 στόμα
316 392 478 428 ἁμαρτωλοῦ
490 413 497 426 ,
522 394 570 420 καὶ
595 394 682 430 στόμα
700 394 786 422 δολίου
804 397 847 422 ἐπ’

70 437 114 471 ne
125 437 245 472 ἠνοίχθη.

98 485 122 511 5.
141 483 288 520 Ἐλάλησαν
300 486 360 512 κατ’
370 484 437 520 ἐμοῦ
450 484 562 521 γλώσσῃ
576 485 652 521 δολία
663 495 669 501 ·

100 530 124 558 4.
140 531 194 557 Καὶ
210 531 300 565 λόγοις
314 531 410 567 μίσους
422 531 581 559 ἐκύκλωσαν
595 541 628 568 με
641 542 647 548 ·

100 578 124 605 5.
139 577 192 605 Καὶ
207 577 382 613 ἐπολέμησαν
407 587 441 613 με
458 578 572 614 δωρεάν.

99 623 125 650 6.
140 624 212 650 ’Δντὶ
227 623 275 650 τοῦ
293 624 404 659 ἀγαπᾷν
417 633 451 660 με
468 624 636 651 ὲνδιέὃαλλόν
655 634 688 660 με
698 634 705 641 ·

99 670 123 697 7.
142 669 212 704 Ἐγὼ
223 670 251 696 δὲ
267 670 474 706 προσηυχόμην.

99 715 122 742 8.
135 716 188 742 Καὶ
201 715 292 743 ἔθεντο
306 717 368 743 κατ’
381 716 450 752 ἐμοῦ
467 717 540 744 κακὰ
554 717 615 744 ἀντὶ
627 717 736 752 ἀγαθῶν
752 727 758 733 ·

99 763 122 789 9.
137 763 191 789 Καὶ
207 764 285 798 μῖσος
295 764 356 790 ἀντὶ
371 764 421 799 τῆς
433 764 599 799 ὰγαπήσεώς
613 773 675 800 μου.

99 808 138 836 10.
153 809 334 845 Κατὰστησον
348 810 391 837 ἐπ’
403 810 485 837 αὐτὸν
499 810 662 846 ἁμαρτωλόν
673 818 680 826 ·

100 856 139 884 Η.
156 857 211 884 Καὶ
227 857 351 890 διάϐολος
368 858 458 893 στήτω
468 858 501 884 ἐκ
517 857 613 890 δεξιῶν
624 857 708 885 αὑτοῦ

99 902 139 929 12.
160 903 204 930 Ἐν
215 903 254 939 τῷ
268 903 409 940 κρίνεσθαι
428 904 519 938 αὐτὴν,
546 899 649 937 ἐξέλθοι
667 903 846 931 καταδεδικα-

71 948 157 984 σμένος
170 956 176 964 ι

517 131 562 158 DE
583 131 721 160 TlTULlS
740 131 1115 161 PSALMORUM.—PSAL.
1133 131 1223 159 CVIII.

1615 133 1687 163 H58

861 194 885 222 Α
933 191 979 218 29.
994 190 1023 218 ln
1040 191 1094 218 Deo
1109 190 1242 218 faciemus
1252 189 1380 218 virtutem
1394 200 1404 218 :

935 236 978 264 50.
996 235 1030 263 Et
1041 237 1098 272 ipse
1113 235 1147 263 ad
1164 236 1280 263 nihilum
1292 236 1408 264 deducet
1424 235 1550 264 inimicos
1562 241 1684 266 nostros.

969 293 1001 320 In
1018 294 1096 328 ﬁnem
1110 302 1120 320 :
1133 293 1259 321 Psalmus
1275 293 1370 321 David.
1385 293 1488 321 PSAL.
1504 292 1615 321 CVIII.

935 349 960 376 Ι.
975 349 1058 383 Deus,
1072 349 1179 377 laudem
1198 357 1286 377 meam
1301 357 1335 377 ne
1347 350 1481 378 tacueris:

933 395 960 422 2.
976 395 1046 428 Quia
1057 403 1089 423 os
1100 397 1263 431 peccatoris,
1274 400 1301 424 et
1315 404 1347 424 os
1360 396 1448 424 dolosi
1459 403 1540 431 super
1551 403 1595 424 me
1607 403 1688 432 aper-

898 446 956 469 tum
971 447 1023 470 est.

934 487 960 515 5.
978 487 1075 515 Loculi
1087 493 1152 516 sunt
1166 489 1313 516 adversum
1328 495 1373 516 me
1385 488 1478 524 lingua
1490 488 1605 516 dolosa:

935 533 960 560 4.
977 533 1011 561 Ει
1024 533 1197 562 sermonibus
1214 534 1268 561 odii
1285 533 1523 562 circumdederunt
1533 541 1577 561 me
1589 543 1598 561 :

935 579 961 606 5.
979 579 1012 606 Ει
1023 584 1249 614 expugnaverunt
1262 587 1305 607 me
1318 581 1412 615 gratis.

935 626 961 653 6.
977 625 1030 652 Pro
1043 633 1075 653 eo
1089 630 1119 653 ut
1132 633 1175 653 me
1191 626 1345 662 diligerent,
1363 626 1542 654 detrahebant
1553 625 1639 654 mihi:

936 671 961 699 7.
979 672 1035 707 Ego
1049 676 1139 712 autern
1153 672 1276 700 orabam.

935 719 962 747 8.
981 719 1014 746 Et
1030 725 1181 754 posuerunt
1198 719 1343 747 adversum
1366 727 1410 747 me
1433 719 1503 747 mala
1523 727 1574 755 pro
1589 719 1685 748 bonis:

935 766 963 793 9.
977 764 1011 792 Et
1024 765 1115 792 odium
1130 772 1180 799 pro
1190 765 1336 793 dilectione
1349 773 1420 793 mea.

938 811 981 838 10.
997 811 1140 839 Constitue
1156 819 1238 846 super
1251 819 1314 839 eum
1329 815 1519 846 peccatorem:

938 859 980 886 ll.
996 858 1028 886 Et
1044 858 1169 885 diabolus
1183 862 1236 886 stet
1252 865 1268 885 a
1284 857 1389 885 dextris
1404 857 1474 893 ejus.

937 904 980 931 l2.
995 904 1064 931 Cum
1078 904 1218 939 judicatur
1231 903 1299 938 ipse,
1313 908 1391 932 exeat
1401 904 1622 932 condemnatus.

624 1041 813 1069 ATllANASll
838 1038 1131 1068 lNTERPRETA'IlO.

99 1130 139 1158 ‘29.
162 1131 205 1157 Ἐν
236 1130 275 1166 τῷ
302 1130 361 1166 Θεῷ
379 1131 422 1158 διὰ
450 1130 500 1166 τῆς
520 1130 639 1162 πίστεως
664 1129 779 1164 δύναμιν
802 1129 854 1156 θῶ-

89 1185 112 1203 εν
128 1177 174 1204 (Il.

89 1185 112 1203 εν
139 1177 149 1204 1
168 1197 174 1204 .

71 1177 138 1250 “EOS
151 1177 207 1250 iia‘t
217 1222 298 1254 αὐτὸς
308 1222 432 1255 ἀσθενεῖς
442 1223 552 1258 ποιήσει
561 1223 624 1254 τοὺς
632 1222 746 1258 ἐχθροὺς
759 1220 848 1257 ἡμῶν.

940 1128 986 1157 29.
1003 1127 1033 1156 In
1045 1127 1102 1156 Deo
1112 1135 1161 1164 per
1175 1127 1255 1156 [idem
1268 1127 1396 1155 virtutem
1413 1125 1581 1162 reponimus.

939 1219 986 1248 50.
998 1220 1031 1248 Ει
1043 1220 1102 1255 ipse
1117 1219 1241 1247 inﬁmos
1255 1219 1348 1247 reddet
1361 1216 1620 1247 inimicos'nostros.

104 1310 133 1336 Ἦ
148 1311 317 1346 προκειμένη
335 1311 476 1346 ἐπιγραφὴ
491 1311 614 1346 περιέχει
630 1310 669 1346 (2)
681 1319 688 1326 -
704 1311 768 1337 Ὅτι
782 1311 799 1336 ὀ
813 1309 935 1345 ψαλμὸς
949 1310 993 1343 εις
1006 1308 1043 1336 τὰ
1052 1308 1124 1343 τέλη
1135 1308 1248 1343 εἴρηται
1262 1309 1321 1336 τῶν
1333 1309 1510 1344 μελλόντων
1520 1309 1691 1345 συμϐήσεέν

69 1356 201 1390 τῷικανῷ
217 1357 256 1391 τῇ
267 1357 354 1392 χειρὶ,
374 1358 497 1384 τουτέστι
510 1356 549 1392 τῷ
568 1356 625 1392 Υἱῷ
641 1356 688 1383 τοῦ
705 1356 784 1383 Θεοῦ.

103 1402 206 1432 Titulus
222 1404 384 1439 prwpositus
399 1404 521 1432 continet
535 1413 541 1431 :
556 1403 632 1436 Quod
647 1403 772 1431 Psalmus
788 1403 877 1431 dictus
893 1408 932 1432 est
946 1405 979 1432 de
997 1403 1031 1432 iis
1047 1409 1106 1438 qua:
1124 1401 1151 1428 in
1168 1401 1218 1428 ﬁne
1228 1405 1351 1429 eventura
1363 1406 1437 1429 erant
1452 1409 1532 1429 manu
1546 1401 1620 1436 forti,
1641 1402 1692 1428 hoc

72 1457 109 1479 est
119 1451 163 1480 Dei
175 1451 257 1480 Filio.

102 1539 122 1566 l.
142 1541 170 1567 Ὁ
187 1540 254 1572 Θεὸς
278 1541 292 1566 ὁ
317 1540 414 1576 Πατήρ
432 1548 494 1575 μου,
510 1540 525 1566 ὁ
545 1539 625 1576 μόνος
646 1548 679 1575 με
695 1538 847 1573 γινώσκων,

934 1538 960 1566 Ι.
977 1537 1049 1568 Deus
1064 1538 1143 1567 Pater
1157 1546 1246 1573 meus,
1259 1538 1305 1574 qui
1318 1538 1394 1566 solus
1408 1546 1451 1565 me
1464 1538 1618 1574 cognoscis,
1633 1538 1693 1573 glo-

70 1584 111 1619 τὴν
127 1585 204 1617 δόξαν
222 1594 272 1620 μου
287 1586 446 1622 φανέρωσον
458 1586 500 1617 τίς
518 1586 647 1622 ὑπάρχει.

99 1631 124 1658 Ξ.
141 1631 201 1658 ’Ὁτι
216 1631 254 1663 ὠς
272 1631 321 1659 ἕνα
335 1632 389 1658 τῶν
401 1632 553 1668 ἀνθρώπων
564 1628 642 1664 οὗτος
658 1633 673 1659 ὁ
692 1631 853 1668 ἁμαρτωλὸς

69 1676 129 1711 ὁίδ)
158 1677 259 1709 Ἰούδας
276 1677 345 1712 μετὰ
370 1677 444 1704 δόλου
460 1676 542 1714 ἦλθεν
569 1677 680 1714 φιλῆσαι
704 1687 738 1713 με
750 1677 850 1713 λέγων·

70 1722 158 1756 Χαῖρε,
174 1723 287 1750 Ῥαόϐί.

100 1768 124 1796 3.
142 1768 274 1796 Συνὲοετο
293 1768 361 1804 μετὰ
373 1768 428 1796 τῶν
452 1769 586 1796 Ἰουδαίων
603 1770 696 1796 λαῢεϊν
713 1769 752 1802 (4)
767 1769 851 1805 ἀργύ-

72 1822 111 1849 ρια
125 1815 186 1850 παρ’
201 1815 303 1846 αὐτῶν,
323 1815 371 1842 καὶ
386 1815 554 1851 παραδοῦναί
570 1824 614 1851 με.

101 1861 124 1888 4.
139 1863 194 1888 Καί
215 1861 425 1897 βουλευσάμενοι
442 1862 602 1889 ὲκύκλωσάν
620 1871 664 1898 με.

103 1907 126 1934 5.
142 1908 198 1935 Kal
217 1908 286 1943 μετὰ
301 1908 387 1942 ξύλων
401 1909 448 1935 καὶ
466 1908 608 1944 μαχαιρῶν
632 1908 756 1940 ἐλθόντες
772 1907 855 1944 ἐκρά-

72 1953 149 1987 τησάν
162 1962 195 1988 με
207 1953 318 1985 ἀδίκως.

102 1998 126 2026 6.
149 1999 237 2035 ’Υπὲρ
253 1996 289 2026 ὧν
300 1999 415 2034 ὤφειλον
429 2000 539 2036 ἀγαπᾷν
563 2009 598 2036 με
611 2020 618 2033 ,
633 2000 674 2027 ὅτι
697 2001 759 2033 τοὺς
775 2001 855 2028 ἀσθε-

71 2045 174 2077 νοῦντας
190 2045 280 2072 αὐτῶν
299 2046 427 2082 ἰασάμην,
439 2046 610 2081 κατηγόρουν
621 2055 671 2082 μου
689 2047 739 2081 (5).

103 2091 127 2117 7.
152 2092 224 2126 Ἐγὼ
239 2092 267 2118 δὲ
280 2092 476 2128 προσηυχόμην
486 2092 571 2119 τύπον
582 2094 637 2124 τοῖς
654 2093 788 2128 μαθηταῖς
805 2102 854 2128 μου

72 2135 151 2170 διδοὺς
169 2138 198 2164 ἐν
213 2137 302 2173 καιρῷ
319 2138 476 2174 πειρασμοῦ
492 2137 579 2170 οὕτως
590 2139 802 2175 προσεύχεσθαι.

101 2183 126 2210 8.
144 2184 198 2211 Καὶ
215 2183 318 2220 ὦρισαν
332 2185 507 2221 ἀναιρεθῆναι
529 2193 564 2221 με
585 2186 646 2212 ἀντὶ
658 2186 712 2212 τῶν
725 2186 835 2221 ἀγαθῶν
846 2207 853 2219 ,

72 2224 104 2254 ὧν
115 2229 157 2256 ἀεὶ
175 2229 314 2265 παρέσχον
330 2230 433 2262 αὐτοῖς.

102 2274 126 2302 9.
145 2275 200 2302 Καὶ
218 2276 280 2303 ἀντὶ
292 2276 343 2312 τῆς
353 2277 474 2312 ἀγάπης,
488 2273 522 2313 ἧς
539 2277 596 2312 ἐγὼ
612 2277 746 2312 manu“
760 2278 858 2310 αὐτοὺς

73 2319 116 2354 (6),
127 2321 239 2357 ἐμίσουν
254 2330 298 2357 με.

105 2367 146 2400 10,
173 2367 217 2395 11.
243 2368 363 2404 Ἀρχέτω
389 2369 491 2401 αὑτοῦ,
522 2369 570 2396 καὶ
606 2362 778 2405 κυριευσάτω
810 2370 857 2396 ἀπ’

73 2412 154 2449 ἀρχῆς
169 2414 208 2449 (7)
221 2414 382 2450 ἁμαρτωλὸς
395 2416 409 2441 ὀ
422 2415 554 2446 διάϐολος.

107 2458 146 2485 l2.
166 2459 382 2494 ’Δναπολόγητος
396 2459 467 2487 ἔστω
478 2461 507 2488 ὲν
521 2461 553 2496 τῇ
562 2459 655 2497 ἡμέρᾳ
664 2460 716 2496 τῆς
730 2460 847 2496 κρίσεως

107 2549 128 2565 ³⁸
143 2549 238 2577 Matth.
256 2559 332 2584 xxvr,
347 2550 397 2578 49.

902 1583 972 1611 riam
986 1591 1076 1611 meam
1090 1583 1236 1610 manifesta
1249 1583 1337 1617 qualis
1351 1586 1403 1608 est.

939 1629 966 1657 2.
986 1629 1120 1663 Quoniam
1133 1629 1218 1657 veluti
1244 1629 1278 1655 ad
1303 1635 1388 1655 unum
1413 1635 1446 1655 ex
1465 1627 1631 1660 hominibus,
1654 1628 1692 1655 ita

903 1681 1030 1711 peccator
1046 1675 1130 1703 ludas
1152 1683 1213 1703 cum
1239 1675 1302 1703 dolo
1316 1675 1391 1702 venit
1403 1674 1437 1702 ad
1456 1674 1634 1702 osculandum
1648 1681 1691 1700 me

903 1721 996 1749 dicens
1009 1730 1015 1748 :
1032 1721 1095 1754 Ave,
1110 1721 1194 1748 Rabbi
1207 1721 1240 1748 ".

939 1768 966 1795 '5.
981 1767 1115 1795 Convenit
1125 1775 1188 1794 cum
1199 1767 1301 1795 Iudaeis
1314 1770 1456 1802 argentum
1472 1766 1507 1793 ab
1517 1765 1558 1794 eis
1570 1765 1693 1802 accipere

904 1818 935 1842 ut
952 1822 994 1841 me
1007 1814 1140 1841 traderet.

939 1862 966 1890 4.
984 1861 1016 1889 Ει
1031 1862 1099 1889 ἱηὶιο
1112 1861 1227 1890 consilio
1239 1860 1478 1888 circumdederunt
1496 1867 1550 1888 me.

938 1909 964 1936 5.
984 1908 1018 1936 Et
1031 1916 1092 1936 cum
1113 1908 1231 1937 fustibus
1253 1911 1280 1935 et
1294 1907 1391 1943 gladiis
1408 1907 1549 1936 venientes
1566 1914 1693 1941 compre-

905 1955 1060 1983 henderunt
1076 1963 1119 1983 me
1134 1955 1243 1989 injuste.

939 2001 967 2028 6.
980 2000 1033 2029 Pro
1049 2001 1091 2028 iis.
1100 2001 1135 2028 ob
1150 2008 1211 2036 qua
1226 2000 1414 2029 debebantme
1424 1999 1546 2034 diligere,
1561 1999 1634 2035 quod
1648 2007 1694 2027 eo.

905 2055 966 2074 rum
984 2047 1108 2075 inﬁrmos
1119 2047 1223 2078 sanari,
1239 2046 1404 2074 accusabant
1420 2053 1473 2072 me.

943 2093 969 2120 7.
986 2092 1042 2128 Ego
1058 2097 1148 2120 autem
1172 2093 1295 2125 orabam,
1318 2091 1471 2126 exemplum
1487 2091 1610 2126 prmbens
1626 2091 1694 2118 meis

907 2139 1049 2173 discipulis
1066 2142 1190 2172 tempore
1204 2137 1388 2164 tribulationis
1404 2136 1528 2164 similiter
1542 2143 1631 2164 orare.

942 2185 969 2212 8.
987 2184 1021 2211 Et
1043 2188 1196 2212 statuerunt
1216 2191 1259 2211 me
1287 2183 1439 2210 interﬁcere
1463 2190 1513 2218 pro
1534 2182 1613 2210 bonis
1634 2190 1696 2218 qua:

908 2238 1015 2266 semper
1028 2231 1068 2258 eis
1081 2230 1198 2265 praebui.‘

941 2278 968 2305 9.
982 2276 1015 2304 Et
1026 2285 1076 2312 pro
1090 2277 1236 2304 dilectione
1255 2284 1308 2313 qua
1329 2284 1376 2305 eos
1390 2285 1449 2313 ego
1466 2277 1558 2311 dilexi,
1574 2276 1638 2304 odio
1654 2284 1697 2303 me

908 2323 1072 2351 habuerunt.

944 2368 988 2401 lO,
1007 2368 1049 2394 ll.
1063 2367 1091 2394 In
1116 2374 1149 2394 eo
1173 2367 1317 2402 imperium
1338 2374 1371 2394 ac
1384 2366 1600 2395 dominationem
1619 2372 1697 2392 exer-

907 2419 966 2443 ceat
977 2414 1114 2447 diabolus,
1131 2413 1176 2448 qui
1195 2413 1246 2440 fuit
1263 2413 1297 2441 ab
1311 2413 1389 2441 initio
1402 2418 1541 2448 peccator.

943 2461 987 2489 12.
1003 2460 1200 2488 inexcusabilis
1211 2461 1247 2488 sit
1261 2459 1288 2487 in
1302 2460 1345 2488 die
1357 2460 1462 2496 judicii.

543 2620 698 2654 Addenda
716 2625 748 2654 et
763 2621 951 2662 corrigenda
965 2630 1006 2654 ex
1019 2622 1091 2653 cod.
1110 2620 1209 2652 Vatic.

107 2703 145 2742 (ἓ)
159 2705 378 2742 Αννναμωοῶμενο

108 2733 193 2785 ἐὲὶᾷιί
206 2733 636 2785 ξιδι.τῇςζκιινεσάρξωετεετέιέίξι
646 2750 651 2756 ·
661 2742 708 2785 Εἰς
726 2742 851 2785 τὶτέλθξς

76 2773 177 2817 ψαλμὺς
188 2776 227 2817 τῷ
241 2773 333 2805 Δαϐιδ.
350 2773 486 2805 Τώτοοῦν
497 2773 580 2813 δηλοῖ,
595 2773 666 2812 Ὅτι,
679 2773 730 2806 etc.
744 2773 854 2814 Συμὸήὲ

78 2816 167 2837 «acuat
181 2816 229 2847 τῳ,
241 2818 294 2840 etc.

110 2844 146 2881 (3)
164 2846 191 2873 '0
205 2848 289 2876 deest.

942 2707 980 2742 (4)
996 2707 1163 2742 Λαμϐάνειν.

999 2743 1181 2812 ὶγιζᾚςέιττήσεως
1194 2773 1228 2811 ἧς
1243 2774 1375 2812 ηγάπησα
1392 2771 1488 2803 αὐτοὺς
1511 2769 1576 2806 ἐγώ,
1594 2774 1646 2798 etc.

945 2813 984 2849 (7)
999 2811 1086 2840 Αὐτοῦ
1101 2811 1115 2839 ὂ
1133 2813 1179 2840 ἀπ’
1193 2811 1289 2846 ἀρχῆς,
1305 2813 1356 2837 etc.
