1910 3048
52 139 113 168 illi
512 145 556 173 DE
575 147 712 176 TlTULlS
730 149 953 181 PSALMOIKUM.
970 168 1006 174 —
1024 153 1119 182 PSAL.
1139 154 1230 183 QVI".
1600 163 1671 191 ειη

83 197 123 224 51.
142 197 198 224 Kal
211 199 370 232 κατεδίωξεν
384 201 527 238 ἄνθρωπον
540 205 644 241 πένητα
659 208 705 234 καὶ
717 209 823 244 πτωχὸν

922 210 968 237 5i.
984 210 1016 238 Et
1030 198 1190 246 persecutus
1205 217 1247 241 est
1264 214 1403 245 hominem
1417 218 1524 254 inopem
1539 223 1566 248 et
1590 228 1668 248 men-

886 256 988 290 dicum,

923 303 966 330 52.
985 303 1017 330 Et
1030 310 1224 339 compunctum
1240 307 1322 335 corde
1334 310 1508 338 mortiﬁcare.

919 349 963 376 55.
979 349 1012 376 Et
1026 350 1120 378 dilexit
1134 351 1365 387 maledictionem,
1381 359 1408 383 et
1418 357 1508 384 veniet
1519 357 1542 384 ei
1555 367 1562 386 :

918 394 965 422 54.
979 395 1012 423 Et
1022 397 1109 424 noluit
1118 398 1345 433 benedictionem.
1360 406 1387 429 et
1397 402 1567 438 elongabitur
1579 405 1613 432 ab
1625 412 1667 433 eo.

81 284 122 311 52.
138 285 194 310 Καὶ
205 288 440 321 κατανενυγμένον
452 289 484 324 τῇ
499 290 597 326 καρδίᾳ
610 292 657 318 τοῦ
669 292 832 322 θανατῶσαι.

81 330 123 356 55.
137 330 193 356 Kal
207 331 335 367 ἠγάπησε
353 334 487 369 κατάραν,
500 337 546 362 καὶ
562 337 621 372 ἥξει
632 339 720 374 αὐτῷ·

80 375 121 402 54.
135 377 191 403 Kal
207 377 258 404 οὐκ
272 377 406 414 ἠθέλησεν
420 380 546 415 εὐλογίαν
559 402 565 414 ,
584 385 632 410 καὶ
648 386 835 422 μακρυνθήσε-

50 429 88 446 ut
102 421 147 446 ἀπ’
163 421 260 449 αὑτοῦ.

80 467 119 493 53.
137 468 194 494 Kal
215 468 360 497 ἐνεδύσατο
373 472 496 509 κατάραν
507 474 545 506 ὡς
556 475 662 510 ἱμάτιον
673 485 679 492 ’

79 511 120 538 56.
136 513 193 539 Kal
207 514 334 548 εἰσῆλθεν
348 515 414 543 ὡσεὶ
437 517 508 554 ὕδωρ
525 520 565 550 εἰς
579 519 612 546 τὰ
626 520 728 555 ἔγκατα
739 522 832 550 αὐτοῦ·

78 558 119 585 57,
134 559 190 584 Καὶ
202 559 268 586 ὡσεὶ
284 561 375 588 ἔλαιον
389 563 418 589 ὲν
433 565 489 596 τοῖς
501 565 607 598 ὀστέοις
621 567 713 596 αὐτοῦ.

81 603 122 630 53.
139 604 286 641 Γενηθήτω
303 608 376 644 αὐτῷ
387 608 424 641 ὡς
443 610 548 645 ἱμάτιον
562 612 575 638 ὃ
591 613 792 648 περιϐάλλεται·

79 649 119 676 59.
141 649 195 677 Καὶ
212 651 278 678 ὡσεὶ
292 652 363 689 ζώνη
378 655 411 689 ἢν
422 655 566 689 διαπαντὸς
581 659 786 695 περιζώννυται.

78 693 118 720 40.
137 695 225 723 Τοῦτο
237 697 268 724 τὸ
282 698 362 734 ἔργον
373 700 426 728 τῶν
450 693 676 732 ὲνδιαϐαλλόντων
699 716 731 743 με
759 709 833 744 παρὰ

49 737 152 775 Καρίου,

918 485 962 512 55.
980 485 1012 512 Et
1027 486 1116 514 induit
1133 489 1350 518 maledictionem
1372 492 1443 520 sicut
1455 493 1666 523 vestimentum:

918 530 961 558 56.
979 531 1010 558 Et
1026 532 1136 561 intravit
1153 534 1225 562 sicut
1237 543 1306 570 aqua
1322 536 1349 564 in
1365 537 1493 567 interiora
1510 540 1586 576 ejus:

918 575 963 603 57.
982 576 1014 604 Et
1027 578 1098 605 sicut
1115 579 1205 607 oleum
1220 581 1247 608 in
1265 582 1373 611 ossibus
1390 584 1458 619 eius.

919 622 963 649 58.
982 622 1041 651 Fiat
1056 624 1081 652 ei
1095 625 1166 653 sicut
1180 628 1373 656 vestimentum
1391 639 1445 665 quo
1458 633 1579 666 operitur
1591 644 1597 661 :

918 667 962 695 59.
984 668 1016 695 Et
1029 669 1100 697 sicut
1116 679 1185 700 zona
1200 681 1253 708 qua
1267 682 1373 710 semper
1386 677 1569 714 praecingitur.

917 713 962 740 40.
979 713 1037 742 Hoc
1062 723 1131 751 opus
1147 725 1253 753 eorum,
1269 721 1315 756 qui
1334 713 1571 753 detrahuntimihi
1594 727 1665 761 apud

883 757 1039 792 Dominum,

77 785 118 811 41.
146 786 202 814 Kal
227 788 282 816 τῶν
304 789 456 819 λαλούντων
484 796 590 832 πονηρὰ
617 798 686 825 κατὰ
713 800 763 835 τῆς
782 800 824 836 ψυ-

917 803 961 832 41.
981 785 1085 841 ΕΓ(ιυί
1114 807 1266 843 loquuntur
1293 813 1364 840 mala
1389 813 1519 844 adversus
1545 817 1664 844 animam

48 838 90 865 χης
110 840 171 867 μου.

900 857 980 877 team.

77 877 119 904 49..
132 877 184 905 Kal
196 880 240 912 σὺ,
253 880 339 917 Κύριε
348 883 446 919 Κύριε,
456 886 568 921 ποίησον
585 890 642 924 μετ’
651 889 718 925 ἐμοῦ
735 891 743 927 [

48 921 130 949 ἕνεκεν
146 924 195 951 τοῦ
216 926 347 962 ὀνόματός
360 937 418 955 σου·

77 969 119 996 45.
137 971 200 998 Ὀτι
215 974 332 1008 χρηστὸν
349 975 379 1002 τὸ
392 975 464 1009 ἔλεός
482 986 527 1004 σου
543 978 663 1017 [Κύριε].

78 1014 118 1041 44.
137 1016 233 1044 Ῥῦσαί
251 1027 295 1054 με,
309 1020 349 1046 ὅτι
360 1023 465 1057 πτωχὸς
481 1024 529 1050 καὶ
548 1014 631 1061 πένίης
644 1014 703 1062 εἰμὶ
717 1027 782 1062 ἐγώ·

78 1060 119 1087 ιε’..
137 1063 192 1088 Καὶ
211 1064 228 1099 ή
240 1065 338 1100 καρδία
353 1076 402 1101 μου
418 1068 580 1104 τετάρακται
595 1060 678 1104 ἐντός.
687 1082 737 1108 μου

77 1106 118 1133 ιδ.
134 1108 207 1136 Ὠσεὶ
220 1111 283 1137 σκιὰ
295 1113 323 1138 ὲν
335 1112 374 1148 τῷ
388 1114 509 1142 ἐκκλῖναι
522 1117 616 1152 αὐτὴν,
634 1118 829 1157 ἀντανῃρέθην·

77 1151 117 1180 47.
138 1153 328 1192 Ἐξετινάχθην
342 1158 407 1185 ὡσεὶ
423 1160 542 1195 ἀκρίδες.

746 891 824 929 ἕλεοςῖ

915 895 957 922 42.
974 895 1007 923 Εῑ
1019 901 1057 930 tu,
1076 899 1190 929 Domine
1212 900 1336 937 Domine,
1353 904 1397 934 fac
1410 907 1527 934 'mecum
1547 907 1665 936 [miscri-

882 942 1014 979 cordiam]
1029 949 1138 980 propter
1157 955 1254 976 nomen
1275 954 1368 978 tuum:

916 986 959 1013 45.
975 988 1044 1021 Quia
1060 991 1153 1018 suavis
1165 993 1350 1023 misericordia
1364 1002 1409 1024 tua
1427 997 1564 1035 [Domine]

915 1031 959 1058 Η.
977 1032 1072 1062 Libera
1085 1044 1128 1064 me
1141 1038 1203 1072 quia
1215 1046 1317 1075 egenus
1329 1045 1356 1068 et
1370 1031 1474 1077 pauper
1486 1051 1537 1078 ego
1550 1031 1608 1073 sum
1620 1055 1626 1073 :

919 1078 964 1106 45.
979 1079 1012 1107 Et
1025 1088 1072 1108 cor
1088 1090 1178 1111 meum
1193 1087 1382 1115 conturbatum
1397 1094 1439 1117 est
1454 1090 1523 1118 intra
1539 1099 1590 1118 me.

913 1123 957 1150 46.
974 1123 1049 1152 Sicut
1064 1128 1159 1156 umbra
1173 1137 1234 1157 cum
1250 1131 1376 1166 declinat,
1396 1134 1504 1163 ablatus
1518 1144 1578 1164 sum
1593 1146 1599 1163 :

912 1168 957 1194 £7.
974 1169 1007 1196 Et
1018 1177 1151 1201 excussus
1167 1182 1227 1202 sum
1243 1176 1313 1204 sicut
1326 1177 1447 1207 locustae.

602 1249 791 1281 ATHANASII
812 1253 1105 1289 INTERPBETATIO.

78 1317 119 1344 3i.
137 1319 194 1346 Kal
205 1319 351 1352 κατεδίωξε
365 1321 410 1348 τὸν
422 1323 548 1352 πλούσιον
563 1326 608 1353 τὸν
625 1327 658 1354 δι’
673 1329 746 1364 ἡμᾶς
758 1340 830 1357 πτω-

49 1362 181 1395 χεύσαντα.

78 1409 118 1436 53.
134 1410 186 1437 Τὸν
200 1412 288 1448 πρᾷον
303 1414 336 1449 τῇ
348 1414 455 1451 καρδίᾳ.

78 1454 116 1482 55.
130 1456 182 1483 Καὶ
195 1457 212 1493 ὴ
228 1458 322 1494 ἀγάπη
337 1459 374 1494 (1)
394 1460 518 1495 Θάνατον,
537 1465 584 1490 καὶ
596 1464 656 1499 ἥξει
670 1466 772 1498 αὐτοῖς.

78 1500 116 1528 54.
132 1502 186 1529 Kal
209 1503 261 1530 οὐκ
279 1504 396 1540 ἠθέλησε
413 1507 462 1543 τὴν
477 1507 585 1537 αἰώνιον
597 1510 680 1547 ζωὴν,
698 1513 744 1539 καὶ
757 1514 824 1541 ἁπο-

49 1546 163 1580 στήσεται
175 1549 226 1575 ἀπ’
238 1550 332 1579 αὐτοῦ.

75 1590 114 1618 55.
127 1593 177 1620 Τὸν
195 1594 309 1623 θάνατον
320 1597 358 1629 ὡς
373 1598 488 1633 ἱμάτιον.

76 1637 115 1664 56.
135 1641 259 1675 Πρηνὴς
272 1642 326 1677 γὰρ
339 1645 499 1679 γενόμενος
510 1646 642 1681 ἐλάκτισε
653 1648 759 1684 μέσος,
773 1651 822 1677 καὶ

48 1681 160 1719 ἐξεχύθη
171 1686 272 1713 πάντα
287 1689 325 1715 τὰ
338 1690 501 1725 σπλάγχνα
517 1692 620 1720 αὑτοῦ.

76 1729 114 1756 57.
129 1731 282 1769 Περιεχύθη
295 1735 308 1760 ὁ
321 1734 433 1768 θάνατος
450 1738 479 1763 ὲν
497 1739 552 1770 τοῖς
566 1739 675 1774 μέλεσιν
693 1741 786 1768 αὑτοῦ.

76 1775 114 1803 58.
133 1778 224 1805 Ἔστω
242 1780 300 1814 μετ’
321 1781 403 1808 αὐτοῦ
426 1782 470 1810 διὰ
487 1784 585 1816 παντὸς
613 1787 629 1821 ἡ
646 1786 683 1821 (2)
701 1787 823 1823 ἁμαρτία

49 1825 274 1860 περιπτυσσομένη
289 1827 380 1854 αὐτόν.
539 1835 545 1842 '

75 1869 113 1896 59.
128 1871 314 1907 Περισςρίγγου
328 1874 365 1909 (5)
378 1875 460 1901 αὐτὴν
470 1875 522 1902 ἀεί.

74 1914 114 1943 40.
130 1917 217 1944 Τοῦτο
230 1920 350 1953 γενέσθω
365 1921 411 1948 ἐπὶ
438 1921 483 1948 τὸν
505 1922 626 1950 διάϐολον
638 1923 682 1950 καὶ
699 1925 761 1957 τοὺς
774 1926 823 1960 ἁγ-

47 1960 128 1994 γέλους
140 1964 234 1992 αὑτοῦ.

73 2007 113 2035 41.
127 2010 183 2037 Kal
202 2010 295 2047 [κατὰ]
311 2011 363 2038 τῶν
384 2013 511 2041 ἐναντίων
522 2014 674 2050 δυνάμεων,
688 2016 740 2042 τῶν
758 2024 824 2052 συμ-

47 2050 233 2095 ϐουλευομένων
248 2057 395 2084 ἀπολέσθαι
412 2058 449 2093 (4)
464 2059 513 2094 τὴν
530 2059 618 2095 ψυχήν
635 2069 695 2095 μου.

76 2093 113 2126 δὲ.
124 2099 177 2127 Kal
189 2102 232 2134 σὺ,
249 2102 333 2138 Κύριε
349 2103 443 2140 Κύριε,
461 2093 501 2131 ac;
512 2105 542 2131 τὸ
660 2115 706 2132 σου
729 2106 821 2141 φιλάν-

47 2142 140 2179 θρωπον
153 2147 261 2182 λέγεται
289 2149 335 2176 καὶ
350 2149 435 2182 ἐστὶν,
448 2150 534 2183 οὕτως
550 2151 596 2178 καὶ
622 2151 734 2187 ποίησον
763 2153 820 2188 μετ’

46 2190 114 2224 ἐμοῦ·

73 2236 113 2265 45.
125 2239 186 2266 Ὅτι
198 2239 298 2274 ἀγαθὸν
312 2240 342 2267 τὸ
351 2240 424 2273 ἔλεός
436 2250 493 2268 σου.

74 2283 112 2311 Η.
131 2286 226 2313 Ῥῦσαί
243 2295 287 2321 με,
310 2287 351 2314 ὅτι
368 2289 474 2324 πτωχός
488 2290 556 2325 εἰμι,
572 2290 619 2316 καὶ
645 2289 730 2326 πένης
745 2291 774 2317 ὲν
789 2292 823 2327 τῇ

47 2328 106 2364 ἰσχύϊ
118 2333 165 2368 τῆς
176 2333 265 2369 ψυχῆς
281 2342 342 2369 μου.

73 2375 112 2404 45.
126 2378 178 2406 Kal
194 2380 211 2415 ἡ
228 2380 327 2415 καρδία
343 2389 393 2416 μου
405 2381 433 2407 ὲν
441 2381 526 2415 ἀγῶνι
542 2381 630 2418 πολλῷ
643 2382 820 2419 καθέστηκεν·

73 2422 112 2450 46.
134 2425 333 2462 ’Λσθενησάσης
357 2426 442 2462 αὐτῆς
462 2427 508 2454 xal
535 2428 697 2463 ὲκκλινάσης
712 2428 817 2464 [Ἀρι-Θε-

47 2466 150 2501 νήσασαν
169 2471 255 2507 αὐτὴν
268 2471 316 2498 καὶ
345 2472 518 2509 ἐκκλίνασαν]
539 2475 580 2505 εἰς
597 2474 735 2510 ἁμαρτίαν
754 2475 817 2502 ὲθα-

46 2513 151 2548 νάτωσας
165 2516 214 2551 (5).

74 2559 111 2587 47.
124 2561 293 2599 Κατερῤίφην
314 2565 369 2592 ἀπὸ
382 2565 437 2592 τῶν
460 2565 559 2601 ἀερίων
584 2567 745 2600 πνευμάτων
762 2567 816 2594 τῶν

47 2603 200 2644 ἀκαθάρτων.

75 2665 94 2681 ⁸⁸
106 2667 162 2695 Aet.
176 2677 195 2702 ι,
212 2668 254 2696 ιδ.

914 1335 959 1362 51.
975 1334 1009 1363 Ει
1029 1344 1191 1372 persecutus
1205 1347 1248 1370 est
1265 1343 1375 1371 divitem
1397 1351 1507 1382 propter
1529 1357 1580 1377 nos
1596 1359 1662 1385 pau-

876 1388 968 1415 perem
989 1382 1100 1412 factum.

912 1427 955 1455 52.
975 1428 1064 1457 Mitem
1079 1432 1169 1460 corde.

908 1472 952 1500 55.
972 1473 1004 1501 Et
1019 1475 1114 1504 dilexit
1129 1482 1255 1513 mortem,
1271 1485 1298 1508 et
1313 1482 1402 1510 veniet
1414 1484 1449 1511 ei.

837 1532 858 1562 α
909 1518 953 1545 54.
971 1518 1003 1547 Et
1014 1521 1102 1549 noluit
1116 1522 1198 1551 vitam
1210 1529 1349 1560 aeternam,
1361 1533 1387 1556 et
1400 1529 1488 1557 aberit
1498 1530 1532 1557 ab
1545 1539 1586 1558 eo.

911 1610 955 1637 55.
969 1610 1082 1639 Mortem
1100 1619 1128 1640 ut
1142 1615 1342 1645 vestimentum.

912 1656 954 1683 56.
973 1657 1006 1684 Et
1023 1667 1162 1694 suspensus
1186 1663 1284 1697 crepuit
1306 1665 1406 1692 medius
1418 1685 1425 1698 ,
1437 1670 1461 1693 et
1485 1666 1584 1701 diffusa
1599 1672 1659 1694 sunt

876 1704 964 1729 omnia
976 1705 1074 1732 viscera
1085 1707 1141 1741 ejus
1153 1707 1186 1734 "‘.

911 1748 955 1777 57.
973 1749 1180 1780 Circumdiﬂ‘usa
1194 1757 1235 1781 est
1251 1762 1324 1783 mors
1339 1755 1367 1782 in
1380 1756 1509 1784 membris
1522 1757 1591 1792 ejus.

911 1795 955 1823 58.
971 1795 1011 1823 Sit
1033 1804 1095 1825 cum
1121 1798 1181 1834 ipso
1196 1807 1303 1836 semper
1323 1807 1463 1836 peccatum
1485 1803 1658 1831 circumdatis

876 1848 949 1868 eum.

912 1888 957 1915 59.
973 1888 1140 1925 Coaugustet
1150 1899 1212 1919 eum
1229 1900 1345 1928 semper.

875 1934 953 1969 κιο.
965 1934 1022 1963 Hoc
1036 1937 1082 1964 liat
1095 1942 1188 1966 contra
1198 1938 1336 1967 diabolum
1353 1944 1379 1968 et
1392 1941 1501 1976 angelos
1516 1942 1583 1977 ejus.

911 2025 955 2051 41.
970 2025 1003 2052 Et
1013 2025 1132 2063 [contra]
1140 2026 1311 2056 adversarias
1324 2033 1480 2064 potestates,
1491 2038 1552 2065 quae
1563 2031 1658 2059 ineunt

875 2073 1001 2105 consilia,
1017 2078 1046 2101 ut
1063 2075 1177 2109 perdant
1190 2076 1308 2103 animam
1324 2085 1422 2104 meam.

908 2120 953 2147 42.
970 2120 1003 2148 Ει
1017 2121 1180 2154 tu,-Domine
1194 2121 1317 2156 Domine,
1329 2124 1456 2158 quoniam
1467 2131 1565 2151 nomen
1579 2127 1655 2151 tuum

874 2165 1022 2200 benignum
1034 2167 1143 2200 dicitur,
1159 2171 1186 2195 et
1203 2173 1253 2201 est,
1269 2168 1304 2195 ita
1320 2169 1401 2196 etiam
1417 2169 1459 2197 [ac
1473 2171 1579 2198 mecum
1596 2179 1602 2197 :

836 2212 859 2240 D

907 2257 954 2284 43.
969 2256 1103 2290 Quoniam
1118 2257 1191 2285 bona
1207 2258 1392 2286 misericordia
1408 2263 1464 2287 tua.

908 2302 952 2329 44.
971 2302 1067 2330 Libera
1078 2311 1132 2336 me,
1143 2304 1272 2338 quoniam
1284 2304 1426 2332 mendicus
1441 2309 1469 2333 et
1479 2313 1582 2341 pauper
1595 2313 1656 2333 sum

872 2349 899 2376 in
916 2349 1074 2377 fortitudine
1087 2351 1186 2378 anima:
1199 2358 1274 2378 mea.
1589 2350 1592 2356 '

908 2396 953 2424 45.
969 2395 1001 2423 Et
1014 2404 1061 2424 cor
1075 2405 1165 2424 meum
1182 2397 1209 2424 in
1221 2405 1308 2432 agone
1325 2397 1410 2425 multo
1423 2398 1559 2426 constitit:

906 2443 951 2470 46.
966 2442 1057 2478 Ipsum
1069 2447 1160 2470 autem
1173 2443 1351 2477 inlirmatum,
1366 2447 1392 2472 et
1404 2443 1543 2479 delapsum
1559 2444 1585 2471 in
1596 2451 1656 2478 pee-

871 2494 962 2517 catum
975 2490 1055 2517 morti
1070 2490 1224 2524 tradidisti.,

906 2579 952 2606 A7.
970 2579 1111 2615 Projectus
1122 2587 1182 2607 sum
1197 2580 1232 2608 ab
1243 2581 1324 2609 aeriis
1341 2581 1488 2609 immundis
1501 2580 1651 2616 spiritibus.

503 2717 656 2749 Addenda
677 2721 707 2749 et
737 2717 925 2756 corrigenda
948 2725 985 2748 ex
1012 2717 1197 2749 eod.Vatic.

75 2786 108 2818 (1)
126 2789 291 2826 Ὴγάπησεν,
305 2794 370 2823 etc.,
387 2790 470 2826 αὐτῷ.

123 2824 248 2863 ﬁdem.
295 2860 300 2863 _

900 2792 934 2826 [4)
955 2792 1106 2820 ’Λπολέσαι.
1333 2824 1339 2833 Ι

902 2826 939 2863 (5)
954 2827 1001 2859 Εἰς
1011 2827 1059 2863 τὴν
1076 2827 1211 2862 ἁμαρτίαν
1226 2825 1392 2862 ὲθανατωθιι.

76 2858 109 2891 (5)
123 2858 172 2887 Καὶ
186 2860 414 2898 περισφίγγουσα,
430 2865 482 2889 etc.
