1910 3048
233 135 303 165 11ιῖ
654 141 684 168 S.
703 142 888 172 ATIIANASII
911 145 986 174 OPP.
1007 146 1096 174 PARS
1113 147 1157 175 llr.
1177 164 1213 169 —
1232 148 1437 179 EXEGETICA.
1787 157 1857 186 tm

268 197 312 224 48.
328 197 422 226 Genua
437 206 496 227 mea
510 200 646 229 inlirmata
661 209 725 231 sunt
741 212 755 232 a
768 205 894 240 jejunio:

269 243 314 270 49.
332 244 363 271 Ει
381 252 446 273 caro
461 254 518 274 mea
537 247 681 276 immutata
692 255 731 278 est
744 257 854 286 propter
868 253 968 281 oleum.

269 289 312 315 50.
331 289 362 317 Et
376 298 425 325 ego
440 291 528 319 factus
542 300 603 320 sum
619 295 796 329 opprobrium
811 297 864 326 illis
883 308 893 326 ε

269 334 313 360 Si.
328 334 458 363 Viderunt
473 345 517 364 me
530 342 556 365 et
571 345 715 368 moverunt
729 343 817 377 capita
833 352 893 372 sua.

269 379 313 406 52.
328 380 432 416 Adjuva
448 390 501 415 me,
516 382 630 412 Domine
646 385 716 414 Deus
731 395 824 417 meus:

269 425 313 451 5').
331 425 363 453 Et
384 428 490 456 salvum
509 437 552 458 me
573 430 616 458 fac
636 433 787 462 secundum
802 436 1017 466 misericordiam

234 475 316 499 tuam.

268 517 312 545 54.
327 518 359 545 Et
371 520 458 548 sciant
471 522 535 556 quia
551 531 650 553 manus
664 530 710 553 tua
726 527 801 556 haec:

269 563 314 591 55.
332 564 364 591 Et
379 570 418 598 tu,
434 566 559 601 Domine,
578 569 666 598 fecisti
681 579 752 600 eam.

269 609 313 636 56.
332 609 492 640 Maledicent
505 614 554 645 illi.
569 620 596 642 et
607 620 635 643 tu
651 617 810 646 benedices:

269 655 312 684 57.
329 656 381 689 Qui
397 658 543 694 insurgunt
553 661 580 688 in
595 670 638 690 me
655 663 875 693 confundantur:

269 702 313 729 58.
329 702 430 732 Servus
444 709 535 734 autem
550 712 613 736 tuus
626 709 769 738 laetabitur.

268 748 312 775 59.
331 748 479 778 lnduantur
494 753 540 787 qui
558 754 704 783 detrahunt
723 757 800 789 mihi,
816 757 920 792 pudore
935 768 942 786 :

268 792 312 820 60.
329 793 363 821 Et
375 796 533 830 operiantur
547 798 618 826 sicut
632 799 750 835 diploide
763 803 925 832 confusione
937 812 996 832 sua.

1029 215 1053 241 Α
1102 209 1146 236 48.
1166 210 1206 236 Τὰ
1219 211 1319 244 γόνατά
1337 220 1386 246 μου
1399 211 1551 247 ὴσθένησαν
1566 213 1620 240 ἀπὸ
1633 214 1767 249 νηστείας·

1105 255 1149 282 49.
1166 255 1218 282 Καὶ
1233 257 1250 291 ἡ
1266 257 1333 292 σάρξ
1351 266 1400 292 μου
1414 257 1544 294 ἠλλοιώθη
1559 259 1592 285 δι’
1608 259 1706 288 ἔλαιον.

1106 300 1149 327 50.
1163 300 1244 335 Κάγὼ
1258 302 1389 338 ἐγενήθην
1402 303 1501 336 ὄνειδος
1512 305 1612 336 αὐτοῖς’

1106 346 1149 374 51.
1165 347 1276 374 Εἶδοσάν
1292 357 1336 384 με,
1351 349 1498 376 ἐσάλευσαν
1508 350 1627 384 κεφαλὰς
1642 352 1741 380 αὐτῶν.

1105 393 1151 420 52.
1167 393 1305 429 Βοήθησόν
1324 404 1379 430 μοι,
1395 396 1479 431 Κύριε
1494 397 1508 423 6
1523 396 1589 429 Θεός
1602 406 1664 432 μου·

1107 439 1150 466 55.
1167 439 1219 466 Καὶ
1234 440 1320 467 σῶσόν
1335 449 1368 476 με
1381 441 1451 468 κατὰ
1465 441 1495 468 τὸ
1506 441 1579 474 ἔλεός
1590 452 1645 470 σου.

1107 529 1151 557 54.
1165 529 1217 556 Καὶ
1232 530 1378 565 γνώτωσαν
1397 532 1438 558 ὅτι
1454 532 1542 568 ήχεὶρ
1553 541 1600 559 σου
1615 534 1697 570 αὕτη·

1164 576 1216 603 Καὶ
1230 578 1273 609 σὺ,
1291 578 1387 614 Κύριε,
1405 580 1534 614 ἐποίησας
1546 582 1641 616 αὑτήν.

1107 623 1150 650 56.
1163 622 1366 659 Καταράσονται
1379 625 1463 658 αὐτοὶ,
1476 627 1522 653 καὶ
1535 628 1565 653 σὺ
1592 628 1760 664 εὐλογήσειςν

1107 669 1149 695 57.
1165 670 1196 695 Ui
1211 670 1428 705 ὲπανιστάμενοῖ
1442 680 1486 706 μοι
1502 673 1734 708 αἰσχυνϐήτωσαν·

1107 714 1149 741 58.
1174 715 1202 741 '0
1214 715 1242 741 δὲ
1256 715 1349 748 δοῦλός
1361 725 1407 743 σου
1422 718 1646 754 εὐφρανθήσεται.

1107 761 1149 788 59.
1166 762 1385 790 Ἐνδυσάσθωσαν
1401 765 1425 790 οἱ
1441 765 1654 797 ὲνδιαὸάλλοντές
1668 775 1701 801 με
1714 768 1856 802 ἐντροπὴν

1105 807 1148 833 60.
1181 806 1230 833 Καὶ
1252 808 1492 843 περιδαλέσθωσαν
1514 811 1552 842 ὡς
1577 811 1699 838 διπλοΐδα
1729 812 1858 848 αἰσχύνην

1069 853 1168 880 αὐτῶν.
1189 849 1193 853 ’

1038 895 1058 922 Β
1107 899 1150 926 61.
1188 899 1435 937 Ὲξομολογήσομαι
1464 902 1503 938 τῷ
1524 903 1618 939 Κυρίῳ
1650 904 1752 940 σφόδρα
1779 904 1860 939 ὲντῷ

1070 946 1182 981 στόματί
1201 955 1263 982 μου·

269 890 312 918 61.
332 891 487 922 Cmiﬁtebor
500 893 617 923 Domino
634 897 715 925 nimis
732 899 758 925 in
774 905 822 927 ore
836 907 915 927 meo:

267 979 312 1007 62.
331 980 363 1008 Et
375 982 402 1009 in
415 983 505 1010 medio
516 985 663 1013 multorum
676 986 792 1015 laudabo
800 995 871 1016 eum.

268 1027 312 1054 63.
327 1027 395 1060 Quia
407 1029 493 1057 astitit
506 1037 521 1056 a
535 1031 636 1059 dextris
650 1034 788 1068 pauperis,

268 1072 313 1100 64.
333 1071 368 1100 Ut
381 1074 483 1101 salvam
505 1075 607 1104 'aceret
620 1085 636 1104 a
653 1080 880 1114 persequentibus
895 1083 1016 1111 animam

232 1126 321 1148 meam

1104 993 1148 1019 6‘2.
1163 992 1214 1019 Καὶ
1228 993 1257 1019 ὲν
1274 993 1349 1028 μέσῳ
1362 993 1465 1020 πολλῶν
1480 995 1578 1021 αἰνέσω
1595 995 1685 1022 αὐτόν.

1077 1035 1081 1039 ”
1102 1039 1146 1066 65.
1158 1039 1220 1065 ’Ὁτι
1240 1039 1363 1074 παρέστη
1379 1040 1411 1066 ὲκ
1424 1040 1517 1071 δεξιῶν
1531 1041 1656 1076 πένητος,

1103 1085 1147 1112 (id.
1170 1085 1223 1112 Τοῦ
1253 1085 1339 1112 σῶσαι
1364 1085 1397 1112 ἐκ
1427 1085 1482 1113 τῶν
1505 1087 1727 1115 καταδιωκόντων
1747 1089 1794 1124 τὴν
1808 1088 1860 1123 ςυ-

1067 1133 1118 1168 χήν
1134 1142 1195 1168 μου.

796 1207 985 1236 ΑΉῘΛΝΔδΙΙ
1005 1208 1298 1240 INTERPRETATIO.

268 1280 314 1308 48.
327 1280 461 1310 Maceravi
475 1290 519 1310 me
535 1283 625 1319 ipsum
641 1285 668 1312 in
684 1285 796 1322 jejuniis
813 1287 945 1316 conﬁtens
961 1289 1007 1316 tibi

1103 1290 1146 1316 48.
1169 1289 1296 1327 Ἐξέτηξα
1313 1291 1432 1328 ἐμαυτὸν
1452 1291 1482 1320 ἐν
1507 1292 1546 1329 (1)
1572 1294 1709 1329 νηστεῐαις
1732 1295 1859 1330 ἐξομολο-

1071 1335 1200 1371 γούμενῆ
1211 1345 1262 1364 σοι.

1102 1379 1146 1406 49.
1158 1379 1211 1406 Καὶ
1221 1380 1331 1416 γέγονεν
1359 1383 1375 1418 ή
1393 1383 1465 1410 εἰδέα
1485 1392 1535 1419 μου
1548 1384 1614 1411 ὡσεὶ
1638 1384 1747 1420 νεκροῦ,
1767 1385 1811 1412 διὰ
1829 1387 1859 1412 τὸ

1067 1425 1211 1461 ὲλεηθῆναί
1225 1435 1259 1462 με
1272 1428 1347 1464 παρὰ
1364 1428 1421 1456 σοῦ.

1102 1471 1146 1499 50.
1159 1471 1212 1499 Καὶ
1222 1473 1260 1505 ὡς
1279 1473 1380 1507 ὄνειδός
1405 1484 1439 1510 με
1455 1475 1493 1511 (‘2)
1509 1475 1615 1511 ἐχσυσιν
1638 1477 1666 1504 αἱ
1680 1468 1798 1504 ἐναντίαι
1816 1478 1861 1504 δυο

1032 1507 1054 1538 (Ῐ
1070 1517 1166 1553 νάμεις
1177 1519 1279 1555 ὁρῶσαί
1292 1528 1326 1556 με
1336 1522 1364 1547 ὲν
1377 1507 1412 1557 τῇ
1424 1507 1563 1558 perhola.

1105 1563 1149 1590 5L
1167 1564 1220 1592 Καὶ
1245 1565 1386 1600 βλέποντες
1402 1568 1439 1602 (5)
1454 1568 1598 1594 ἀπειλοῠσῖ
1607 1578 1662 1604 μοι.

1106 1610 1150 1638 52.
1167 1612 1326 1648 Πολέμησον
1339 1614 1402 1645 τοὺς
1415 1614 1647 1650 ἐπανισταμένους
1663 1624 1718 1650 μοι.

1105 1657 1148 1684 55.
1165 1657 1203 1692 (4)
1218 1658 1254 1684 Τὸ
1269 1659 1430 1694 ἀμέτρητον.

1104 1702 1148 1730 54.
1163 1702 1215 1729 Καὶ
1230 1704 1388 1738 ὲπιγνῶσιν,
1403 1703 1444 1730 ὅτι
1458 1705 1474 1740 ή
1487 1704 1547 1740 χείρ
1559 1713 1606 1730 σου
1636 1703 1748 1731 δύναται
1761 1703 1861 1740 βοηθῆ-

1069 1758 1122 1780 ναι,
1147 1749 1194 1775 καὶ
1211 1749 1297 1776 σῶσαί
1313 1758 1356 1785 με.
1582 1778 1586 1781 ,

1105 1795 1149 1823 55.
1177 1794 1241 1830 Καὶ
1258 1797 1301 1830 σὺ,
1328 1795 1414 1831 Κύριε
1443 1796 1492 1832 (5),
1514 1796 1683 1832 ηὑτρέπισας
1708 1797 1793 1833 αὐτὴν
1819 1798 1859 1828 εις

1069 1842 1204 1878 βοήθειαν.

1104 1887 1147 1914 56.
1164 1887 1311 1923 Θελήσουσι
1327 1888 1477 1915 ἀπολέσθαι
1504 1897 1549 1924 με,
1566 1889 1613 1916 καὶ
1627 1890 1658 1915 σὺ
1671 1891 1858 1926 περιποιήσας

1069 1941 1103 1969 με
1116 1933 1156 1965 εἰς
1172 1933 1316 1970 σωτηρίαν.

1104 1978 1146 2005 57.
1160 1979 1251 2014 Μηδὲν
1263 1979 1406 2014 δυνάμενοι
1426 1979 1537 2015 ποιῆσαί
1559 1988 1603 2015 μοι
1619 1980 1669 2020 (6)-
1685 1981 1714 2007 αἱ
1738 1981 1857 2007 ἐναντίας

1067 2024 1195 2060 δυνάμεις
1203 2025 1435 2060 αἱσχυνθήτωσαν.

1103 2069 1147 2096 58.
1169 2069 1239 2104 Ἐγὼ
1255 2070 1284 2096 δὲ
1297 2071 1342 2097 καὶ
1354 2071 1408 2102 πᾶς
1422 2069 1515 2102 δοῦλός
1543 2071 1601 2107 σουξ
1614 2071 1857 2108 εὖφρανθησόμεθκ

1067 2115 1095 2142 ἐν
1113 2117 1146 2151 τῇ
1169 2115 1259 2151 χάριτί
1275 2124 1332 2142 σου.

268 1366 313 1394 69.
330 1367 363 1395 Ει
384 1367 455 1396 facta
476 1373 518 1396 est
545 1371 649 1405 species
674 1379 734 1399 mea
755 1377 885 1408 tanquam
908 1374 1018 1406 mortui,

232 1418 263 1440 ut
276 1414 492 1442 misericordiam
508 1423 522 1442 a
540 1420 565 1443 te
577 1424 771 1452 consequerer.

268 1458 313 1486 50.
329 1458 362 1487 Et
387 1460 471 1487 veluti
495 1461 644 1489 ludibrium
668 1471 713 1490 me
735 1464 838 1493 habent
856 1465 1018 1494 adversaria:

233 1508 381 1538 potestates
397 1505 520 1534 videntes
531 1514 574 1534 me
588 1508 616 1534 in
631 1509 800 1543 pmnitentia.

267 1549 312 1576 5t.
329 1549 363 1577 Et
378 1550 543 1586 aspicientes
556 1553 695 1582 minantur
709 1555 785 1583 mihi.

267 1596 311 1623 5‘2.
328 1596 460 1632 lmpugna
476 1598 649 1633 insurgentes
667 1599 694 1627 in
711 1608 762 1628 me.

266 1642 311 1670 55.
329 1642 503 1672 lmmensam.

266 1688 311 1715 54.
325 1688 358 1716 Ει
377 1694 559 1724 cognoscant,
579 1692 651 1727 quod
674 1700 771 1721 manus
796 1699 842 1722 tua
861 1699 949 1730 potest
974 1705 1018 1724 me

232 1734 360 1768 adjuvare
371 1739 398 1763 et
413 1736 527 1764 salvare.

267 1779 311 1807 55.
330 1781 363 1808 Et
379 1785 417 1810 tu.
431 1781 554 1817 Domine,
572 1785 729 1819 praeparasti
745 1793 804 1814 eam
823 1787 850 1815 in
871 1789 1015 1818 auxilium.

266 1870 311 1898 56.
329 1869 426 1898 Volent
449 1879 494 1900 me
507 1873 630 1907 perdere,
648 1878 675 1902 et
687 1878 717 1902 tu
734 1883 778 1904 me
791 1877 912 1905 servabis
928 1878 955 1905 in
973 1886 1016 1906 σοι

231 1919 326 1947 lutem.

266 1966 310 1994 57.
326 1965 398 1994 Nihil
422 1973 547 2003 potentes
564 1968 631 1996 mihi
646 1967 737 1996 facere
760 1969 922 1998 adversariae
941 1975 1017 2006 pote—

232 2016 316 2040 states
329 2011 542 2040 confundantur.

267 2057 311 2085 58.
327 2057 382 2093 Ego
399 2062 500 2093 autem,
517 2062 544 2087 et
566 2059 657 2087 omnis
682 2067 777 2089 servus
803 2066 866 2090 tuus
882 2062 1017 2090 laetabitur

231 2104 260 2131 in
274 2106 361 2140 gratia
376 2110 433 2133 tua.

266 2151 310 2179 59.
324 2152 466 2189 Principes
482 2155 589 2183 mundi.

265 2198 309 2226 60.
324 2200 493 2229 Adversariae
506 2206 664 2237 potestates.

266 2244 310 2273 6|.
324 2244 495 2275 lucessanter
515 2248 666 2276 conﬁtebor
686 2248 801 2276 salutem
824 2248 892 2276 mihi
917 2248 1016 2277 factam

231 2297 245 2317 a
258 2289 326 2317 Deo.

263 2298 326 2318 ueo.

263 2336 306 2363 6‘2.
324 2336 357 2363 Et
369 2345 451 2373 super
465 2339 556 2366 omnia
572 2339 690 2368 laudabo
701 2348 775 2368 eum.

265 2381 309 2409 63.
325 2381 462 2415 Quoniam
484 2385 571 2412 astitit
592 2390 736 2420 protegens
759 2393 814 2420 me,
827 2390 856 2414 et
878 2393 933 2413 non
954 2394 1017 2422 per-

1104 2161 1147 2188 59.
1163 2162 1194 2187 OE
1208 2160 1337 2196 ἄρχοντες
1348 2160 1395 2187 τοῦ
1410 2161 1512 2197 κόσμου

1033 2192 1054 2219 D
1103 2206 1148 2233 60.
1164 2207 1197 2232 Αἱ
1213 2192 1332 2233 ἐναντίαι
1342 2192 1480 2242 δυνάμειξ.

1104 2252 1149 2279 61.
1170 2253 1329 2285 Ἀπαύστως
1358 2253 1518 2289 ὁμολογήσω
1544 2253 1594 2289 τὴν
1624 2253 1700 2290 παρὰ
1725 2253 1771 2281 τοῦ
1788 2253 1856 2280 θεοῦ

1071 2306 1115 2333 μοι
1129 2297 1167 2333 (8)
1184 2299 1332 2333 γενομένην
1347 2299 1493 2335 σωτηρίαν.

1103 2343 1148 2370 6‘2.
1161 2343 1213 2371 Καὶ
1230 2344 1276 2370 ἐπὶ
1290 2345 1398 2371 πάντων
1410 2345 1556 2381 ἀνυμνήσω
1571 2344 1662 2372 αὐτόν.

1102 2388 1146 2416 65.
1163 2389 1225 2415 Ὅτι
1239 2390 1360 2426 παρέστη
1383 2390 1576 2426 ὗπερασπὶζων
1600 2398 1661 2425 μου,
1678 2390 1725 2416 καὶ
1741 2390 1778 2425 μὴ
1793 2398 1855 2416 συν-

230 2427 343 2454 mittens
368 2429 524 2464 quempiam
547 2437 580 2458 ex
602 2431 636 2469 iis
657 2431 705 2465 qui
724 2431 791 2458 mihi
815 2431 1011 2460 insidiabantur

1098 2434 1164 2470 δρῶν
1179 2444 1239 2462 τινα
1255 2435 1309 2462 τῶν
1331 2435 1482 2463 ἐπιϐούλων
1499 2445 1549 2471 μου
1576 2436 1726 2472 πλησιάσαι
1744 2445 1788 2471 μοι
1805 2436 1852 2471 (9).

229 2474 263 2500 ad
280 2481 324 2500 me
338 2474 478 2502 accedere.

263 2518 308 2546 6L
325 2518 359 2547 Ut
372 2519 501 2548 liberaret
513 2528 528 2548 a
543 2521 690 2550 contrariis
701 2523 883 2559 potestatibus
894 2524 1013 2552 animam

229 2571 330 2593 meam.

1103 2524 1147 2552 64.
1161 2524 1214 2551 Τοῦ
1227 2524 1415 2561 λυτρώσασθαι
1433 2526 1465 2552 ὲκ
1489 2524 1544 2552 τῶν
1563 2524 1695 2551 ἐναντίων·
1715 2523 1856 2558 δυνάμεων

1066 2571 1115 2606 τὴν
1126 2571 1214 2606 ψυχήν
1229 2579 1291 2606 μου.

703 2639 857 2671 Addenda
876 2643 908 2670 et
932 2639 1120 2680 corrigenda
1133 2649 1173 2672 ex
1188 2640 1259 2672 cod.
1274 2640 1375 2671 Vatic.

265 2714 303 2752 (
316 2713 368 2752 [(9.1
381 2713 535 2752 ἑξξτείναξα
549 2713 644 2741 ἑαυτὸν
656 2714 695 2747 ἐν,
709 2719 773 2748 etc.,
791 2715 854 2743 mel.
870 2714 1008 2752 Ἐξὲτηξα.

264 2749 302 2784 (2)
319 2750 438 2777 ’Όνειδόν
455 2756 498 2784 μιε.

263 2784 467 2826 {Hamis
490 2793 553 2826 es.
585 2818 591 2826 ,
734 2821 741 2826 .
793 2825 796 2826 ,
829 2820 847 2826 ..
868 2821 902 2826 ..
979 2820 992 2826 _

263 2819 302 2853 (ι)
315 2819 346 2846 N.
361 2820 405 2856 55.
421 2819 464 2856 54.
490 2818 525 2846 Τὸ
537 2818 702 2856 ἀμέτρητον
725 2821 809 2850 deest.
828 2820 879 2848 Καὶ
895 2820 997 2856 ἐπιγνῶ

228 2861 282 2888 οιν,
299 2858 363 2887 etc.,
378 2854 508 2890 βοηθῆσαι
522 2856 568 2883 καὶ
581 2855 675 2882 σῶσαι.

1098 2715 1137 2749 (5)
1152 2715 1188 2742 Σὺ
1203 2714 1267 2750 γὰρ,
1283 2713 1381 2750 Κύριεἶ
1392 2718 1456 2750 etc.,
1472 2712 1596 2749 βοήθειαν
1619 2712 1666 2740 καὶ
1688 2711 1832 2747 σωτηρίαν.

1111 2751 1138 2782 6)
1155 2749 1310 2785 Δυνάμεναι
1325 2749 1437 2784 ποιῆσαί
1452 2756 1496 2784 με.

1098 2786 1137 2818 (7)
1156 2786 1281 2818 Σκότους.

1112 2820 1139 2854 8)
1153 2821 1222 2847 Μου.

1112 2856 1138 2891 9)
1154 2855 1206 2882 Me.
