1910 3048
28 137 90 164 ΗΒ

176 195 300 230 Ψαλμὸς
313 194 354 228 τῷ
375 196 474 224 Δαϐἰδ.
493 199 577 225 sum.
592 199 655 225 pe.

61 241 81 267 Ι.
99 238 184 268 Εἶπεν
208 242 222 268 ό
236 241 338 278 Κύριος
352 242 392 278 τῷ
419 243 514 279 Κυρίῳ
531 253 593 279 μου·
610 244 702 272 Κάθου
715 245 812 286 ἐκηδε-

28 287 84 320 ξιῶν
96 296 157 322 μου·

59 334 82 360 2.
98 334 169 366 Ἕως
185 334 218 362 ἂν
231 334 270 362 θῶ
295 336 358 368 τοὺς
384 336 498 373 ἐχθρούς
527 347 574 365 σου
590 338 734 365 ὑποπόδιον
759 338 813 366 τῶν

31 380 107 406 ποδῶν
123 389 172 408 σου
177 402 183 407 .

58 426 82 453 5.
99 426 211 453 Ῥάὸδον
230 427 373 464 δυνάμεως
390 428 566 462 ὲξαποστελεῖ
588 438 629 456 σοι
657 429 758 462 Κύριος
780 430 813 456 ἐκ

29 470 87 497 Σιών
96 478 104 486 ’

58 517 81 544 4.
95 516 146 543 Καὶ
163 519 348 555 κατακυρίευε
364 520 394 546 ὲν
408 519 482 555 μέσῳ
499 520 552 547 τῶν
569 520 674 556 ὲχϐρῶν
688 529 744 548 σου.

58 562 81 590 5.
98 563 176 590 Μετὰ
191 563 239 590 σοῦ
255 565 271 599 ἡ
288 564 359 600 ἀρχὴ
385 565 414 591 ἐν
429 565 519 600 ἡμέρᾳ
537 565 586 600 τῆς
599 566 741 602 δυνάμεώς
753 575 812 600 σου,

57 608 80 635 6.
98 609 140 635 Ἐν
156 611 219 641 ταῖς
231 610 406 646 λαμπρότησι
418 611 472 638 τῶν
486 611 572 646 ἁγίων
586 620 642 638 cou-

57 655 80 682 7.
101 655 148 682 Ἐκ
165 656 284 692 γαστρὸς
301 657 353 692 πρὸ
373 657 528 694 Ἑωσφόρου
549 658 682 694 ἐγέννησα
698 667 738 686 σε.

57 701 80 728 8.
97 702 198 737 Ὠμοσε
213 702 325 738 Κύριος,
340 703 386 730 καὶ
398 704 428 730 οὐ
446 704 707 740 μεταμεληθήσεται·

58 748 81 774 9.
95 749 130 775 Σὺ
142 749 233 785 ἱερεὺς
257 750 295 785 (a)
328 751 367 782 είς
385 751 430 778 τὸν
454 751 550 783 αἰῶνα,
568 751 640 778 κατὰ
661 752 710 788 τὴν
735 751 812 785 τάξιν

29 794 196 830 Μελχισεδέκ.

445 138 490 165 DE
510 138 650 167 TITULIS
672 139 898 170 PSALMORUM.
918 157 953 161 —
971 141 1069 170 PSAL.
1090 142 1159 170 CIX.

1584 144 1652 172 “46

1041 199 1165 227 Psulmus
1178 199 1272 227 David.
1281 199 1383 227 PSAL.
1399 199 1474 228 CIX.

898 245 923 272 t.
940 245 1013 273 Dixit
1034 245 1166 273 Dominus
1185 245 1301 273 Domino
1319 253 1382 274 meo
1403 245 1495 274 :Sede
1510 253 1525 273 a
1548 245 1652 274 dextris

862 293 929 319 meis
943 302 949 319 ε

895 337 924 364 2.
940 337 1031 364 Donec
1045 344 1146 372 ponam
1167 336 1296 365 inimicos
1312 341 1373 366 tuos
1387 337 1534 366 scabellum
1551 338 1651 373 pedum

863 385 982 408 tuorum.

898 433 925 460 '5.
953 432 1064 469 Virgam
1094 433 1204 462 virtutis
1233 435 1339 462 emittet
1372 434 1421 462 tibi
1453 433 1585 462 Dominus
1617 441 1650 462 ex

862 479 928 507 Sion
938 488 944 506 :

897 527 924 554 4.
944 527 977 554 Et
990 527 1133 556 dominare
1150 528 1177 555 in
1193 528 1284 555 medio
1297 528 1469 555 inimicorum
1484 531 1604 555 tuorum.

899 572 926 599 5.
944 572 1044 600 Tecum
1058 573 1220 608 principium
1235 573 1262 600 in
1280 573 1324 600 die
1336 573 1446 600 virtutis
1458 577 1526 606 tum,

898 617 923 645 6.
940 617 968 644 In
985 617 1177 652 splendor-ibus
1189 623 1344 645 sanctorum
1361 622 1471 645 tuorum
1485 627 1491 644 :

899 663 925 690 7.
941 662 980 690 Ex
994 668 1072 691 utero
1085 668 1148 690 ante
1163 663 1320 691 Luciferum
1337 664 1416 698 genui
1433 669 1469 691 te.

898 711 924 736 8.
941 709 1048 737 iuravit
1061 709 1205 742 Dominus,
1218 714 1246 737 et
1258 717 1312 737 non
1325 709 1466 745 paenitebit
1480 717 1542 737 eum
1553 718 1562 736 :

862 757 879 783 ἲ·
897 757 922 784 9.
939 756 979 783 Tu
991 765 1020 784 es
1032 757 1160 785 sacerdos
1174 757 1202 784 iu
1216 761 1348 785 aeternum
1361 756 1511 784 secundum
1527 755 1651 783 ordinem

863 801 1076 830 Melchisedech.

60 852 92 888 (a)
107 853 174 881 Cod.
190 854 228 880 Σὺ
245 851 270 881 εἴ
284 854 419 889 βασιλεύς.
435 854 497 890 Leg.
529 855 627 890 ἱερεύς,
647 859 676 883 ut
700 862 808 884 constat

876 864 1020 886 comment.
1037 866 1086 886 seu
1103 858 1245 894 interpret.

584 926 771 954 ATIIANASH
792 927 1086 956 INTERPRETATIO.

63 981 91 1008 'H
105 983 274 1018 προκειμένη
289 983 428 1019 ἐπιγραφὴ
448 984 570 1020 περιέχει
585 984 635 1020 (l)'
656 985 780 1020 Ψαλμὸς
791 985 830 1019 τῷ
843 986 942 1019 Δαϐὶδ,
960 987 1029 1022 ὅπερ
1057 986 1248 1022 ἑρμηνεύεται,
1272 985 1310 1017 ὡς
1334 983 1464 1016 πολλάκις
1491 983 1651 1019 εἰρήκαμεν,

33 1028 142 1062 Ψαλμὸς
155 1027 197 1060 τῷ
215 1028 306 1061 ικανῷ
322 1028 359 1063 τῇ
372 1029 456 1064 χειρὶ,
474 1030 598 1057 τουτέστι
610 1031 650 1065 τῷ
667 1031 723 1066 Υἱῴ
736 1031 783 1058 τοῦ
796 1031 874 1060 Θεοῦ.

59 1076 161 1104 Titulus
183 1077 348 1112 praepositus
369 1078 507 1106 continet:
526 1078 651 1106 Psalmux
677 1079 774 1112 David,
797 1081 870 1115 quod
892 1081 1098 1117 interpretatur,
1114 1086 1145 1108 ut
1158 1080 1257 1116 saepius
1270 1080 1401 1112 diximus,
1428 1078 1550 1106 Psalmus
1571 1086 1652 1106 manu

30 1122 94 1156 forti,
105 1121 157 1149 hoc
169 1127 212 1149 est
226 1121 273 1148 Dei
287 1121 365 1150 Filio.

59 1168 81 1194 ί.
94 1166 175 1195 Εἶπεν
191 1169 206 1195 ὁ
231 1168 326 1204 Πατὴρ
343 1167 381 1203 τῷ
409 1167 606 1204 ὲξαγοράσαντί
625 1177 658 1203 με
675 1167 713 1204 τῷ
727 1169 811 1204 τιμίῳ

898 1170 924 1197 ί.
945 1170 1017 1198 Dixit
1042 1171 1123 1199 Pater
1137 1172 1173 1206 ei,
1186 1173 1232 1208 qui
1249 1180 1292 1200 me
1312 1172 1427 1199 redemit
1449 1171 1570 1206 pretioso
1587 1179 1651 1198 san-

31 1214 112 1249 αῖματι
128 1214 223 1241 αὑτοῦ·
238 1214 338 1242 Κάθου
348 1215 383 1242 ἐκ
399 1214 506 1247 δεξιῶν
517 1223 577 1250 μου
592 1215 640 1251 (2),
650 1215 694 1242 ἴνα
710 1215 810 1246 πάντες

32 1262 126 1295 γνῶσιν,
139 1263 178 1288 ὅτι
190 1263 224 1288 σὺ
239 1260 264 1288 εἶ
279 1263 295 1298 ἡ
308 1262 371 1295 δόξα
389 1271 450 1298 μου.

59 1307 81 1334 Ξ.
95 1308 164 1340 Ἕως
178 1308 212 1335 ἂν
224 1309 249 1335 ot
263 1308 360 1344 ἀέριοι,
371 1310 419 1335 καὶ
434 1309 559 1343 ἐπίγειοι,
577 1308 624 1335 καὶ
638 1306 809 1343 καταχθόνιοι

33 1352 109 1388 ἐχθροί
118 1362 163 1380 σου
173 1355 238 1388 γόνυ
246 1354 383 1389 κὰμψουσι
394 1354 530 1389 δεδεμένοι
541 1355 648 1389 δεσμοῖς
657 1354 695 1389 (5)
704 1354 808 1386 ἀϊδίοις,

33 1400 269 1436 ἐξομολογούμενοι,
285 1401 326 1427 ὅτι
337 1401 421 1433 ὅντως
439 1399 537 1436 Κύριος
560 1400 661 1436 Ἰησοῦς
675 1401 714 1432 εἰς
732 1400 810 1432 δόξαν

34 1444 69 1470 τοῦ
84 1446 175 1472 ἑαυτοῦ
191 1447 310 1482 Πατρός.

61 1491 83 1518 5.
107 1493 149 1519 Ἐν
165 1493 280 1528 δυνάμει
293 1493 341 1520 καὶ
353 1493 463 1529 ἐξουσίᾳ
484 1492 588 1528 μεγάλῃ
605 1492 744 1519 ἐλεύσεται
757 1493 812 1519 ἀπὸ

35 1537 70 1563 τοῦ
88 1539 198 1574 Πατρός·
220 1539 298 1566 Σιὼν
313 1539 367 1576 γὰρ
383 1539 572 1575 ιἑρμηνεύεται
594 1539 696 1572 τόπος,
708 1539 775 1565 ὅπου
791 1538 810 1572 ἡ

35 1584 129 1617 σκηνή.

62 1629 84 1655 «ί.
98 1629 146 1656 Καὶ
159 1630 331 1665 βασιλεύσεις
349 1630 387 1666 (ὦ)
402 1630 586 1667 ἀτελευτήτως
612 1630 683 1657 κατὰ
697 1631 750 1657 τῶν
765 1631 811 1666 ἐχ-

35 1671 94 1708 θρῶν
110 1684 164 1702 σου.

63 1721 85 1747 5.
97 1722 268 1758 Ἐμπροσῦέν
280 1730 327 1749 σου
340 1723 354 1748 ὁ
369 1722 483 1758 σταυρὸς
497 1722 544 1749 τοῦ
556 1722 657 1754 πάθους
671 1731 718 1748 σου
739 1722 768 1748 ὲν
779 1723 813 1757 τῇ

37 1767 112 1803 ἡμέρᾳ
120 1769 167 1804 τῆς
180 1769 286 1801 ἐνδόξου
304 1777 350 1795 σου
368 1768 529 1804 παρουσίας.

63 1813 84 1839 6.
98 1814 178 1842 Ὀταν
190 1815 216 1841 οἱ
227 1814 298 1849 ἅγιοι
312 1823 358 1841 σου
371 1814 554 1850 ἐκλάμψουσιν
565 1814 602 1846 ὡς
615 1815 628 1840 ό
641 1814 725 1849 ἥλιος.

861 1218 942 1252 guine
957 1227 1026 1246 suo:
1044 1219 1110 1246 Sede
1129 1229 1146 1247 ιι
1160 1221 1261 1248 dextris
1277 1220 1352 1252 meis,
1376 1224 1405 1247 ut
1424 1226 1520 1246 omnes
1537 1222 1653 1247 noscant

860 1264 990 1298 quoniam
1005 1269 1034 1292 tu
1048 1273 1077 1292 es
1089 1266 1175 1300 gloria
1187 1275 1257 1294 mea.
1510 1297 1513 1300 Α

894 1309 921 1336 2.
937 1308 1027 1337 Donec
1044 1310 1116 1337 aerei
1132 1315 1159 1338 et
1174 1315 1317 1338 terrestres
1337 1315 1364 1338 et
1385 1309 1532 1338 infernales
1548 1309 1651 1337 inimici

860 1355 899 1381 tui
912 1363 982 1389 genu
1001 1355 1110 1384 ﬂectent
1123 1357 1207 1384 vincti
1221 1358 1338 1385 vinculis
1353 1358 1473 1390 aeternis,
1490 1357 1652 1384 conﬁtentes

860 1399 926 1434 quia
939 1407 1002 1428 vere
1015 1405 1056 1428 est
1072 1400 1208 1430 Dominus
1225 1401 1305 1430 Jesus
1322 1403 1350 1430 in
1360 1394 1447 1438 'gloria
1464 1402 1551 1429 Patris
1565 1401 1608 1429 sui
1617 1401 1651 1428 ⁸³.

897 1487 924 1515 5.
941 1486 969 1515 In
988 1489 1088 1517 virtute
1103 1494 1130 1517 et
1145 1494 1281 1525 potestate
1301 1497 1398 1525 magna
1418 1489 1506 1517 veniet
1524 1496 1545 1516 ο
1561 1487 1651 1514 Patre.

863 1532 928 1560 Sion
936 1534 1009 1561 enim
1024 1535 1219 1571 interpretatur
1231 1536 1303 1563 locus
1319 1536 1364 1564 ubi
1377 1541 1418 1564 est
1429 1534 1651 1562 Tabernaeulum.

898 1625 924 1651 4.
940 1625 974 1652 Et
998 1627 1125 1661 regnabis
1151 1626 1179 1654 in
1205 1631 1337 1655 aeternum
1365 1626 1497 1654 adversus
1525 1623 1654 1652 inimicos

864 1675 936 1698 tuos.

899 1716 926 1744 5.
943 1717 1014 1743 Ante
1028 1720 1054 1743 te
1070 1723 1136 1743 crux
1155 1716 1290 1751 passionis
1309 1721 1362 1745 tute
1380 1717 1408 1744 in
1426 1716 1469 1743 die
1483 1715 1594 1751 gloriosi
1611 1714 1653 1742 tui

865 1762 1005 1789 adventus.

900 1809 926 1835 6.
943 1807 1057 1840 Quando
1075 1806 1160 1834 sancti
1177 1806 1215 1834 tui
1233 1806 1374 1842 fulgebunt
1389 1808 1458 1835 sicut
1474 1807 1515 1835 sol
1528 1808 1560 1834 δ’.

64 1859 84 1886 7.
103 1861 143 1887 Ἐν
157 1861 222 1896 ἐμοὶ
236 1859 269 1897 ἧς
282 1861 325 1887 ἀεὶ
338 1861 384 1896 ἀφ’
397 1858 426 1888 οὗ
440 1861 567 1896 ἠρξάμην
589 1861 764 1896 δημιουργεῖν
778 1859 812 1886 τὰ

901 1854 926 1881 7.
943 1853 971 1880 In
987 1861 1029 1880 me
1042 1861 1104 1880 eras
1120 1859 1238 1886 semper,
1252 1860 1283 1879 ex
1303 1861 1358 1888 quo
1372 1853 1441 1888 coepi
1454 1860 1547 1880 creare
1560 1852 1653 1879 omnia

38 1903 108 1930 πάντα
120 1904 162 1932 διὰ
182 1904 242 1931 σοῦ·
268 1905 429 1941 ὲφανέρωσά
447 1914 487 1938 σε,
515 1906 555 1932 ὄτι
583 1903 666 1941 εἶχον,
682 1905 730 1932 καὶ
758 1905 812 1940 ἑχω

39 1947 88 1974 rem
100 1951 126 1976 ὲν
143 1951 180 1985 (5)
193 1951 294 1986 ἐαυτῷ.

64 1994 86 2022 8.
103 1997 196 2024 Ἐθετο
211 1998 226 2023 ὁ
248 1997 343 2033 Πατὴρ
365 1997 461 2034 βουλὴν
477 1998 624 2025 ἀσάλευτον
640 1999 685 2025 καὶ
711 1998 814 2034 ἀμετά-

39 2039 128 2076 ελητον.

64 2086 86 2113 9.
100 2088 132 2115 Σὺ
146 2087 172 2115 εἴ
193 2088 278 2120 ὅντως
303 2090 393 2125 ἱερεὺς
411 2089 524 2126 ἀληθὴς,
541 2090 555 2116 ὁ
575 2090 698 2125 καθάρας
726 2090 814 2116 πάντα

38 2130 72 2156 τὸν
80 2132 137 2160 λαόν
152 2143 199 2161 σου
215 2134 254 2169 (ϐ)
270 2135 324 2161 ἀπὺ
335 2135 389 2162 τῶν
403 2135 544 2171 ἁμαρτιῶν
557 2135 649 2162 αὐτοῦ’
663 2136 693 2162 οὐ
709 2135 814 2171 δεήσεις

38 2175 161 2212 ἢίχεσίας
189 2180 376 2216 ποιησάμενος
389 2181 457 2216 πρός
481 2190 551 2213 τινα,
579 2181 646 2208 ἀλλὰ
667 2181 706 2216 τῷ
729 2181 814 2217 τιμίῳ

39 2224 118 2258 αἵματι
128 2227 232 2259 πάντας
254 2227 415 2263 καθαρίσας.
434 2228 470 2254 Τὸ
497 2228 535 2260 δὲ,
557 2229 631 2255 κατὰ
655 2228 712 2262 τὴν
728 2228 815 2261 τάξιν

38 2269 219 2305 Μελχισεδὲκ,
238 2272 332 2299 τοῦτον
349 2272 406 2308 ἔχει
433 2273 479 2300 τὸν
501 2273 611 2309 τρόπον.
625 2273 737 2308 Πρῶτον
765 2273 814 2309 μὲν

37 2311 213 2349 Heilman
226 2317 316 2352 ἱερεὺς
331 2317 472 2353 ἀνεδείχθη
485 2318 534 2345 οὐκ
552 2318 585 2344 ὲκ
595 2319 645 2353 τῆς
671 2318 755 2354 φυλῆς
766 2318 813 2345 τοῦ

40 2358 91 2384 Λευῖ
104 2361 150 2396 τῆς
165 2363 313 2398 ἱερατείας,
331 2364 425 2400 ὥσπερ
439 2363 501 2391 οὔτε
518 2366 532 2391 ὀ
557 2363 666 2400 Κύριος,
682 2365 726 2391 ὅτε
739 2365 813 2392 εὑδό-

40 2411 107 2439 κησεν
122 2409 165 2435 ἐπὶ
177 2409 230 2444 τῆς
242 2410 294 2445 γῆς
308 2410 447 2446 τεχθῆναι,
462 2411 513 2438 οὐκ
527 2412 558 2438 ὲκ
569 2411 616 2438 τοῦ
628 2411 694 2438 Λευϊ
705 2411 813 2448 ἐτέχθψ

39 2449 146 2488 δεύτερον
161 2455 189 2482 δὲ
202 2456 252 2487 τὰς
264 2456 389 2490 δεκάτας,
403 2457 436 2489 ἃς
458 2457 545 2484 ἐδίδου
559 2457 574 2482 ὀ
589 2458 677 2493 ἱερεὺς
691 2457 730 2493 τῷ
742 2458 812 2493 Θεῷ,

40 2495 122 2530 ταύτας
136 2501 321 2536 προσήνεγκεν
334 2501 459 2538 Ἀϐραὰμ
469 2502 508 2538 τῷ
516 2502 693 2537 Μελχισεδέκ.
704 2504 812 2540 Ἐπειδὴ

41 2543 97 2569 γετὰ
111 2545 195 2573 πάντα
209 2546 294 2574 τύπον
308 2547 405 2584 ἔφερεν
419 2549 433 2575 ὁ
443 2548 611 2584 Μελχισεδὲκ
633 2549 678 2576 τὸν
693 2549 756 2576 Υίὺν
766 2549 814 2576 τοῦ

40 2586 103 2617 Θεοῦ.

862 1906 911 1933 per
925 1903 970 1926 te:
987 1897 1157 1925 mauilestavi
1177 1904 1202 1925 tc
1218 1897 1291 1932 quod
1307 1898 1440 1925 habebam
1455 1902 1482 1925 et
1499 1897 1587 1925 habeo
1605 1896 1652 1924 Fi-

864 1944 929 1971 lium
950 1944 976 1970 in
994 1952 1036 1970 mc
1053 1943 1122 1978 ipso.

898 1989 924 2016 8.
940 1989 1035 2017 Posuit
1051 1988 1131 2016 Pater
1144 1988 1310 2016 voluntatem
1327 1989 1494 2017 immobilem
1505 1993 1586 2025 atque
1601 1990 1652 2016 im-

864 2036 1035 2064 mutabilem.

899 2088 970 2116 9.Tu
985 2097 1014 2116 es
1026 2089 1119 2123 utique
1134 2088 1263 2115 sacerdos
1278 2095 1369 2122 verus,
1383 2088 1535 2116 emundans
1544 2096 1653 2117 omnem

864 2135 994 2169 populum
1010 2139 1086 2161 tuum
1102 2142 1117 2161 a
1130 2134 1248 2168 peccatis
1262 2133 1330 2166 suis,
1347 2142 1436 2169 neque
1446 2135 1654 2169 deprecationes

865 2185 911 2207 aut
924 2180 1137 2214 supplicationes
1152 2179 1255 2208 faciens
1269 2180 1301 2207 ad
1316 2180 1447 2214 aliquem,
1461 2181 1507 2208 sed
1530 2181 1652 2216 pretioso

865 2227 997 2260 sanguine
1013 2233 1109 2253 untncs
1120 2226 1283 2254 emundans.
1300 2225 1367 2253 Illud
1381 2232 1489 2253 autem:
1505 2228 1652 2254 secundum

865 2273 983 2299 ordinem
996 2270 1185 2298 Melchisedech
1203 2281 1218 2307 ,-
1245 2271 1272 2297 in
1289 2271 1362 2298 hunc
1378 2271 1491 2299 modum
1507 2279 1536 2299 se
1560 2272 1652 2299 habet.

864 2318 986 2346 Primum
1003 2317 1113 2353 quidem
1127 2317 1323 2345 Melchisedech
1337 2318 1466 2346 sacerdos
1481 2318 1654 2346 renuntiatus

864 2369 915 2397 est,
932 2372 985 2391 non
1002 2372 1035 2392 ex
1054 2364 1125 2391 tribu
1141 2363 1205 2390 Levi
1221 2363 1401 2396 sacerdotali,
1421 2365 1652 2398 quemadmodum

865 2418 953 2445 neque
967 2410 1112 2442 Dominus,
1129 2417 1191 2436 cum
1206 2409 1230 2436 ei
1247 2409 1349 2443 placuit
1364 2410 1441 2437 nasci
1457 2410 1483 2437 in
1500 2415 1582 2443 terra,
1598 2418 1653 2438 non

863 2464 897 2483 ex
913 2457 984 2483 tribu
1003 2455 1068 2483 Levi
1086 2460 1168 2483 natus
1183 2461 1224 2482 est
1239 2464 1246 2482 :
1262 2455 1360 2483 deinde
1373 2456 1504 2488 decimas.
1523 2464 1592 2491 quas
1607 2457 1655 2484 da-

864 2503 911 2530 bat
928 2503 1057 2530 sacerdos
1072 2502 1139 2534 Deo,
1158 2501 1208 2528 has
1231 2502 1330 2529 obtulit
1349 2502 1489 2529 Abraham
1512 2502 1654 2530 Melchise-

867 2548 935 2577 dech
945 2549 973 2574 ’³.
986 2546 1120 2580 Quoniam
1131 2548 1158 2575 in
1168 2549 1296 2577 omnibus
1315 2549 1431 2584 ﬁgurato
1455 2548 1565 2584 gerebat
1587 2548 1654 2576 Mel-

870 2595 1016 2623 chisedech
1035 2595 1095 2622 Filii
1113 2595 1171 2623 Dei.

69 2645 86 2661 "
97 2646 208 2685 Philipp.
222 2658 253 2684 ιι,
267 2650 311 2684 10,
327 2651 371 2679 Η.
407 2651 429 2668 ⁸¹
443 2650 540 2679 Matth.
555 2661 614 2687 xm,
630 2652 674 2680 45.
714 2653 735 2668 "
750 2652 806 2680 Gen

876 2659 893 2685 μ,
906 2651 951 2679 20.

496 2698 651 2730 Addenda
676 2702 706 2730 et
723 2698 914 2738 corrigenda
929 2705 969 2728 ex
987 2697 1058 2728 cod.
1073 2698 1173 2729 Vatic.

117 2743 460 2790 τῇςυκινναὸάρειρς
466 2747 602 2786 περιέχει.

69 2779 102 2846 ἓξ)
116 2779 212 2809 Desunt
233 2779 333 2810 Κάθου
343 2782 377 2810 ἐκ
392 2779 500 2815 δεξιῶν
509 2779 582 2818 ’μοὶ

79 2815 102 2845 ο)
114 2815 242 2846 Δεσμίοις.

71 2825 102 2882 iii
113 2825 247 2880 ἓὲἷὲἳὲξὶζ

897 2747 936 2782 (5)
956 2747 1004 2773 Ἐν
1017 2747 1102 2774 deest.

902 2781 940 2816 (6)
967 2782 1037 2808 Λαδν
1048 2781 1129 2809 αὐτοῦ
1142 2783 1169 2811 ἁ.
1181 2791 1206 2810 τ.
1221 2783 1248 2809 ἀ.
1271 2783 1315 2809 αὖ.
1340 2782 1445 2817 δεήσεις
1463 2781 1652 2817 EZEGEG;,('1('.,

866 2815 905 2852 τῷ
920 2817 1002 2852 τιμίῳ
1018 2826 1063 2844 σου
1075 2818 1170 2852 αἵματι
1182 2819 1269 2845 πάντα
1292 2815 1468 2852 ἐκαθάρισας,
1481 2822 1546 2849 ctc.,
1561 2816 1654 2852 ὥσπερ

865 2843 1062 2889 οὗτοςῖἱῦριος,
1075 2843 1140 2886 (ιώ,
1154 2853 1200 2879 τοῦ
1220 2853 1284 2880 Υἱοῦ
1300 2852 1346 2878 τοῦ
1360 2843 1439 2879 Θεοῦ.
