  <div class='ocr_page' id='page_1' title='image "/cluster/home/n/w/nwhite01/storage/ocr_20150623/27/njp.32101010944609/604.png"; bbox 0 0 1910 3048; ppageno 0'>
   <div class='ocr_carea' id='block_1_1' title="bbox 4 133 85 161">
    <p class='ocr_par' dir='ltr' id='par_1_1' title="bbox 4 133 85 161">
     <span class='ocr_line' id='line_1_1' title="bbox 4 133 85 161; baseline -0.012 -1"><span class='ocrx_word' id='word_1_1' title='bbox 4 133 85 161; x_wconf 72' lang='grc'><strong>1157</strong></span> 
     </span>
    </p>
   </div>
   <div class='ocr_carea' id='block_1_2' title="bbox 52 190 633 227">
    <p class='ocr_par' dir='ltr' id='par_1_2' title="bbox 52 190 633 227">
     <span class='ocr_line' id='line_1_2' title="bbox 52 190 633 227; baseline 0.003 -11"><span class='ocrx_word' id='word_1_2' title='bbox 52 191 76 216; x_wconf 82' lang='lat'>6.</span> <span class='ocrx_word' id='word_1_3' title='bbox 96 190 125 217; x_wconf 94' lang='lat'><strong>&#39;0</strong></span> <span class='ocrx_word' id='word_1_4' title='bbox 143 190 278 226; x_wconf 79' lang='grc' dir='ltr'><strong>Ἰορδάνης</strong></span> <span class='ocrx_word' id='word_1_5' title='bbox 293 191 416 227; x_wconf 76' lang='grc' dir='ltr'>ἐστράφη</span> <span class='ocrx_word' id='word_1_6' title='bbox 433 191 474 222; x_wconf 87' lang='grc' dir='ltr'>εἰς</span> <span class='ocrx_word' id='word_1_7' title='bbox 486 192 520 218; x_wconf 79' lang='grc' dir='ltr'>τὰ</span> <span class='ocrx_word' id='word_1_8' title='bbox 536 191 633 218; x_wconf 77' lang='grc' dir='ltr'>ὀπίσω.</span> 
     </span>
    </p>
   </div>
   <div class='ocr_carea' id='block_1_3' title="bbox 53 235 561 273">
    <p class='ocr_par' dir='ltr' id='par_1_3' title="bbox 53 235 561 273">
     <span class='ocr_line' id='line_1_3' title="bbox 53 235 561 273; baseline 0.004 -11"><span class='ocrx_word' id='word_1_9' title='bbox 53 237 75 263; x_wconf 81' lang='lat'>7.</span> <span class='ocrx_word' id='word_1_10' title='bbox 92 235 133 262; x_wconf 77' lang='grc' dir='ltr'>Τά</span> <span class='ocrx_word' id='word_1_11' title='bbox 145 235 195 272; x_wconf 76' lang='grc' dir='ltr'>ὅρη</span> <span class='ocrx_word' id='word_1_12' title='bbox 209 237 373 272; x_wconf 84' lang='grc' dir='ltr'>ὲσκίρτησαν</span> <span class='ocrx_word' id='word_1_13' title='bbox 388 237 454 264; x_wconf 77' lang='grc' dir='ltr'>ὡσεὶ</span> <span class='ocrx_word' id='word_1_14' title='bbox 472 238 561 273; x_wconf 88' lang='grc' dir='ltr'>κριοί·</span> 
     </span>
    </p>
   </div>
   <div class='ocr_carea' id='block_1_4' title="bbox 51 282 617 320">
    <p class='ocr_par' dir='ltr' id='par_1_4' title="bbox 51 282 617 320">
     <span class='ocr_line' id='line_1_4' title="bbox 51 282 617 320; baseline 0.007 -12"><span class='ocrx_word' id='word_1_15' title='bbox 51 283 76 309; x_wconf 85' lang='lat'><strong>8.</strong></span> <span class='ocrx_word' id='word_1_16' title='bbox 93 283 149 308; x_wconf 81' lang='lat' dir='ltr'><strong>Kal.</strong></span> <span class='ocrx_word' id='word_1_17' title='bbox 163 283 187 308; x_wconf 81' lang='grc' dir='ltr'>οἱ</span> <span class='ocrx_word' id='word_1_18' title='bbox 205 282 296 317; x_wconf 78' lang='grc' dir='ltr'>βουνοὶ</span> <span class='ocrx_word' id='word_1_19' title='bbox 310 283 348 315; x_wconf 88' lang='grc' dir='ltr'>ὡς</span> <span class='ocrx_word' id='word_1_20' title='bbox 365 284 445 319; x_wconf 83' lang='grc' dir='ltr'><strong>ἀρνία</strong></span> <span class='ocrx_word' id='word_1_21' title='bbox 463 285 617 320; x_wconf 78' lang='grc' dir='ltr'>προϐάτων.</span> 
     </span>
    </p>
   </div>
   <div class='ocr_carea' id='block_1_5' title="bbox 50 328 611 365">
    <p class='ocr_par' dir='ltr' id='par_1_5' title="bbox 50 328 611 365">
     <span class='ocr_line' id='line_1_5' title="bbox 50 328 611 365; baseline 0.005 -11"><span class='ocrx_word' id='word_1_22' title='bbox 50 328 75 355; x_wconf 86' lang='lat'>9.</span> <span class='ocrx_word' id='word_1_23' title='bbox 90 328 123 354; x_wconf 82' lang='grc' dir='ltr'>Τί</span> <span class='ocrx_word' id='word_1_24' title='bbox 141 328 181 354; x_wconf 82' lang='grc' dir='ltr'><strong>σοί</strong></span> <span class='ocrx_word' id='word_1_25' title='bbox 194 329 264 359; x_wconf 81' lang='grc' dir='ltr'>ἐστι,</span> <span class='ocrx_word' id='word_1_26' title='bbox 283 328 418 360; x_wconf 84' lang='grc' dir='ltr'>θάλασσα,</span> <span class='ocrx_word' id='word_1_27' title='bbox 433 330 474 356; x_wconf 82' lang='grc' dir='ltr'><strong>ὃτι</strong></span> <span class='ocrx_word' id='word_1_28' title='bbox 490 329 611 365; x_wconf 65' lang='grc' dir='ltr'>ἕψυγεςς</span> 
     </span>
    </p>
   </div>
   <div class='ocr_carea' id='block_1_6' title="bbox 51 374 806 412">
    <p class='ocr_par' dir='ltr' id='par_1_6' title="bbox 51 374 806 412">
     <span class='ocr_line' id='line_1_6' title="bbox 51 374 806 412; baseline 0.008 -13"><span class='ocrx_word' id='word_1_29' title='bbox 51 375 92 400; x_wconf 86' lang='lat'>10.</span> <span class='ocrx_word' id='word_1_30' title='bbox 108 374 163 400; x_wconf 79' lang='grc' dir='ltr'><strong>Καὶ</strong></span> <span class='ocrx_word' id='word_1_31' title='bbox 179 374 222 406; x_wconf 77' lang='grc' dir='ltr'>σὺ,</span> <span class='ocrx_word' id='word_1_32' title='bbox 245 374 376 410; x_wconf 82' lang='grc' dir='ltr'>Ίορδάνη,</span> <span class='ocrx_word' id='word_1_33' title='bbox 393 376 433 402; x_wconf 83' lang='grc' dir='ltr'>ὅτι</span> <span class='ocrx_word' id='word_1_34' title='bbox 450 377 588 412; x_wconf 80' lang='grc' dir='ltr'>ὲστράφης</span> <span class='ocrx_word' id='word_1_35' title='bbox 602 378 641 408; x_wconf 80' lang='grc' dir='ltr'>εἰς</span> <span class='ocrx_word' id='word_1_36' title='bbox 653 377 687 404; x_wconf 76' lang='grc' dir='ltr'>τὰ</span> <span class='ocrx_word' id='word_1_37' title='bbox 702 377 806 408; x_wconf 56' lang='lat' dir='ltr'><strong>etiam;</strong></span> 
     </span>
    </p>
   </div>
   <div class='ocr_carea' id='block_1_7' title="bbox 53 417 656 458">
    <p class='ocr_par' dir='ltr' id='par_1_7' title="bbox 53 417 656 458">
     <span class='ocr_line' id='line_1_7' title="bbox 53 417 656 458; baseline 0.008 -15"><span class='ocrx_word' id='word_1_38' title='bbox 53 417 92 443; x_wconf 89' lang='lat'><strong>11.</strong></span> <span class='ocrx_word' id='word_1_39' title='bbox 107 417 148 444; x_wconf 87' lang='grc' dir='ltr'>Τὰ</span> <span class='ocrx_word' id='word_1_40' title='bbox 161 418 222 453; x_wconf 72' lang='grc' dir='ltr'>ὅρη,</span> <span class='ocrx_word' id='word_1_41' title='bbox 235 418 275 444; x_wconf 80' lang='grc' dir='ltr'>ὅτι</span> <span class='ocrx_word' id='word_1_42' title='bbox 289 420 472 456; x_wconf 79' lang='grc' dir='ltr'>ὲσκιρτήσατε</span> <span class='ocrx_word' id='word_1_43' title='bbox 487 422 553 448; x_wconf 82' lang='grc' dir='ltr'>ὡσεὶ</span> <span class='ocrx_word' id='word_1_44' title='bbox 570 422 656 458; x_wconf 71' lang='grc' dir='ltr'>κριοῖς</span> 
     </span>
    </p>
   </div>
   <div class='ocr_carea' id='block_1_8' title="bbox 51 463 643 502">
    <p class='ocr_par' dir='ltr' id='par_1_8' title="bbox 51 463 643 502">
     <span class='ocr_line' id='line_1_8' title="bbox 51 463 643 502; baseline 0.01 -13"><span class='ocrx_word' id='word_1_45' title='bbox 51 463 91 490; x_wconf 70' lang='grc'>12.</span> <span class='ocrx_word' id='word_1_46' title='bbox 109 464 163 491; x_wconf 81' lang='grc' dir='ltr'>Καὶ</span> <span class='ocrx_word' id='word_1_47' title='bbox 179 465 204 490; x_wconf 86' lang='grc' dir='ltr'><strong>οί</strong></span> <span class='ocrx_word' id='word_1_48' title='bbox 223 464 313 499; x_wconf 72' lang='grc' dir='ltr'>βουνοὶ</span> <span class='ocrx_word' id='word_1_49' title='bbox 329 466 367 496; x_wconf 81' lang='grc' dir='ltr'>ὡς</span> <span class='ocrx_word' id='word_1_50' title='bbox 380 466 462 502; x_wconf 81' lang='grc' dir='ltr'>ἀρνία</span> <span class='ocrx_word' id='word_1_51' title='bbox 479 468 643 502; x_wconf 78' lang='grc' dir='ltr'>προϐάτων;</span> 
     </span>
    </p>
   </div>
   <div class='ocr_carea' id='block_1_9' title="bbox 51 510 707 550">
    <p class='ocr_par' dir='ltr' id='par_1_9' title="bbox 51 510 707 550">
     <span class='ocr_line' id='line_1_9' title="bbox 51 510 707 550; baseline 0.008 -15"><span class='ocrx_word' id='word_1_52' title='bbox 51 510 90 536; x_wconf 80' lang='lat'>13.</span> <span class='ocrx_word' id='word_1_53' title='bbox 113 510 180 537; x_wconf 78' lang='grc' dir='ltr'><strong>Ἀπὸ</strong></span> <span class='ocrx_word' id='word_1_54' title='bbox 192 511 340 545; x_wconf 75' lang='grc' dir='ltr'>προσώπου</span> <span class='ocrx_word' id='word_1_55' title='bbox 356 512 460 547; x_wconf 81' lang='grc' dir='ltr'><strong>Κυρίου</strong></span> <span class='ocrx_word' id='word_1_56' title='bbox 476 513 609 549; x_wconf 78' lang='grc' dir='ltr'>ἐσαλεύθη</span> <span class='ocrx_word' id='word_1_57' title='bbox 626 515 642 550; x_wconf 88' lang='grc' dir='ltr'><strong>ή</strong></span> <span class='ocrx_word' id='word_1_58' title='bbox 660 515 707 550; x_wconf 82' lang='grc' dir='ltr'>γῆ,</span> 
     </span>
    </p>
   </div>
   <div class='ocr_carea' id='block_1_10' title="bbox 51 556 618 592">
    <p class='ocr_par' dir='ltr' id='par_1_10' title="bbox 51 556 618 592">
     <span class='ocr_line' id='line_1_10' title="bbox 51 556 618 592; baseline 0.007 -10"><span class='ocrx_word' id='word_1_59' title='bbox 51 556 90 583; x_wconf 75' lang='grc' dir='ltr'><strong>Η.</strong></span> <span class='ocrx_word' id='word_1_60' title='bbox 112 556 178 582; x_wconf 77' lang='grc' dir='ltr'>Ἀπὸ</span> <span class='ocrx_word' id='word_1_61' title='bbox 196 556 343 592; x_wconf 77' lang='grc' dir='ltr'>πρώσοπου</span> <span class='ocrx_word' id='word_1_62' title='bbox 357 558 403 584; x_wconf 81' lang='grc' dir='ltr'>τοῦ</span> <span class='ocrx_word' id='word_1_63' title='bbox 418 558 485 585; x_wconf 85' lang='grc' dir='ltr'><strong>Θεοῦ</strong></span> <span class='ocrx_word' id='word_1_64' title='bbox 504 560 600 586; x_wconf 80' lang='grc' dir='ltr'>Ίακώὸ</span> <span class='ocrx_word' id='word_1_65' title='bbox 611 568 618 574; x_wconf 83' lang='lat'><strong>&#39;</strong></span> 
     </span>
    </p>
   </div>
   <div class='ocr_carea' id='block_1_11' title="bbox 49 603 802 642">
    <p class='ocr_par' dir='ltr' id='par_1_11' title="bbox 49 603 802 642">
     <span class='ocr_line' id='line_1_11' title="bbox 49 603 802 642; baseline 0.008 -13"><span class='ocrx_word' id='word_1_66' title='bbox 49 603 88 629; x_wconf 78' lang='lat'>15.</span> <span class='ocrx_word' id='word_1_67' title='bbox 99 603 153 629; x_wconf 82' lang='grc' dir='ltr'><strong>Τοῦ</strong></span> <span class='ocrx_word' id='word_1_68' title='bbox 166 603 331 638; x_wconf 72' lang='grc' dir='ltr'><strong>στρέψαντος</strong></span> <span class='ocrx_word' id='word_1_69' title='bbox 346 604 395 640; x_wconf 82' lang='grc' dir='ltr'><strong>τὴν</strong></span> <span class='ocrx_word' id='word_1_70' title='bbox 410 605 514 641; x_wconf 79' lang='grc' dir='ltr'>πέτραν</span> <span class='ocrx_word' id='word_1_71' title='bbox 526 607 566 638; x_wconf 87' lang='grc' dir='ltr'>εἰς</span> <span class='ocrx_word' id='word_1_72' title='bbox 576 606 674 642; x_wconf 78' lang='grc' dir='ltr'>λίμνας</span> <span class='ocrx_word' id='word_1_73' title='bbox 686 607 802 639; x_wconf 76' lang='grc' dir='ltr'>ὑδάτων,</span> 
     </span>
    </p>
   </div>
   <div class='ocr_carea' id='block_1_12' title="bbox 48 649 684 687">
    <p class='ocr_par' dir='ltr' id='par_1_12' title="bbox 48 649 684 687">
     <span class='ocr_line' id='line_1_12' title="bbox 48 649 684 687; baseline 0.008 -12"><span class='ocrx_word' id='word_1_74' title='bbox 48 649 88 675; x_wconf 85' lang='lat'>16.</span> <span class='ocrx_word' id='word_1_75' title='bbox 104 649 159 676; x_wconf 74' lang='grc' dir='ltr'><strong>Καὶ</strong></span> <span class='ocrx_word' id='word_1_76' title='bbox 174 650 223 685; x_wconf 82' lang='grc' dir='ltr'><strong>τὴν</strong></span> <span class='ocrx_word' id='word_1_77' title='bbox 238 650 390 686; x_wconf 85' lang='grc' dir='ltr'>ἀκρότομον</span> <span class='ocrx_word' id='word_1_78' title='bbox 406 653 446 682; x_wconf 73' lang='grc' dir='ltr'>εἰς</span> <span class='ocrx_word' id='word_1_79' title='bbox 462 652 552 687; x_wconf 78' lang='grc' dir='ltr'>πηγὰς</span> <span class='ocrx_word' id='word_1_80' title='bbox 569 653 684 681; x_wconf 79' lang='grc' dir='ltr'>ὑδάτων.</span> 
     </span>
    </p>
   </div>
   <div class='ocr_carea' id='block_1_13' title="bbox 48 695 501 732">
    <p class='ocr_par' dir='ltr' id='par_1_13' title="bbox 48 695 501 732">
     <span class='ocr_line' id='line_1_13' title="bbox 48 695 501 732; baseline 0.007 -12"><span class='ocrx_word' id='word_1_81' title='bbox 48 695 87 721; x_wconf 78' lang='grc'>17.</span> <span class='ocrx_word' id='word_1_82' title='bbox 103 696 149 730; x_wconf 84' lang='grc' dir='ltr'><strong>Μὴ</strong></span> <span class='ocrx_word' id='word_1_83' title='bbox 165 697 241 730; x_wconf 82' lang='grc' dir='ltr'>ἡμῖν,</span> <span class='ocrx_word' id='word_1_84' title='bbox 255 696 354 732; x_wconf 86' lang='grc' dir='ltr'>Κύριε,</span> <span class='ocrx_word' id='word_1_85' title='bbox 374 696 412 732; x_wconf 84' lang='grc' dir='ltr'><strong>μὴ</strong></span> <span class='ocrx_word' id='word_1_86' title='bbox 424 698 501 732; x_wconf 81' lang='grc' dir='ltr'>ἡμῖν,</span> 
     </span>
    </p>
   </div>
   <div class='ocr_carea' id='block_1_14' title="bbox 47 741 612 778">
    <p class='ocr_par' dir='ltr' id='par_1_14' title="bbox 47 741 612 778">
     <span class='ocr_line' id='line_1_14' title="bbox 47 741 612 778; baseline 0.007 -11"><span class='ocrx_word' id='word_1_87' title='bbox 47 741 87 767; x_wconf 83' lang='lat'><strong>18.</strong></span> <span class='ocrx_word' id='word_1_88' title='bbox 108 741 178 768; x_wconf 77' lang='grc' dir='ltr'>Ἀλλ’</span> <span class='ocrx_word' id='word_1_89' title='bbox 191 742 207 777; x_wconf 87' lang='grc' dir='ltr'>ἢ</span> <span class='ocrx_word' id='word_1_90' title='bbox 225 742 263 778; x_wconf 81' lang='grc' dir='ltr'>τῷ</span> <span class='ocrx_word' id='word_1_91' title='bbox 277 743 391 778; x_wconf 77' lang='grc' dir='ltr'>ὀνόματί</span> <span class='ocrx_word' id='word_1_92' title='bbox 405 752 451 770; x_wconf 82' lang='grc' dir='ltr'><strong>σου</strong></span> <span class='ocrx_word' id='word_1_93' title='bbox 465 744 509 776; x_wconf 82' lang='grc' dir='ltr'><strong>δὸς</strong></span> <span class='ocrx_word' id='word_1_94' title='bbox 522 744 612 776; x_wconf 74' lang='grc' dir='ltr'>δόξαν.</span> 
     </span>
    </p>
   </div>
   <div class='ocr_carea' id='block_1_15' title="bbox 45 787 690 826">
    <p class='ocr_par' dir='ltr' id='par_1_15' title="bbox 45 787 690 826">
     <span class='ocr_line' id='line_1_15' title="bbox 45 787 690 826; baseline 0.008 -14"><span class='ocrx_word' id='word_1_95' title='bbox 45 787 88 812; x_wconf 85' lang='grc'>19.</span> <span class='ocrx_word' id='word_1_96' title='bbox 107 788 169 814; x_wconf 73' lang='grc' dir='ltr'><strong>Ἐπὶ</strong></span> <span class='ocrx_word' id='word_1_97' title='bbox 185 787 225 823; x_wconf 84' lang='grc' dir='ltr'>τῷ</span> <span class='ocrx_word' id='word_1_98' title='bbox 241 788 311 815; x_wconf 80' lang='grc' dir='ltr'>ἐλέει</span> <span class='ocrx_word' id='word_1_99' title='bbox 327 797 374 815; x_wconf 90' lang='grc' dir='ltr'><strong>σου</strong></span> <span class='ocrx_word' id='word_1_100' title='bbox 389 789 436 815; x_wconf 74' lang='grc' dir='ltr'><strong>καὶ</strong></span> <span class='ocrx_word' id='word_1_101' title='bbox 448 791 481 825; x_wconf 82' lang='grc' dir='ltr'>τῇ</span> <span class='ocrx_word' id='word_1_102' title='bbox 494 790 609 826; x_wconf 67' lang='grc' dir='ltr'>ἀληθείᾳ</span> <span class='ocrx_word' id='word_1_103' title='bbox 626 799 672 817; x_wconf 88' lang='grc' dir='ltr'><strong>σου</strong></span> <span class='ocrx_word' id='word_1_104' title='bbox 683 799 690 805; x_wconf 92' lang='grc'><strong>·</strong></span> 
     </span>
    </p>
   </div>
   <div class='ocr_carea' id='block_1_16' title="bbox 44 830 801 877">
    <p class='ocr_par' dir='ltr' id='par_1_16' title="bbox 44 830 801 877">
     <span class='ocr_line' id='line_1_16' title="bbox 44 830 801 877; baseline 0.009 -21"><span class='ocrx_word' id='word_1_105' title='bbox 44 830 88 857; x_wconf 68' lang='lat'><strong>‘30.</strong></span> <span class='ocrx_word' id='word_1_106' title='bbox 106 831 220 867; x_wconf 76' lang='grc' dir='ltr'>Μήποτε</span> <span class='ocrx_word' id='word_1_107' title='bbox 243 832 342 877; x_wconf 63' lang='grc' dir='ltr'>εἴπωσι</span> <span class='ocrx_word' id='word_1_108' title='bbox 365 832 400 859; x_wconf 86' lang='grc' dir='ltr'>τὰ</span> <span class='ocrx_word' id='word_1_109' title='bbox 423 833 487 869; x_wconf 75' lang='grc' dir='ltr'>ἔθνη</span> <span class='ocrx_word' id='word_1_110' title='bbox 501 842 508 849; x_wconf 87' lang='grc'>·</span> <span class='ocrx_word' id='word_1_111' title='bbox 534 835 588 861; x_wconf 79' lang='grc' dir='ltr'><strong>Ποῦ</strong></span> <span class='ocrx_word' id='word_1_112' title='bbox 615 836 688 862; x_wconf 73' lang='grc' dir='ltr'>ἐστιν</span> <span class='ocrx_word' id='word_1_113' title='bbox 704 836 718 862; x_wconf 79' lang='grc' dir='ltr'>ὁ</span> <span class='ocrx_word' id='word_1_114' title='bbox 735 836 801 868; x_wconf 69' lang='grc' dir='ltr'>Θεὸς</span> 
     </span>
    </p>
   </div>
   <div class='ocr_carea' id='block_1_17' title="bbox 3 876 116 909">
    <p class='ocr_par' dir='ltr' id='par_1_17' title="bbox 3 876 116 909">
     <span class='ocr_line' id='line_1_17' title="bbox 3 876 116 909; baseline 0 -7"><span class='ocrx_word' id='word_1_115' title='bbox 3 876 116 909; x_wconf 57' lang='lat' dir='ltr'><strong>aitEn;</strong></span> 
     </span>
    </p>
   </div>
   <div class='ocr_carea' id='block_1_18' title="bbox 470 132 1202 163">
    <p class='ocr_par' dir='ltr' id='par_1_18' title="bbox 470 132 1202 163">
     <span class='ocr_line' id='line_1_18' title="bbox 470 132 1202 163; baseline 0.007 -5"><span class='ocrx_word' id='word_1_116' title='bbox 470 132 514 159; x_wconf 82' lang='lat' dir='ltr'><strong>DE</strong></span> <span class='ocrx_word' id='word_1_117' title='bbox 533 132 625 161; x_wconf 52' lang='lat' dir='ltr'><strong>TlTU.</strong></span> <span class='ocrx_word' id='word_1_118' title='bbox 640 132 671 160; x_wconf 87' lang='lat' dir='ltr'><strong>IS</strong></span> <span class='ocrx_word' id='word_1_119' title='bbox 691 133 915 160; x_wconf 75' lang='lat' dir='ltr'><strong>PSALMORUM.</strong></span> <span class='ocrx_word' id='word_1_120' title='bbox 936 149 971 154; x_wconf 94' lang='lat'><strong>—</strong></span> <span class='ocrx_word' id='word_1_121' title='bbox 991 133 1088 161; x_wconf 73' lang='lat' dir='ltr'>PSAL.</span> <span class='ocrx_word' id='word_1_122' title='bbox 1110 134 1202 163; x_wconf 81' lang='lat' dir='ltr'><strong>CXIII.</strong></span> 
     </span>
    </p>
   </div>
   <div class='ocr_carea' id='block_1_19' title="bbox 1584 138 1654 169">
    <p class='ocr_par' dir='ltr' id='par_1_19' title="bbox 1584 138 1654 169">
     <span class='ocr_line' id='line_1_19' title="bbox 1584 138 1654 169; baseline 0 0"><span class='ocrx_word' id='word_1_123' title='bbox 1584 138 1654 169; x_wconf 76' lang='grc'>1155</span> 
     </span>
    </p>
   </div>
   <div class='ocr_carea' id='block_1_20' title="bbox 813 193 1474 225">
    <p class='ocr_par' dir='ltr' id='par_1_20' title="bbox 813 193 1474 225">
     <span class='ocr_line' id='line_1_20' title="bbox 813 193 1474 225; baseline 0.008 -6"><span class='ocrx_word' id='word_1_124' title='bbox 813 198 844 225; x_wconf 62' lang='grc' dir='ltr'><strong>λΑ</strong></span> <span class='ocrx_word' id='word_1_125' title='bbox 893 194 919 224; x_wconf 86' lang='grc'><strong>6,</strong></span> <span class='ocrx_word' id='word_1_126' title='bbox 938 193 1065 222; x_wconf 85' lang='lat' dir='ltr'><strong>Jnrdanis</strong></span> <span class='ocrx_word' id='word_1_127' title='bbox 1079 202 1229 223; x_wconf 82' lang='lat' dir='ltr'><strong>conversus</strong></span> <span class='ocrx_word' id='word_1_128' title='bbox 1250 201 1292 224; x_wconf 90' lang='lat' dir='ltr'><strong>est</strong></span> <span class='ocrx_word' id='word_1_129' title='bbox 1313 201 1474 224; x_wconf 73' lang='lat' dir='ltr'><strong>retrorsum.</strong></span> 
     </span>
    </p>
   </div>
   <div class='ocr_carea' id='block_1_21' title="bbox 898 239 1453 269">
    <p class='ocr_par' dir='ltr' id='par_1_21' title="bbox 898 239 1453 269">
     <span class='ocr_line' id='line_1_21' title="bbox 898 239 1453 269; baseline 0.007 -4"><span class='ocrx_word' id='word_1_130' title='bbox 898 239 923 266; x_wconf 83' lang='lat'>7.</span> <span class='ocrx_word' id='word_1_131' title='bbox 944 239 1049 268; x_wconf 87' lang='lat' dir='ltr'><strong>Montes</strong></span> <span class='ocrx_word' id='word_1_132' title='bbox 1064 241 1270 268; x_wconf 81' lang='lat' dir='ltr'><strong>exsultaverth</strong></span> <span class='ocrx_word' id='word_1_133' title='bbox 1287 247 1315 269; x_wconf 87' lang='lat' dir='ltr'><strong>ut</strong></span> <span class='ocrx_word' id='word_1_134' title='bbox 1328 243 1428 269; x_wconf 74' lang='lat' dir='ltr'><strong>arietes</strong></span> <span class='ocrx_word' id='word_1_135' title='bbox 1447 252 1453 268; x_wconf 93' lang='lat'>:</span> 
     </span>
    </p>
   </div>
   <div class='ocr_carea' id='block_1_22' title="bbox 898 284 1362 321">
    <p class='ocr_par' dir='ltr' id='par_1_22' title="bbox 898 284 1362 321">
     <span class='ocr_line' id='line_1_22' title="bbox 898 284 1362 321; baseline 0.006 -10"><span class='ocrx_word' id='word_1_136' title='bbox 898 285 925 312; x_wconf 90' lang='lat'>8.</span> <span class='ocrx_word' id='word_1_137' title='bbox 947 284 979 312; x_wconf 83' lang='lat' dir='ltr'><strong>Et</strong></span> <span class='ocrx_word' id='word_1_138' title='bbox 994 286 1078 313; x_wconf 87' lang='lat' dir='ltr'><strong>colles</strong></span> <span class='ocrx_word' id='word_1_139' title='bbox 1095 286 1166 313; x_wconf 97' lang='lat' dir='ltr'><strong>sicut</strong></span> <span class='ocrx_word' id='word_1_140' title='bbox 1181 287 1244 321; x_wconf 84' lang='lat' dir='ltr'><strong>agni</strong></span> <span class='ocrx_word' id='word_1_141' title='bbox 1260 287 1362 315; x_wconf 84' lang='lat' dir='ltr'><strong>ovium.</strong></span> 
     </span>
    </p>
   </div>
   <div class='ocr_carea' id='block_1_23' title="bbox 896 330 1474 369">
    <p class='ocr_par' dir='ltr' id='par_1_23' title="bbox 896 330 1474 369">
     <span class='ocr_line' id='line_1_23' title="bbox 896 330 1474 369; baseline 0.009 -12"><span class='ocrx_word' id='word_1_142' title='bbox 896 330 922 357; x_wconf 88' lang='lat'>9.</span> <span class='ocrx_word' id='word_1_143' title='bbox 941 331 1009 364; x_wconf 84' lang='lat' dir='ltr'><strong>Quid</strong></span> <span class='ocrx_word' id='word_1_144' title='bbox 1028 335 1070 359; x_wconf 87' lang='lat' dir='ltr'><strong>est</strong></span> <span class='ocrx_word' id='word_1_145' title='bbox 1086 333 1146 365; x_wconf 90' lang='lat' dir='ltr'><strong>tibi,</strong></span> <span class='ocrx_word' id='word_1_146' title='bbox 1166 341 1251 365; x_wconf 89' lang='lat' dir='ltr'><strong>mare,</strong></span> <span class='ocrx_word' id='word_1_147' title='bbox 1273 334 1345 368; x_wconf 90' lang='lat' dir='ltr'><strong>quod</strong></span> <span class='ocrx_word' id='word_1_148' title='bbox 1362 334 1474 369; x_wconf 75' lang='lat' dir='ltr'><strong>fugisti?</strong></span> 
     </span>
    </p>
   </div>
   <div class='ocr_carea' id='block_1_24' title="bbox 898 376 1647 414">
    <p class='ocr_par' dir='ltr' id='par_1_24' title="bbox 898 376 1647 414">
     <span class='ocr_line' id='line_1_24' title="bbox 898 376 1647 414; baseline 0.012 -12"><span class='ocrx_word' id='word_1_149' title='bbox 898 376 938 403; x_wconf 91' lang='grc'><strong>10.</strong></span> <span class='ocrx_word' id='word_1_150' title='bbox 959 377 988 404; x_wconf 70' lang='lat' dir='ltr'><strong>lit</strong></span> <span class='ocrx_word' id='word_1_151' title='bbox 1004 383 1042 411; x_wconf 88' lang='lat' dir='ltr'><strong>tu,</strong></span> <span class='ocrx_word' id='word_1_152' title='bbox 1054 377 1190 411; x_wconf 83' lang='lat' dir='ltr'><strong>Jordanis.</strong></span> <span class='ocrx_word' id='word_1_153' title='bbox 1200 380 1263 414; x_wconf 84' lang='lat' dir='ltr'><strong>quia</strong></span> <span class='ocrx_word' id='word_1_154' title='bbox 1276 388 1426 409; x_wconf 78' lang='lat' dir='ltr'><strong>conversus</strong></span> <span class='ocrx_word' id='word_1_155' title='bbox 1437 390 1466 410; x_wconf 83' lang='lat' dir='ltr'><strong>es</strong></span> <span class='ocrx_word' id='word_1_156' title='bbox 1475 388 1624 411; x_wconf 77' lang='lat' dir='ltr'><strong>retrorsum</strong></span> <span class='ocrx_word' id='word_1_157' title='bbox 1635 383 1647 411; x_wconf 67' lang='grc' dir='ltr'><em>ἳ</em></span> 
     </span>
    </p>
   </div>
   <div class='ocr_carea' id='block_1_25' title="bbox 897 423 1546 459">
    <p class='ocr_par' dir='ltr' id='par_1_25' title="bbox 897 423 1546 459">
     <span class='ocr_line' id='line_1_25' title="bbox 897 423 1546 459; baseline 0.014 -11"><span class='ocrx_word' id='word_1_158' title='bbox 897 423 940 450; x_wconf 92' lang='lat'><strong>11.</strong></span> <span class='ocrx_word' id='word_1_159' title='bbox 962 423 1079 456; x_wconf 76' lang='lat' dir='ltr'><strong>Montes,</strong></span> <span class='ocrx_word' id='word_1_160' title='bbox 1091 425 1155 459; x_wconf 81' lang='lat' dir='ltr'><strong>quia</strong></span> <span class='ocrx_word' id='word_1_161' title='bbox 1173 426 1335 454; x_wconf 82' lang='lat' dir='ltr'><strong>exsultastis</strong></span> <span class='ocrx_word' id='word_1_162' title='bbox 1347 428 1418 455; x_wconf 83' lang='lat' dir='ltr'><strong>sicut</strong></span> <span class='ocrx_word' id='word_1_163' title='bbox 1430 429 1546 457; x_wconf 76' lang='lat' dir='ltr'><strong>arietes?</strong></span> 
     </span>
    </p>
   </div>
   <div class='ocr_carea' id='block_1_26' title="bbox 896 468 1380 508">
    <p class='ocr_par' dir='ltr' id='par_1_26' title="bbox 896 468 1380 508">
     <span class='ocr_line' id='line_1_26' title="bbox 896 468 1380 508; baseline 0.012 -14"><span class='ocrx_word' id='word_1_164' title='bbox 896 468 939 495; x_wconf 72' lang='lat'>12.</span> <span class='ocrx_word' id='word_1_165' title='bbox 957 469 989 495; x_wconf 82' lang='lat' dir='ltr'><strong>Et</strong></span> <span class='ocrx_word' id='word_1_166' title='bbox 1001 471 1083 498; x_wconf 70' lang='lat' dir='ltr'><strong>colles</strong></span> <span class='ocrx_word' id='word_1_167' title='bbox 1102 471 1173 499; x_wconf 82' lang='lat' dir='ltr'><strong>sicut</strong></span> <span class='ocrx_word' id='word_1_168' title='bbox 1191 473 1254 508; x_wconf 87' lang='lat' dir='ltr'><strong>agni</strong></span> <span class='ocrx_word' id='word_1_169' title='bbox 1269 474 1380 500; x_wconf 88' lang='lat' dir='ltr'><strong>ovium?</strong></span> 
     </span>
    </p>
   </div>
   <div class='ocr_carea' id='block_1_27' title="bbox 896 515 1441 553">
    <p class='ocr_par' dir='ltr' id='par_1_27' title="bbox 896 515 1441 553">
     <span class='ocr_line' id='line_1_27' title="bbox 896 515 1441 553; baseline 0.013 -13"><span class='ocrx_word' id='word_1_170' title='bbox 896 515 938 541; x_wconf 79' lang='grc'>15.</span> <span class='ocrx_word' id='word_1_171' title='bbox 960 516 980 541; x_wconf 82' lang='grc' dir='ltr'><strong>Ᾱ</strong></span> <span class='ocrx_word' id='word_1_172' title='bbox 998 515 1066 543; x_wconf 83' lang='lat' dir='ltr'><strong>facie</strong></span> <span class='ocrx_word' id='word_1_173' title='bbox 1082 516 1191 545; x_wconf 88' lang='lat' dir='ltr'><strong>Domini</strong></span> <span class='ocrx_word' id='word_1_174' title='bbox 1210 524 1282 546; x_wconf 86' lang='lat' dir='ltr'><strong>mota</strong></span> <span class='ocrx_word' id='word_1_175' title='bbox 1299 524 1341 547; x_wconf 89' lang='lat' dir='ltr'><strong>est</strong></span> <span class='ocrx_word' id='word_1_176' title='bbox 1358 524 1441 553; x_wconf 86' lang='lat' dir='ltr'><strong>terra,</strong></span> 
     </span>
    </p>
   </div>
   <div class='ocr_carea' id='block_1_28' title="bbox 895 560 1242 592">
    <p class='ocr_par' dir='ltr' id='par_1_28' title="bbox 895 560 1242 592">
     <span class='ocr_line' id='line_1_28' title="bbox 895 560 1242 592; baseline 0.017 -6"><span class='ocrx_word' id='word_1_177' title='bbox 895 560 938 587; x_wconf 74' lang='grc'>14.</span> <span class='ocrx_word' id='word_1_178' title='bbox 957 562 979 587; x_wconf 81' lang='grc' dir='ltr'><strong>Α</strong></span> <span class='ocrx_word' id='word_1_179' title='bbox 993 561 1061 589; x_wconf 84' lang='lat' dir='ltr'><strong>facie</strong></span> <span class='ocrx_word' id='word_1_180' title='bbox 1074 562 1121 590; x_wconf 88' lang='lat' dir='ltr'><strong>Dei</strong></span> <span class='ocrx_word' id='word_1_181' title='bbox 1137 563 1242 592; x_wconf 79' lang='lat' dir='ltr'><strong>Jacob:</strong></span> 
     </span>
    </p>
   </div>
   <div class='ocr_carea' id='block_1_29' title="bbox 895 607 1648 649">
    <p class='ocr_par' dir='ltr' id='par_1_29' title="bbox 895 607 1648 649">
     <span class='ocr_line' id='line_1_29' title="bbox 895 607 1648 649; baseline 0.012 -17"><span class='ocrx_word' id='word_1_182' title='bbox 895 607 936 633; x_wconf 75' lang='lat'>15.</span> <span class='ocrx_word' id='word_1_183' title='bbox 962 607 1013 640; x_wconf 86' lang='lat' dir='ltr'><strong>Qui</strong></span> <span class='ocrx_word' id='word_1_184' title='bbox 1035 610 1168 637; x_wconf 88' lang='lat' dir='ltr'><strong>convertit</strong></span> <span class='ocrx_word' id='word_1_185' title='bbox 1186 616 1290 645; x_wconf 75' lang='lat' dir='ltr'><strong>petram</strong></span> <span class='ocrx_word' id='word_1_186' title='bbox 1319 612 1346 639; x_wconf 90' lang='lat' dir='ltr'><strong>in</strong></span> <span class='ocrx_word' id='word_1_187' title='bbox 1374 617 1469 648; x_wconf 81' lang='lat' dir='ltr'><strong>stagna</strong></span> <span class='ocrx_word' id='word_1_188' title='bbox 1502 622 1648 649; x_wconf 82' lang='lat' dir='ltr'><strong>aquarum,</strong></span> 
     </span>
    </p>
   </div>
   <div class='ocr_carea' id='block_1_30' title="bbox 895 652 1416 693">
    <p class='ocr_par' dir='ltr' id='par_1_30' title="bbox 895 652 1416 693">
     <span class='ocr_line' id='line_1_30' title="bbox 895 652 1416 693; baseline 0.017 -16"><span class='ocrx_word' id='word_1_189' title='bbox 895 652 936 678; x_wconf 86' lang='grc'>16.</span> <span class='ocrx_word' id='word_1_190' title='bbox 959 653 988 680; x_wconf 83' lang='lat' dir='ltr'><strong>Et</strong></span> <span class='ocrx_word' id='word_1_191' title='bbox 1006 662 1099 689; x_wconf 88' lang='lat' dir='ltr'><strong>rupem</strong></span> <span class='ocrx_word' id='word_1_192' title='bbox 1117 657 1142 682; x_wconf 89' lang='lat' dir='ltr'><strong>in</strong></span> <span class='ocrx_word' id='word_1_193' title='bbox 1161 656 1250 685; x_wconf 86' lang='lat' dir='ltr'><strong>fontes</strong></span> <span class='ocrx_word' id='word_1_194' title='bbox 1272 666 1416 693; x_wconf 83' lang='lat' dir='ltr'><strong>aquarum.</strong></span> 
     </span>
    </p>
   </div>
   <div class='ocr_carea' id='block_1_31' title="bbox 894 698 1452 739">
    <p class='ocr_par' dir='ltr' id='par_1_31' title="bbox 894 698 1452 739">
     <span class='ocr_line' id='line_1_31' title="bbox 894 698 1452 739; baseline 0.018 -16"><span class='ocrx_word' id='word_1_195' title='bbox 894 698 937 727; x_wconf 89' lang='lat'>17.</span> <span class='ocrx_word' id='word_1_196' title='bbox 958 698 1016 726; x_wconf 84' lang='lat' dir='ltr'><strong>Non</strong></span> <span class='ocrx_word' id='word_1_197' title='bbox 1036 701 1125 734; x_wconf 88' lang='lat' dir='ltr'><strong>nobis,</strong></span> <span class='ocrx_word' id='word_1_198' title='bbox 1145 702 1269 735; x_wconf 86' lang='lat' dir='ltr'><strong>Domine,</strong></span> <span class='ocrx_word' id='word_1_199' title='bbox 1287 713 1341 732; x_wconf 89' lang='lat' dir='ltr'><strong>non</strong></span> <span class='ocrx_word' id='word_1_200' title='bbox 1361 706 1452 739; x_wconf 83' lang='lat' dir='ltr'><strong>nobis,</strong></span> 
     </span>
    </p>
   </div>
   <div class='ocr_carea' id='block_1_32' title="bbox 892 744 1380 783">
    <p class='ocr_par' dir='ltr' id='par_1_32' title="bbox 892 744 1380 783">
     <span class='ocr_line' id='line_1_32' title="bbox 892 744 1380 783; baseline 0.016 -13"><span class='ocrx_word' id='word_1_201' title='bbox 892 744 935 771; x_wconf 82' lang='lat'>18.</span> <span class='ocrx_word' id='word_1_202' title='bbox 957 746 1008 773; x_wconf 87' lang='lat' dir='ltr'><strong>Sed</strong></span> <span class='ocrx_word' id='word_1_203' title='bbox 1023 748 1126 774; x_wconf 85' lang='lat' dir='ltr'><strong>nomini</strong></span> <span class='ocrx_word' id='word_1_204' title='bbox 1141 752 1188 776; x_wconf 88' lang='lat' dir='ltr'><strong>tuo</strong></span> <span class='ocrx_word' id='word_1_205' title='bbox 1204 750 1237 776; x_wconf 86' lang='lat' dir='ltr'><strong>da</strong></span> <span class='ocrx_word' id='word_1_206' title='bbox 1255 751 1380 783; x_wconf 71' lang='lat' dir='ltr'><strong>gloriam.</strong></span> 
     </span>
    </p>
   </div>
   <div class='ocr_carea' id='block_1_33' title="bbox 892 791 1572 827">
    <p class='ocr_par' dir='ltr' id='par_1_33' title="bbox 892 791 1572 827">
     <span class='ocr_line' id='line_1_33' title="bbox 892 791 1572 827; baseline 0.015 -10"><span class='ocrx_word' id='word_1_207' title='bbox 892 791 934 818; x_wconf 86' lang='lat'>19.</span> <span class='ocrx_word' id='word_1_208' title='bbox 956 791 1043 827; x_wconf 87' lang='lat' dir='ltr'><strong>Super</strong></span> <span class='ocrx_word' id='word_1_209' title='bbox 1067 794 1255 823; x_wconf 78' lang='lat' dir='ltr'><strong>misericordia</strong></span> <span class='ocrx_word' id='word_1_210' title='bbox 1272 802 1315 824; x_wconf 79' lang='lat' dir='ltr'><strong>tua</strong></span> <span class='ocrx_word' id='word_1_211' title='bbox 1332 803 1358 824; x_wconf 89' lang='lat' dir='ltr'><strong>et</strong></span> <span class='ocrx_word' id='word_1_212' title='bbox 1374 799 1487 827; x_wconf 79' lang='lat' dir='ltr'><strong>veritate</strong></span> <span class='ocrx_word' id='word_1_213' title='bbox 1505 804 1550 827; x_wconf 87' lang='lat' dir='ltr'><strong>tua</strong></span> <span class='ocrx_word' id='word_1_214' title='bbox 1565 809 1572 826; x_wconf 89' lang='lat'><strong>:</strong></span> 
     </span>
    </p>
   </div>
   <div class='ocr_carea' id='block_1_34' title="bbox 889 838 1645 880">
    <p class='ocr_par' dir='ltr' id='par_1_34' title="bbox 889 838 1645 880">
     <span class='ocr_line' id='line_1_34' title="bbox 889 838 1645 880; baseline 0.013 -15"><span class='ocrx_word' id='word_1_215' title='bbox 889 838 937 866; x_wconf 80' lang='lat'><strong>‘20.</strong></span> <span class='ocrx_word' id='word_1_216' title='bbox 959 839 1107 876; x_wconf 80' lang='lat' dir='ltr'><strong>Nequando</strong></span> <span class='ocrx_word' id='word_1_217' title='bbox 1131 842 1225 871; x_wconf 84' lang='lat' dir='ltr'><strong>dicant</strong></span> <span class='ocrx_word' id='word_1_218' title='bbox 1247 850 1351 880; x_wconf 80' lang='lat' dir='ltr'><strong>gentes,</strong></span> <span class='ocrx_word' id='word_1_219' title='bbox 1378 846 1423 873; x_wconf 91' lang='lat' dir='ltr'><strong>ubi</strong></span> <span class='ocrx_word' id='word_1_220' title='bbox 1440 851 1482 874; x_wconf 83' lang='lat' dir='ltr'><strong>est</strong></span> <span class='ocrx_word' id='word_1_221' title='bbox 1500 847 1571 875; x_wconf 77' lang='lat' dir='ltr'><strong>Deus</strong></span> <span class='ocrx_word' id='word_1_222' title='bbox 1597 856 1645 875; x_wconf 76' lang='lat' dir='ltr'><strong>eo-</strong></span> 
     </span>
    </p>
   </div>
   <div class='ocr_carea' id='block_1_35' title="bbox 819 880 940 911">
    <p class='ocr_par' dir='ltr' id='par_1_35' title="bbox 819 880 940 911">
     <span class='ocr_line' id='line_1_35' title="bbox 819 880 940 911; baseline 0.017 -2"><span class='ocrx_word' id='word_1_223' title='bbox 819 880 840 909; x_wconf 87' lang='grc' dir='ltr'><strong>Β</strong></span> <span class='ocrx_word' id='word_1_224' title='bbox 856 892 915 910; x_wconf 89' lang='lat' dir='ltr'><strong>rum</strong></span> <span class='ocrx_word' id='word_1_225' title='bbox 928 885 940 911; x_wconf 86' lang='lat'><strong>?</strong></span> 
     </span>
    </p>
   </div>
   <div class='ocr_carea' id='block_1_36' title="bbox 572 958 1080 994">
    <p class='ocr_par' dir='ltr' id='par_1_36' title="bbox 572 958 1080 994">
     <span class='ocr_line' id='line_1_36' title="bbox 572 958 1080 994; baseline 0.016 -9"><span class='ocrx_word' id='word_1_226' title='bbox 572 958 763 987; x_wconf 73' lang='lat' dir='ltr'><strong>ATHANASH</strong></span> <span class='ocrx_word' id='word_1_227' title='bbox 785 960 1080 994; x_wconf 77' lang='lat' dir='ltr'><strong>INTERPRETATIO.</strong></span> 
     </span>
    </p>
   </div>
   <div class='ocr_carea' id='block_1_37' title="bbox 41 1030 801 1072">
    <p class='ocr_par' dir='ltr' id='par_1_37' title="bbox 41 1030 801 1072">
     <span class='ocr_line' id='line_1_37' title="bbox 41 1030 801 1072; baseline 0.008 -15"><span class='ocrx_word' id='word_1_228' title='bbox 41 1030 70 1058; x_wconf 83' lang='lat'>6.</span> <span class='ocrx_word' id='word_1_229' title='bbox 91 1031 119 1057; x_wconf 87' lang='lat'><strong>&#39;0</strong></span> <span class='ocrx_word' id='word_1_230' title='bbox 130 1031 168 1066; x_wconf 89' lang='lat'><strong>(1)</strong></span> <span class='ocrx_word' id='word_1_231' title='bbox 189 1032 322 1068; x_wconf 78' lang='grc' dir='ltr'><strong>Ἰορδάνης</strong></span> <span class='ocrx_word' id='word_1_232' title='bbox 335 1033 516 1068; x_wconf 76' lang='grc' dir='ltr'>ἑρμηνεύεται</span> <span class='ocrx_word' id='word_1_233' title='bbox 534 1034 571 1069; x_wconf 72' lang='grc' dir='ltr'>τῇ</span> <span class='ocrx_word' id='word_1_234' title='bbox 587 1034 720 1070; x_wconf 58' lang='grc' dir='ltr'>ἐσχάτῳ</span> <span class='ocrx_word' id='word_1_235' title='bbox 735 1036 801 1072; x_wconf 83' lang='grc' dir='ltr'>πλῆ-</span> 
     </span>
    </p>
   </div>
   <div class='ocr_carea' id='block_1_38' title="bbox 2 1075 801 1116">
    <p class='ocr_par' dir='ltr' id='par_1_38' title="bbox 2 1075 801 1116">
     <span class='ocr_line' id='line_1_38' title="bbox 2 1075 801 1116; baseline 0.008 -13"><span class='ocrx_word' id='word_1_236' title='bbox 2 1079 54 1108; x_wconf 69' lang='grc' dir='ltr'><strong>θος</strong></span> <span class='ocrx_word' id='word_1_237' title='bbox 69 1075 114 1104; x_wconf 70' lang='grc' dir='ltr'>οὖν</span> <span class='ocrx_word' id='word_1_238' title='bbox 130 1077 184 1104; x_wconf 85' lang='grc' dir='ltr'>τῶν</span> <span class='ocrx_word' id='word_1_239' title='bbox 207 1078 292 1106; x_wconf 77' lang='grc' dir='ltr'>ἐθνῶν</span> <span class='ocrx_word' id='word_1_240' title='bbox 311 1079 484 1115; x_wconf 80' lang='grc' dir='ltr'>ἀνεχώρησεν</span> <span class='ocrx_word' id='word_1_241' title='bbox 509 1081 564 1108; x_wconf 79' lang='grc' dir='ltr'><strong>ἀπὸ</strong></span> <span class='ocrx_word' id='word_1_242' title='bbox 587 1082 637 1116; x_wconf 83' lang='grc' dir='ltr'><strong>τῆς</strong></span> <span class='ocrx_word' id='word_1_243' title='bbox 659 1082 801 1110; x_wconf 81' lang='grc' dir='ltr'>εἰδωλολα-</span> 
     </span>
    </p>
   </div>
   <div class='ocr_carea' id='block_1_39' title="bbox 3 1120 801 1163">
    <p class='ocr_par' dir='ltr' id='par_1_39' title="bbox 3 1120 801 1163">
     <span class='ocr_line' id='line_1_39' title="bbox 3 1120 801 1163; baseline 0.01 -16"><span class='ocrx_word' id='word_1_244' title='bbox 3 1121 115 1155; x_wconf 81' lang='grc' dir='ltr'>τρείας,</span> <span class='ocrx_word' id='word_1_245' title='bbox 133 1123 180 1148; x_wconf 73' lang='grc' dir='ltr'><strong>καὶ</strong></span> <span class='ocrx_word' id='word_1_246' title='bbox 197 1120 262 1158; x_wconf 82' lang='grc' dir='ltr'>ἦλθε</span> <span class='ocrx_word' id='word_1_247' title='bbox 279 1124 347 1159; x_wconf 77' lang='grc' dir='ltr'>πρὸς</span> <span class='ocrx_word' id='word_1_248' title='bbox 363 1124 408 1150; x_wconf 86' lang='grc' dir='ltr'><strong>τὸν</strong></span> <span class='ocrx_word' id='word_1_249' title='bbox 425 1125 454 1158; x_wconf 77' lang='grc' dir='ltr'><strong>ἐξ</strong></span> <span class='ocrx_word' id='word_1_250' title='bbox 472 1125 560 1161; x_wconf 81' lang='grc' dir='ltr'>ἀρχῆς</span> <span class='ocrx_word' id='word_1_251' title='bbox 576 1127 731 1163; x_wconf 82' lang='grc' dir='ltr'>Δεσπότην,</span> <span class='ocrx_word' id='word_1_252' title='bbox 754 1129 801 1155; x_wconf 76' lang='grc' dir='ltr'><strong>καὶ</strong></span> 
     </span>
    </p>
   </div>
   <div class='ocr_carea' id='block_1_40' title="bbox 3 1169 306 1204">
    <p class='ocr_par' dir='ltr' id='par_1_40' title="bbox 3 1169 306 1204">
     <span class='ocr_line' id='line_1_40' title="bbox 3 1169 306 1204; baseline 0.017 -12"><span class='ocrx_word' id='word_1_253' title='bbox 3 1172 42 1202; x_wconf 63' lang='lat' dir='ltr'><strong>Ar;</strong></span> <span class='ocrx_word' id='word_1_254' title='bbox 48 1169 177 1203; x_wconf 76' lang='grc' dir='ltr'>μιουργὸν</span> <span class='ocrx_word' id='word_1_255' title='bbox 191 1169 306 1204; x_wconf 75' lang='grc' dir='ltr'>Ἰησοῦν.</span> 
     </span>
    </p>
   </div>
   <div class='ocr_carea' id='block_1_41' title="bbox 39 1213 801 1256">
    <p class='ocr_par' dir='ltr' id='par_1_41' title="bbox 39 1213 801 1256">
     <span class='ocr_line' id='line_1_41' title="bbox 39 1213 801 1256; baseline 0.01 -17"><span class='ocrx_word' id='word_1_256' title='bbox 39 1213 68 1240; x_wconf 86' lang='lat'><strong>7.</strong></span> <span class='ocrx_word' id='word_1_257' title='bbox 92 1215 122 1240; x_wconf 80' lang='grc' dir='ltr'><strong>Οἱ</strong></span> <span class='ocrx_word' id='word_1_258' title='bbox 140 1215 278 1251; x_wconf 75' lang='grc' dir='ltr'><strong>προφῆται</strong></span> <span class='ocrx_word' id='word_1_259' title='bbox 300 1216 464 1251; x_wconf 80' lang='grc' dir='ltr'>ἀγάλλονται</span> <span class='ocrx_word' id='word_1_260' title='bbox 488 1218 535 1245; x_wconf 73' lang='grc' dir='ltr'><strong>καὶ</strong></span> <span class='ocrx_word' id='word_1_261' title='bbox 558 1219 604 1245; x_wconf 77' lang='grc' dir='ltr'>ἐπὶ</span> <span class='ocrx_word' id='word_1_262' title='bbox 625 1221 658 1256; x_wconf 84' lang='grc' dir='ltr'>τῇ</span> <span class='ocrx_word' id='word_1_263' title='bbox 686 1220 723 1256; x_wconf 66' lang='grc' dir='ltr'><strong>(εἰ)</strong></span> <span class='ocrx_word' id='word_1_264' title='bbox 742 1221 801 1247; x_wconf 82' lang='grc' dir='ltr'>ἐπι-</span> 
     </span>
    </p>
   </div>
   <div class='ocr_carea' id='block_1_42' title="bbox 5 1260 296 1295">
    <p class='ocr_par' dir='ltr' id='par_1_42' title="bbox 5 1260 296 1295">
     <span class='ocr_line' id='line_1_42' title="bbox 5 1260 296 1295; baseline 0.014 -11"><span class='ocrx_word' id='word_1_265' title='bbox 5 1260 110 1295; x_wconf 76' lang='grc' dir='ltr'>στροφῇ</span> <span class='ocrx_word' id='word_1_266' title='bbox 124 1260 178 1287; x_wconf 85' lang='grc' dir='ltr'><strong>τῶν</strong></span> <span class='ocrx_word' id='word_1_267' title='bbox 191 1260 276 1288; x_wconf 84' lang='grc' dir='ltr'>ὲθνῶν</span> <span class='ocrx_word' id='word_1_268' title='bbox 289 1270 296 1276; x_wconf 94' lang='grc'><strong>·</strong></span> 
     </span>
    </p>
   </div>
   <div class='ocr_carea' id='block_1_43' title="bbox 40 1304 800 1344">
    <p class='ocr_par' dir='ltr' id='par_1_43' title="bbox 40 1304 800 1344">
     <span class='ocr_line' id='line_1_43' title="bbox 40 1304 800 1344; baseline 0.011 -13"><span class='ocrx_word' id='word_1_269' title='bbox 40 1304 68 1331; x_wconf 90' lang='grc'>8.</span> <span class='ocrx_word' id='word_1_270' title='bbox 79 1306 133 1332; x_wconf 77' lang='lat' dir='ltr'><strong>Kal.</strong></span> <span class='ocrx_word' id='word_1_271' title='bbox 147 1307 172 1333; x_wconf 81' lang='grc' dir='ltr'>οἱ</span> <span class='ocrx_word' id='word_1_272' title='bbox 184 1308 216 1333; x_wconf 80' lang='grc' dir='ltr'><strong>ἐκ</strong></span> <span class='ocrx_word' id='word_1_273' title='bbox 224 1307 279 1334; x_wconf 84' lang='grc' dir='ltr'><strong>τῶν</strong></span> <span class='ocrx_word' id='word_1_274' title='bbox 290 1309 436 1344; x_wconf 83' lang='grc' dir='ltr'>προφητῶν</span> <span class='ocrx_word' id='word_1_275' title='bbox 447 1310 647 1343; x_wconf 83' lang='grc' dir='ltr'>ἀνατείλαντες,</span> <span class='ocrx_word' id='word_1_276' title='bbox 661 1313 800 1339; x_wconf 70' lang='grc' dir='ltr'><strong>τουτέστιν</strong></span> 
     </span>
    </p>
   </div>
   <div class='ocr_carea' id='block_1_44' title="bbox 3 1351 658 1392">
    <p class='ocr_par' dir='ltr' id='par_1_44' title="bbox 3 1351 658 1392">
     <span class='ocr_line' id='line_1_44' title="bbox 3 1351 658 1392; baseline 0.012 -16"><span class='ocrx_word' id='word_1_277' title='bbox 3 1351 28 1377; x_wconf 81' lang='lat' dir='ltr'><strong>ot</strong></span> <span class='ocrx_word' id='word_1_278' title='bbox 45 1351 188 1378; x_wconf 74' lang='grc' dir='ltr'><strong>ἀπόστολοι</strong></span> <span class='ocrx_word' id='word_1_279' title='bbox 203 1352 297 1390; x_wconf 80' lang='grc' dir='ltr'>ὥσπερ</span> <span class='ocrx_word' id='word_1_280' title='bbox 310 1355 335 1380; x_wconf 78' lang='grc' dir='ltr'>οἱ</span> <span class='ocrx_word' id='word_1_281' title='bbox 350 1355 438 1389; x_wconf 77' lang='grc' dir='ltr'>βουνοὶ</span> <span class='ocrx_word' id='word_1_282' title='bbox 452 1356 483 1382; x_wconf 83' lang='grc' dir='ltr'>ὲκ</span> <span class='ocrx_word' id='word_1_283' title='bbox 496 1356 550 1383; x_wconf 83' lang='grc' dir='ltr'><strong>τῶν</strong></span> <span class='ocrx_word' id='word_1_284' title='bbox 562 1357 658 1392; x_wconf 85' lang='grc' dir='ltr'>ὀρέων.</span> 
     </span>
    </p>
   </div>
   <div class='ocr_carea' id='block_1_45' title="bbox 41 1398 799 1441">
    <p class='ocr_par' dir='ltr' id='par_1_45' title="bbox 41 1398 799 1441">
     <span class='ocr_line' id='line_1_45' title="bbox 41 1398 799 1441; baseline 0.012 -18"><span class='ocrx_word' id='word_1_285' title='bbox 41 1398 68 1424; x_wconf 83' lang='grc'>9.</span> <span class='ocrx_word' id='word_1_286' title='bbox 85 1398 116 1424; x_wconf 87' lang='lat' dir='ltr'><strong>Tt</strong></span> <span class='ocrx_word' id='word_1_287' title='bbox 134 1399 175 1425; x_wconf 86' lang='grc' dir='ltr'><strong>σοί</strong></span> <span class='ocrx_word' id='word_1_288' title='bbox 187 1400 261 1426; x_wconf 78' lang='grc' dir='ltr'>ἐστιν</span> <span class='ocrx_word' id='word_1_289' title='bbox 273 1421 280 1434; x_wconf 86' lang='grc'><em>,</em></span> <span class='ocrx_word' id='word_1_290' title='bbox 301 1400 524 1438; x_wconf 77' lang='grc' dir='ltr'>εἰδωλολατρεία,</span> <span class='ocrx_word' id='word_1_291' title='bbox 540 1403 581 1430; x_wconf 83' lang='grc' dir='ltr'>ὅτι</span> <span class='ocrx_word' id='word_1_292' title='bbox 595 1403 714 1438; x_wconf 76' lang='grc' dir='ltr'>ἔφυγες,</span> <span class='ocrx_word' id='word_1_293' title='bbox 730 1404 799 1441; x_wconf 85' lang='grc' dir='ltr'>ὅπερ</span> 
     </span>
    </p>
   </div>
   <div class='ocr_carea' id='block_1_46' title="bbox 6 1443 507 1483">
    <p class='ocr_par' dir='ltr' id='par_1_46' title="bbox 6 1443 507 1483">
     <span class='ocr_line' id='line_1_46' title="bbox 6 1443 507 1483; baseline 0.014 -15"><span class='ocrx_word' id='word_1_294' title='bbox 6 1443 53 1469; x_wconf 75' lang='grc' dir='ltr'><strong>ἰπὶ</strong></span> <span class='ocrx_word' id='word_1_295' title='bbox 66 1443 118 1470; x_wconf 83' lang='grc' dir='ltr'>τῶν</span> <span class='ocrx_word' id='word_1_296' title='bbox 135 1445 283 1481; x_wconf 69' lang='grc' dir='ltr'>προφητῶν</span> <span class='ocrx_word' id='word_1_297' title='bbox 298 1447 348 1473; x_wconf 81' lang='grc' dir='ltr'><strong>οὐκ</strong></span> <span class='ocrx_word' id='word_1_298' title='bbox 362 1447 507 1483; x_wconf 46' lang='lat' dir='ltr'><strong>emineat“</strong></span> 
     </span>
    </p>
   </div>
   <div class='ocr_carea' id='block_1_47' title="bbox 41 1489 800 1533">
    <p class='ocr_par' dir='ltr' id='par_1_47' title="bbox 41 1489 800 1533">
     <span class='ocr_line' id='line_1_47' title="bbox 41 1489 800 1533; baseline 0.012 -17"><span class='ocrx_word' id='word_1_299' title='bbox 41 1489 86 1516; x_wconf 91' lang='lat'>10.</span> <span class='ocrx_word' id='word_1_300' title='bbox 103 1491 158 1517; x_wconf 81' lang='grc' dir='ltr'>Καὶ</span> <span class='ocrx_word' id='word_1_301' title='bbox 172 1491 251 1526; x_wconf 82' lang='grc' dir='ltr'>ὑμεῖς</span> <span class='ocrx_word' id='word_1_302' title='bbox 261 1513 268 1525; x_wconf 87' lang='grc'>,</span> <span class='ocrx_word' id='word_1_303' title='bbox 285 1493 320 1519; x_wconf 73' lang='grc' dir='ltr'><strong>τά</strong></span> <span class='ocrx_word' id='word_1_304' title='bbox 342 1493 406 1530; x_wconf 82' lang='grc' dir='ltr'>ἔθνη</span> <span class='ocrx_word' id='word_1_305' title='bbox 422 1495 520 1528; x_wconf 85' lang='grc' dir='ltr'>πάντα,</span> <span class='ocrx_word' id='word_1_306' title='bbox 534 1495 574 1522; x_wconf 87' lang='grc' dir='ltr'>ὅτι</span> <span class='ocrx_word' id='word_1_307' title='bbox 590 1497 727 1533; x_wconf 81' lang='grc' dir='ltr'>ἀπέστητε</span> <span class='ocrx_word' id='word_1_308' title='bbox 745 1498 800 1525; x_wconf 71' lang='grc' dir='ltr'>ἀπὸ</span> 
     </span>
    </p>
   </div>
   <div class='ocr_carea' id='block_1_48' title="bbox 5 1536 305 1574">
    <p class='ocr_par' dir='ltr' id='par_1_48' title="bbox 5 1536 305 1574">
     <span class='ocr_line' id='line_1_48' title="bbox 5 1536 305 1574; baseline 0.017 -13"><span class='ocrx_word' id='word_1_309' title='bbox 5 1537 54 1571; x_wconf 75' lang='grc' dir='ltr'>τῆς</span> <span class='ocrx_word' id='word_1_310' title='bbox 68 1536 287 1574; x_wconf 83' lang='grc' dir='ltr'>είδωλολατρείας</span> <span class='ocrx_word' id='word_1_311' title='bbox 298 1548 305 1572; x_wconf 83' lang='lat'><strong>;</strong></span> 
     </span>
    </p>
   </div>
   <div class='ocr_carea' id='block_1_49' title="bbox 41 1583 797 1624">
    <p class='ocr_par' dir='ltr' id='par_1_49' title="bbox 41 1583 797 1624">
     <span class='ocr_line' id='line_1_49' title="bbox 41 1583 797 1624; baseline 0.009 -15"><span class='ocrx_word' id='word_1_312' title='bbox 41 1583 85 1610; x_wconf 89' lang='lat'><strong>11.</strong></span> <span class='ocrx_word' id='word_1_313' title='bbox 94 1583 150 1610; x_wconf 71' lang='grc' dir='ltr'>Καὶ</span> <span class='ocrx_word' id='word_1_314' title='bbox 162 1584 250 1619; x_wconf 84' lang='grc' dir='ltr'>ὑμεῖς,</span> <span class='ocrx_word' id='word_1_315' title='bbox 262 1586 286 1611; x_wconf 80' lang='lat' dir='ltr'><strong>ot</strong></span> <span class='ocrx_word' id='word_1_316' title='bbox 298 1587 446 1622; x_wconf 77' lang='grc' dir='ltr'>προφῆται,</span> <span class='ocrx_word' id='word_1_317' title='bbox 460 1588 500 1615; x_wconf 81' lang='grc' dir='ltr'>ὅτι</span> <span class='ocrx_word' id='word_1_318' title='bbox 516 1588 601 1621; x_wconf 71' lang='grc' dir='ltr'>οὕτως</span> <span class='ocrx_word' id='word_1_319' title='bbox 612 1589 779 1623; x_wconf 76' lang='grc' dir='ltr'>ἀγαλλιᾶσθε</span> <span class='ocrx_word' id='word_1_320' title='bbox 790 1599 797 1624; x_wconf 89' lang='grc'><strong>;</strong></span> 
     </span>
    </p>
   </div>
   <div class='ocr_carea' id='block_1_50' title="bbox 40 1630 798 1671">
    <p class='ocr_par' dir='ltr' id='par_1_50' title="bbox 40 1630 798 1671">
     <span class='ocr_line' id='line_1_50' title="bbox 40 1630 798 1671; baseline 0.011 -16"><span class='ocrx_word' id='word_1_321' title='bbox 40 1630 83 1656; x_wconf 73' lang='grc'>12.</span> <span class='ocrx_word' id='word_1_322' title='bbox 101 1630 217 1666; x_wconf 75' lang='grc' dir='ltr'>Ὁμοίως</span> <span class='ocrx_word' id='word_1_323' title='bbox 239 1632 285 1658; x_wconf 75' lang='grc' dir='ltr'><strong>καὶ</strong></span> <span class='ocrx_word' id='word_1_324' title='bbox 306 1633 396 1669; x_wconf 77' lang='grc' dir='ltr'>ὑμεῖς,</span> <span class='ocrx_word' id='word_1_325' title='bbox 417 1635 441 1660; x_wconf 87' lang='grc' dir='ltr'>οἰ</span> <span class='ocrx_word' id='word_1_326' title='bbox 453 1635 484 1661; x_wconf 81' lang='grc' dir='ltr'><strong>ἐκ</strong></span> <span class='ocrx_word' id='word_1_327' title='bbox 499 1635 552 1661; x_wconf 81' lang='grc' dir='ltr'><strong>τῶν</strong></span> <span class='ocrx_word' id='word_1_328' title='bbox 566 1636 713 1671; x_wconf 82' lang='grc' dir='ltr'>προφητῶν</span> <span class='ocrx_word' id='word_1_329' title='bbox 729 1637 798 1663; x_wconf 83' lang='grc' dir='ltr'><strong>ά.πό-</strong></span> 
     </span>
    </p>
   </div>
   <div class='ocr_carea' id='block_1_51' title="bbox 7 1674 393 1712">
    <p class='ocr_par' dir='ltr' id='par_1_51' title="bbox 7 1674 393 1712">
     <span class='ocr_line' id='line_1_51' title="bbox 7 1674 393 1712; baseline 0.018 -14"><span class='ocrx_word' id='word_1_330' title='bbox 7 1674 105 1706; x_wconf 80' lang='grc' dir='ltr'>στολοι,</span> <span class='ocrx_word' id='word_1_331' title='bbox 125 1675 152 1701; x_wconf 84' lang='grc' dir='ltr'><strong>τί</strong></span> <span class='ocrx_word' id='word_1_332' title='bbox 168 1675 255 1708; x_wconf 83' lang='grc' dir='ltr'>οὕτως</span> <span class='ocrx_word' id='word_1_333' title='bbox 267 1677 393 1712; x_wconf 83' lang='grc' dir='ltr'>χαίρετε;</span> 
     </span>
    </p>
   </div>
   <div class='ocr_carea' id='block_1_52' title="bbox 41 1720 798 1764">
    <p class='ocr_par' dir='ltr' id='par_1_52' title="bbox 41 1720 798 1764">
     <span class='ocr_line' id='line_1_52' title="bbox 41 1720 798 1764; baseline 0.012 -18"><span class='ocrx_word' id='word_1_334' title='bbox 41 1720 85 1747; x_wconf 83' lang='grc'>15.</span> <span class='ocrx_word' id='word_1_335' title='bbox 107 1721 190 1756; x_wconf 74' lang='grc' dir='ltr'>Ὁμοῦ</span> <span class='ocrx_word' id='word_1_336' title='bbox 212 1722 240 1748; x_wconf 83' lang='grc' dir='ltr'><strong>δὲ</strong></span> <span class='ocrx_word' id='word_1_337' title='bbox 258 1723 358 1756; x_wconf 85' lang='grc' dir='ltr'>πάντες</span> <span class='ocrx_word' id='word_1_338' title='bbox 384 1725 625 1764; x_wconf 80' lang='grc' dir='ltr'>ἀποκρίνονται·ἡ</span> <span class='ocrx_word' id='word_1_339' title='bbox 649 1727 698 1763; x_wconf 79' lang='grc' dir='ltr'>μὲν</span> <span class='ocrx_word' id='word_1_340' title='bbox 721 1728 798 1755; x_wconf 78' lang='grc' dir='ltr'>εἰδω-</span> 
     </span>
    </p>
   </div>
   <div class='ocr_carea' id='block_1_53' title="bbox 6 1766 795 1810">
    <p class='ocr_par' dir='ltr' id='par_1_53' title="bbox 6 1766 795 1810">
     <span class='ocr_line' id='line_1_53' title="bbox 6 1766 795 1810; baseline 0.013 -18"><span class='ocrx_word' id='word_1_341' title='bbox 6 1766 146 1803; x_wconf 82' lang='grc' dir='ltr'>λολατρεία</span> <span class='ocrx_word' id='word_1_342' title='bbox 156 1769 357 1806; x_wconf 80' lang='grc' dir='ltr'>ἀποδυρομένη,</span> <span class='ocrx_word' id='word_1_343' title='bbox 367 1771 403 1798; x_wconf 84' lang='grc' dir='ltr'>τὰ</span> <span class='ocrx_word' id='word_1_344' title='bbox 415 1772 444 1798; x_wconf 86' lang='grc' dir='ltr'><strong>δὲ</strong></span> <span class='ocrx_word' id='word_1_345' title='bbox 460 1772 533 1808; x_wconf 78' lang='grc' dir='ltr'>ἔθνη,</span> <span class='ocrx_word' id='word_1_346' title='bbox 547 1773 593 1800; x_wconf 79' lang='grc' dir='ltr'><strong>καὶ</strong></span> <span class='ocrx_word' id='word_1_347' title='bbox 611 1774 635 1800; x_wconf 74' lang='grc' dir='ltr'>οἱ</span> <span class='ocrx_word' id='word_1_348' title='bbox 646 1775 795 1810; x_wconf 80' lang='grc' dir='ltr'>προφῆται,</span> 
     </span>
    </p>
   </div>
   <div class='ocr_carea' id='block_1_54' title="bbox 7 1814 796 1857">
    <p class='ocr_par' dir='ltr' id='par_1_54' title="bbox 7 1814 796 1857">
     <span class='ocr_line' id='line_1_54' title="bbox 7 1814 796 1857; baseline 0.013 -17"><span class='ocrx_word' id='word_1_349' title='bbox 7 1814 50 1840; x_wconf 76' lang='grc' dir='ltr'><strong>καὶ</strong></span> <span class='ocrx_word' id='word_1_350' title='bbox 64 1816 88 1841; x_wconf 79' lang='grc' dir='ltr'>οἱ</span> <span class='ocrx_word' id='word_1_351' title='bbox 104 1815 248 1843; x_wconf 77' lang='grc' dir='ltr'>ἀπόστολοι</span> <span class='ocrx_word' id='word_1_352' title='bbox 265 1817 406 1853; x_wconf 83' lang='grc' dir='ltr'>χαίροντες</span> <span class='ocrx_word' id='word_1_353' title='bbox 422 1819 532 1854; x_wconf 82' lang='grc' dir='ltr'>βοῶσιν,</span> <span class='ocrx_word' id='word_1_354' title='bbox 543 1821 595 1853; x_wconf 80' lang='grc' dir='ltr'>ὅτι,</span> <span class='ocrx_word' id='word_1_355' title='bbox 608 1822 738 1857; x_wconf 73' lang='grc' dir='ltr'>ὀφθέντος</span> <span class='ocrx_word' id='word_1_356' title='bbox 749 1823 796 1850; x_wconf 73' lang='grc' dir='ltr'>τοῦ</span> 
     </span>
    </p>
   </div>
   <div class='ocr_carea' id='block_1_55' title="bbox 7 1859 796 1904">
    <p class='ocr_par' dir='ltr' id='par_1_55' title="bbox 7 1859 796 1904">
     <span class='ocr_line' id='line_1_55' title="bbox 7 1859 796 1904; baseline 0.014 -19"><span class='ocrx_word' id='word_1_357' title='bbox 7 1859 71 1886; x_wconf 77' lang='grc' dir='ltr'>Θεοῦ</span> <span class='ocrx_word' id='word_1_358' title='bbox 86 1861 132 1887; x_wconf 78' lang='grc' dir='ltr'><strong>ὲπὶ</strong></span> <span class='ocrx_word' id='word_1_359' title='bbox 151 1862 200 1897; x_wconf 82' lang='grc' dir='ltr'>τῆς</span> <span class='ocrx_word' id='word_1_360' title='bbox 217 1863 279 1898; x_wconf 78' lang='grc' dir='ltr'>γῆς,</span> <span class='ocrx_word' id='word_1_361' title='bbox 296 1864 396 1897; x_wconf 86' lang='grc' dir='ltr'>πάντες</span> <span class='ocrx_word' id='word_1_362' title='bbox 418 1866 602 1902; x_wconf 83' lang='grc' dir='ltr'>μετετέθησαν</span> <span class='ocrx_word' id='word_1_363' title='bbox 618 1869 658 1900; x_wconf 82' lang='grc' dir='ltr'><strong>είς</strong></span> <span class='ocrx_word' id='word_1_364' title='bbox 672 1868 722 1904; x_wconf 81' lang='grc' dir='ltr'><strong>τὴν</strong></span> <span class='ocrx_word' id='word_1_365' title='bbox 737 1870 796 1896; x_wconf 81' lang='grc' dir='ltr'>ἐπί-</span> 
     </span>
    </p>
   </div>
   <div class='ocr_carea' id='block_1_56' title="bbox 7 1908 214 1939">
    <p class='ocr_par' dir='ltr' id='par_1_56' title="bbox 7 1908 214 1939">
     <span class='ocr_line' id='line_1_56' title="bbox 7 1908 214 1939; baseline 0.014 -7"><span class='ocrx_word' id='word_1_366' title='bbox 7 1913 104 1939; x_wconf 85' lang='grc' dir='ltr'>γνωσιν</span> <span class='ocrx_word' id='word_1_367' title='bbox 119 1908 214 1935; x_wconf 75' lang='grc' dir='ltr'>αὑτοῦ.</span> 
     </span>
    </p>
   </div>
   <div class='ocr_carea' id='block_1_57' title="bbox 40 1952 793 1996">
    <p class='ocr_par' dir='ltr' id='par_1_57' title="bbox 40 1952 793 1996">
     <span class='ocr_line' id='line_1_57' title="bbox 40 1952 793 1996; baseline 0.011 -17"><span class='ocrx_word' id='word_1_368' title='bbox 40 1952 83 1980; x_wconf 62' lang='grc'><strong>14.</strong></span> <span class='ocrx_word' id='word_1_369' title='bbox 98 1953 164 1980; x_wconf 77' lang='grc' dir='ltr'>Ἀπὸ</span> <span class='ocrx_word' id='word_1_370' title='bbox 177 1954 228 1989; x_wconf 82' lang='grc' dir='ltr'>τῆς</span> <span class='ocrx_word' id='word_1_371' title='bbox 241 1955 392 1990; x_wconf 78' lang='grc' dir='ltr'>παρουσίας</span> <span class='ocrx_word' id='word_1_372' title='bbox 403 1957 450 1984; x_wconf 85' lang='grc' dir='ltr'>τοῦ</span> <span class='ocrx_word' id='word_1_373' title='bbox 464 1957 532 1984; x_wconf 83' lang='grc' dir='ltr'>Θεοῦ</span> <span class='ocrx_word' id='word_1_374' title='bbox 548 1959 732 1994; x_wconf 66' lang='grc' dir='ltr'>κηρυχθέντος</span> <span class='ocrx_word' id='word_1_375' title='bbox 745 1960 793 1996; x_wconf 81' lang='lat'><strong>(5)-</strong></span> 
     </span>
    </p>
   </div>
   <div class='ocr_carea' id='block_1_58' title="bbox 13 1997 484 2036">
    <p class='ocr_par' dir='ltr' id='par_1_58' title="bbox 13 1997 484 2036">
     <span class='ocr_line' id='line_1_58' title="bbox 13 1997 484 2036; baseline 0.013 -13"><span class='ocrx_word' id='word_1_376' title='bbox 13 1997 115 2024; x_wconf 83' lang='grc' dir='ltr'>Ἰακὼό</span> <span class='ocrx_word' id='word_1_377' title='bbox 128 1999 182 2034; x_wconf 85' lang='grc' dir='ltr'>γὰρ</span> <span class='ocrx_word' id='word_1_378' title='bbox 199 2000 382 2035; x_wconf 78' lang='grc' dir='ltr'>ἑρμηνεύεται</span> <span class='ocrx_word' id='word_1_379' title='bbox 396 2002 484 2036; x_wconf 79' lang='grc' dir='ltr'>ἀκοή.</span> 
     </span>
    </p>
   </div>
   <div class='ocr_carea' id='block_1_59' title="bbox 39 2044 794 2085">
    <p class='ocr_par' dir='ltr' id='par_1_59' title="bbox 39 2044 794 2085">
     <span class='ocr_line' id='line_1_59' title="bbox 39 2044 794 2085; baseline 0.009 -15"><span class='ocrx_word' id='word_1_380' title='bbox 39 2044 83 2071; x_wconf 79' lang='lat'>15.</span> <span class='ocrx_word' id='word_1_381' title='bbox 105 2044 159 2071; x_wconf 72' lang='grc' dir='ltr'><strong>Τοῦ</strong></span> <span class='ocrx_word' id='word_1_382' title='bbox 190 2047 390 2081; x_wconf 72' lang='grc' dir='ltr'>μεταϐαλόντος</span> <span class='ocrx_word' id='word_1_383' title='bbox 419 2048 456 2083; x_wconf 62' lang='grc' dir='ltr'><strong>(ιι)</strong></span> <span class='ocrx_word' id='word_1_384' title='bbox 485 2048 533 2084; x_wconf 82' lang='grc' dir='ltr'><strong>τὴν</strong></span> <span class='ocrx_word' id='word_1_385' title='bbox 556 2048 658 2084; x_wconf 80' lang='grc' dir='ltr'>λιθίνην</span> <span class='ocrx_word' id='word_1_386' title='bbox 680 2050 794 2085; x_wconf 75' lang='grc' dir='ltr'>καρδίαν</span> 
     </span>
    </p>
   </div>
   <div class='ocr_carea' id='block_1_60' title="bbox 8 2090 794 2130">
    <p class='ocr_par' dir='ltr' id='par_1_60' title="bbox 8 2090 794 2130">
     <span class='ocr_line' id='line_1_60' title="bbox 8 2090 794 2130; baseline 0.009 -14"><span class='ocrx_word' id='word_1_387' title='bbox 8 2090 56 2116; x_wconf 80' lang='grc' dir='ltr'><strong>τῶν</strong></span> <span class='ocrx_word' id='word_1_388' title='bbox 68 2091 154 2118; x_wconf 83' lang='grc' dir='ltr'>ἐθνῶν</span> <span class='ocrx_word' id='word_1_389' title='bbox 169 2093 208 2124; x_wconf 78' lang='grc' dir='ltr'><strong>είς</strong></span> <span class='ocrx_word' id='word_1_390' title='bbox 220 2093 269 2129; x_wconf 83' lang='grc' dir='ltr'><strong>τὴν</strong></span> <span class='ocrx_word' id='word_1_391' title='bbox 282 2094 362 2129; x_wconf 78' lang='grc' dir='ltr'>χάριν</span> <span class='ocrx_word' id='word_1_392' title='bbox 373 2104 378 2109; x_wconf 92' lang='grc'><strong>·</strong></span> <span class='ocrx_word' id='word_1_393' title='bbox 388 2094 519 2127; x_wconf 82' lang='grc' dir='ltr'>Δυνατὸς</span> <span class='ocrx_word' id='word_1_394' title='bbox 530 2094 584 2129; x_wconf 80' lang='grc' dir='ltr'><strong>γάρ</strong></span> <span class='ocrx_word' id='word_1_395' title='bbox 595 2096 680 2122; x_wconf 76' lang='grc' dir='ltr'>ἐστιν</span> <span class='ocrx_word' id='word_1_396' title='bbox 688 2098 704 2123; x_wconf 83' lang='lat'><strong>0&#39;</strong></span> <span class='ocrx_word' id='word_1_397' title='bbox 712 2097 794 2130; x_wconf 72' lang='grc' dir='ltr'>Θεὸς,</span> 
     </span>
    </p>
   </div>
   <div class='ocr_carea' id='block_1_61' title="bbox 10 2136 794 2177">
    <p class='ocr_par' dir='ltr' id='par_1_61' title="bbox 10 2136 794 2177">
     <span class='ocr_line' id='line_1_61' title="bbox 10 2136 794 2177; baseline 0.009 -15"><span class='ocrx_word' id='word_1_398' title='bbox 10 2137 93 2169; x_wconf 76' lang='grc' dir='ltr'>καθὼς</span> <span class='ocrx_word' id='word_1_399' title='bbox 107 2136 183 2165; x_wconf 74' lang='grc' dir='ltr'>εἶπεν</span> <span class='ocrx_word' id='word_1_400' title='bbox 193 2138 346 2175; x_wconf 78' lang='grc' dir='ltr'>[Ὶωάννης,</span> <span class='ocrx_word' id='word_1_401' title='bbox 360 2141 463 2176; x_wconf 77' lang='grc' dir='ltr'>ἐγεῖραι</span> <span class='ocrx_word' id='word_1_402' title='bbox 474 2140 567 2177; x_wconf 78' lang='grc' dir='ltr'>τέκνα]</span> <span class='ocrx_word' id='word_1_403' title='bbox 580 2141 631 2177; x_wconf 81' lang='grc' dir='ltr'><strong>υἱῷ</strong></span> <span class='ocrx_word' id='word_1_404' title='bbox 640 2150 647 2156; x_wconf 90' lang='grc'><strong>·</strong></span> <span class='ocrx_word' id='word_1_405' title='bbox 658 2143 794 2177; x_wconf 62' lang='lat' dir='ltr'><strong>&quot;Ere-(por</strong></span> 
     </span>
    </p>
   </div>
   <div class='ocr_carea' id='block_1_62' title="bbox 8 2182 644 2220">
    <p class='ocr_par' dir='ltr' id='par_1_62' title="bbox 8 2182 644 2220">
     <span class='ocr_line' id='line_1_62' title="bbox 8 2182 644 2220; baseline 0.008 -12"><span class='ocrx_word' id='word_1_406' title='bbox 8 2182 93 2209; x_wconf 69' lang='grc' dir='ltr'>τέκνα</span> <span class='ocrx_word' id='word_1_407' title='bbox 106 2183 144 2216; x_wconf 83' lang='grc' dir='ltr'>τῷ</span> <span class='ocrx_word' id='word_1_408' title='bbox 161 2185 284 2220; x_wconf 72' lang='grc' dir='ltr'>Ἀϐραὰμ</span> <span class='ocrx_word' id='word_1_409' title='bbox 297 2185 332 2212; x_wconf 77' lang='grc' dir='ltr'>ἐκ</span> <span class='ocrx_word' id='word_1_410' title='bbox 345 2186 404 2213; x_wconf 83' lang='grc' dir='ltr'><strong>τῶν</strong></span> <span class='ocrx_word' id='word_1_411' title='bbox 415 2186 508 2213; x_wconf 77' lang='grc' dir='ltr'>λίθων</span> <span class='ocrx_word' id='word_1_412' title='bbox 520 2187 644 2213; x_wconf 81' lang='grc' dir='ltr'>τούτων.</span> 
     </span>
    </p>
   </div>
   <div class='ocr_carea' id='block_1_63' title="bbox 37 2229 793 2267">
    <p class='ocr_par' dir='ltr' id='par_1_63' title="bbox 37 2229 793 2267">
     <span class='ocr_line' id='line_1_63' title="bbox 37 2229 793 2267; baseline 0.007 -11"><span class='ocrx_word' id='word_1_413' title='bbox 37 2229 81 2257; x_wconf 84' lang='lat'>16.</span> <span class='ocrx_word' id='word_1_414' title='bbox 102 2231 158 2256; x_wconf 72' lang='grc' dir='ltr'>Καὶ</span> <span class='ocrx_word' id='word_1_415' title='bbox 179 2231 228 2266; x_wconf 85' lang='grc' dir='ltr'>τὴν</span> <span class='ocrx_word' id='word_1_416' title='bbox 251 2232 438 2267; x_wconf 80' lang='grc' dir='ltr'>σκληροτάτην</span> <span class='ocrx_word' id='word_1_417' title='bbox 455 2233 545 2260; x_wconf 80' lang='grc' dir='ltr'>αὐτῶν</span> <span class='ocrx_word' id='word_1_418' title='bbox 565 2233 686 2260; x_wconf 81' lang='grc' dir='ltr'>διάνοιαν</span> <span class='ocrx_word' id='word_1_419' title='bbox 703 2234 744 2266; x_wconf 84' lang='grc' dir='ltr'><strong>είς</strong></span> <span class='ocrx_word' id='word_1_420' title='bbox 759 2234 793 2261; x_wconf 84' lang='grc' dir='ltr'>τὰ</span> 
     </span>
    </p>
   </div>
   <div class='ocr_carea' id='block_1_64' title="bbox 8 2276 262 2311">
    <p class='ocr_par' dir='ltr' id='par_1_64' title="bbox 8 2276 262 2311">
     <span class='ocr_line' id='line_1_64' title="bbox 8 2276 262 2311; baseline 0.02 -11"><span class='ocrx_word' id='word_1_421' title='bbox 8 2276 157 2311; x_wconf 71' lang='grc' dir='ltr'>χαρίσματα</span> <span class='ocrx_word' id='word_1_422' title='bbox 171 2277 262 2305; x_wconf 75' lang='grc' dir='ltr'>αὐτοῦ.</span> 
     </span>
    </p>
   </div>
   <div class='ocr_carea' id='block_1_65' title="bbox 36 2323 719 2362">
    <p class='ocr_par' dir='ltr' id='par_1_65' title="bbox 36 2323 719 2362">
     <span class='ocr_line' id='line_1_65' title="bbox 36 2323 719 2362; baseline 0.007 -14"><span class='ocrx_word' id='word_1_423' title='bbox 36 2323 79 2349; x_wconf 88' lang='grc'><strong>17.</strong></span> <span class='ocrx_word' id='word_1_424' title='bbox 94 2323 149 2358; x_wconf 77' lang='grc' dir='ltr'>Οὐχ</span> <span class='ocrx_word' id='word_1_425' title='bbox 162 2324 199 2350; x_wconf 74' lang='grc' dir='ltr'><strong>ὅτ’</strong></span> <span class='ocrx_word' id='word_1_426' title='bbox 214 2324 283 2358; x_wconf 81' lang='grc' dir='ltr'>ἄξιοί</span> <span class='ocrx_word' id='word_1_427' title='bbox 300 2326 396 2361; x_wconf 79' lang='grc' dir='ltr'>ἐσμεν,</span> <span class='ocrx_word' id='word_1_428' title='bbox 408 2326 486 2353; x_wconf 81' lang='grc' dir='ltr'>τοῦτο</span> <span class='ocrx_word' id='word_1_429' title='bbox 503 2326 542 2362; x_wconf 82' lang='grc'><strong>(5)</strong></span> <span class='ocrx_word' id='word_1_430' title='bbox 556 2326 687 2361; x_wconf 81' lang='grc' dir='ltr'>ἐποίησας</span> <span class='ocrx_word' id='word_1_431' title='bbox 700 2328 719 2359; x_wconf 66' lang='grc' dir='ltr'><strong>’Ξ</strong></span> 
     </span>
    </p>
   </div>
   <div class='ocr_carea' id='block_1_66' title="bbox 37 2354 830 2408">
    <p class='ocr_par' dir='ltr' id='par_1_66' title="bbox 37 2354 830 2408">
     <span class='ocr_line' id='line_1_66' title="bbox 37 2354 830 2408; baseline 0.006 -13"><span class='ocrx_word' id='word_1_432' title='bbox 37 2369 80 2396; x_wconf 87' lang='grc'>18.</span> <span class='ocrx_word' id='word_1_433' title='bbox 101 2354 170 2396; x_wconf 77' lang='grc' dir='ltr'>Ἀλλ’</span> <span class='ocrx_word' id='word_1_434' title='bbox 186 2371 229 2397; x_wconf 86' lang='grc' dir='ltr'><strong>ἵνα</strong></span> <span class='ocrx_word' id='word_1_435' title='bbox 237 2354 354 2408; x_wconf 50' lang='grc' dir='ltr'>δοξασθῇ</span> <span class='ocrx_word' id='word_1_436' title='bbox 367 2354 397 2399; x_wconf 60' lang='grc' dir='ltr'><strong>το</strong></span> <span class='ocrx_word' id='word_1_437' title='bbox 411 2354 567 2408; x_wconf 41' lang='grc' dir='ltr'>ὅνομάισου,</span> <span class='ocrx_word' id='word_1_438' title='bbox 580 2354 788 2408; x_wconf 44' lang='grc' dir='ltr'>ὅτι-φιλάνθρω-</span> <span class='ocrx_word' id='word_1_439' title='bbox 807 2354 830 2381; x_wconf 82' lang='lat' dir='ltr'><strong>D</strong></span> 
     </span>
    </p>
   </div>
   <div class='ocr_carea' id='block_1_67' title="bbox 7 2415 301 2452">
    <p class='ocr_par' dir='ltr' id='par_1_67' title="bbox 7 2415 301 2452">
     <span class='ocr_line' id='line_1_67' title="bbox 7 2415 301 2452; baseline 0.014 -11"><span class='ocrx_word' id='word_1_440' title='bbox 7 2421 50 2446; x_wconf 72' lang='grc' dir='ltr'><strong>τος</strong></span> <span class='ocrx_word' id='word_1_441' title='bbox 63 2415 112 2442; x_wconf 77' lang='grc' dir='ltr'><strong>καὶ</strong></span> <span class='ocrx_word' id='word_1_442' title='bbox 128 2416 252 2452; x_wconf 75' lang='grc' dir='ltr'>ἐλεήμων</span> <span class='ocrx_word' id='word_1_443' title='bbox 269 2416 301 2445; x_wconf 80' lang='grc' dir='ltr'><strong>εἶ.</strong></span> 
     </span>
    </p>
   </div>
   <div class='ocr_carea' id='block_1_68' title="bbox 38 2461 684 2500">
    <p class='ocr_par' dir='ltr' id='par_1_68' title="bbox 38 2461 684 2500">
     <span class='ocr_line' id='line_1_68' title="bbox 38 2461 684 2500; baseline 0.008 -13"><span class='ocrx_word' id='word_1_444' title='bbox 38 2461 79 2488; x_wconf 87' lang='lat'>19.</span> <span class='ocrx_word' id='word_1_445' title='bbox 96 2461 146 2488; x_wconf 83' lang='grc' dir='ltr'>Διά</span> <span class='ocrx_word' id='word_1_446' title='bbox 161 2462 191 2488; x_wconf 85' lang='grc' dir='ltr'><strong>τὸ</strong></span> <span class='ocrx_word' id='word_1_447' title='bbox 207 2463 280 2494; x_wconf 81' lang='grc' dir='ltr'>ἔλεός</span> <span class='ocrx_word' id='word_1_448' title='bbox 296 2472 342 2490; x_wconf 88' lang='grc' dir='ltr'><strong>σου</strong></span> <span class='ocrx_word' id='word_1_449' title='bbox 355 2464 402 2491; x_wconf 78' lang='grc' dir='ltr'>καὶ</span> <span class='ocrx_word' id='word_1_450' title='bbox 416 2464 465 2500; x_wconf 78' lang='grc' dir='ltr'><strong>τήν</strong></span> <span class='ocrx_word' id='word_1_451' title='bbox 479 2464 609 2500; x_wconf 85' lang='grc' dir='ltr'>ἀλήθεάιν</span> <span class='ocrx_word' id='word_1_452' title='bbox 627 2473 684 2492; x_wconf 86' lang='grc' dir='ltr'>σου.</span> 
     </span>
    </p>
   </div>
   <div class='ocr_carea' id='block_1_69' title="bbox 36 2506 788 2546">
    <p class='ocr_par' dir='ltr' id='par_1_69' title="bbox 36 2506 788 2546">
     <span class='ocr_line' id='line_1_69' title="bbox 36 2506 788 2546; baseline 0.007 -13"><span class='ocrx_word' id='word_1_453' title='bbox 36 2506 79 2534; x_wconf 75' lang='grc'><strong>20.</strong></span> <span class='ocrx_word' id='word_1_454' title='bbox 94 2507 152 2534; x_wconf 86' lang='grc' dir='ltr'>Ἵνα</span> <span class='ocrx_word' id='word_1_455' title='bbox 170 2508 207 2544; x_wconf 85' lang='grc' dir='ltr'>μὴ</span> <span class='ocrx_word' id='word_1_456' title='bbox 223 2510 413 2545; x_wconf 78' lang='grc' dir='ltr'>καυχήσωνται</span> <span class='ocrx_word' id='word_1_457' title='bbox 426 2511 454 2537; x_wconf 82' lang='lat' dir='ltr'><strong>at</strong></span> <span class='ocrx_word' id='word_1_458' title='bbox 467 2511 586 2538; x_wconf 80' lang='grc' dir='ltr'>ἐναντίαι</span> <span class='ocrx_word' id='word_1_459' title='bbox 601 2511 730 2546; x_wconf 86' lang='grc' dir='ltr'>δυνάμεις</span> <span class='ocrx_word' id='word_1_460' title='bbox 741 2510 788 2538; x_wconf 80' lang='grc' dir='ltr'><strong>λέ-</strong></span> 
     </span>
    </p>
   </div>
   <div class='ocr_carea' id='block_1_70' title="bbox 8 2553 672 2592">
    <p class='ocr_par' dir='ltr' id='par_1_70' title="bbox 8 2553 672 2592">
     <span class='ocr_line' id='line_1_70' title="bbox 8 2553 672 2592; baseline 0.008 -14"><span class='ocrx_word' id='word_1_461' title='bbox 8 2559 94 2584; x_wconf 73' lang='grc' dir='ltr'>γουσαι</span> <span class='ocrx_word' id='word_1_462' title='bbox 105 2561 111 2568; x_wconf 92' lang='grc'><strong>·</strong></span> <span class='ocrx_word' id='word_1_463' title='bbox 127 2553 182 2580; x_wconf 85' lang='grc' dir='ltr'>Ποῦ</span> <span class='ocrx_word' id='word_1_464' title='bbox 199 2555 272 2581; x_wconf 76' lang='grc' dir='ltr'>ἐστιν</span> <span class='ocrx_word' id='word_1_465' title='bbox 285 2556 299 2582; x_wconf 80' lang='grc' dir='ltr'><strong>ὁ</strong></span> <span class='ocrx_word' id='word_1_466' title='bbox 311 2555 377 2587; x_wconf 83' lang='grc' dir='ltr'>Θεὸς</span> <span class='ocrx_word' id='word_1_467' title='bbox 390 2557 404 2582; x_wconf 88' lang='grc' dir='ltr'><strong>ὀ</strong></span> <span class='ocrx_word' id='word_1_468' title='bbox 421 2556 535 2592; x_wconf 82' lang='grc' dir='ltr'>ποιήσας</span> <span class='ocrx_word' id='word_1_469' title='bbox 552 2555 672 2589; x_wconf 82' lang='grc' dir='ltr'>αὑτούς;</span> 
     </span>
    </p>
   </div>
   <div class='ocr_carea' id='block_1_71' title="bbox 37 2619 274 2655">
    <p class='ocr_par' dir='ltr' id='par_1_71' title="bbox 37 2619 274 2655">
     <span class='ocr_line' id='line_1_71' title="bbox 37 2619 274 2655; baseline 0.013 -7"><span class='ocrx_word' id='word_1_470' title='bbox 37 2619 58 2636; x_wconf 72' lang='grc'><strong>⁴⁸</strong></span> <span class='ocrx_word' id='word_1_471' title='bbox 71 2621 167 2649; x_wconf 84' lang='lat' dir='ltr'><strong>Matth.</strong></span> <span class='ocrx_word' id='word_1_472' title='bbox 182 2629 224 2655; x_wconf 85' lang='lat' dir='ltr'><strong>In,</strong></span> <span class='ocrx_word' id='word_1_473' title='bbox 247 2623 274 2651; x_wconf 92' lang='lat'>9.</span> 
     </span>
    </p>
   </div>
   <div class='ocr_carea' id='block_1_72' title="bbox 886 1039 1643 1077">
    <p class='ocr_par' dir='ltr' id='par_1_72' title="bbox 886 1039 1643 1077">
     <span class='ocr_line' id='line_1_72' title="bbox 886 1039 1643 1077; baseline 0.015 -12"><span class='ocrx_word' id='word_1_474' title='bbox 886 1040 912 1066; x_wconf 89' lang='lat'>6.</span> <span class='ocrx_word' id='word_1_475' title='bbox 932 1039 1059 1066; x_wconf 77' lang='lat' dir='ltr'><strong>Jordam’s</strong></span> <span class='ocrx_word' id='word_1_476' title='bbox 1082 1041 1277 1077; x_wconf 83' lang='lat' dir='ltr'><strong>interpretatur</strong></span> <span class='ocrx_word' id='word_1_477' title='bbox 1292 1044 1319 1070; x_wconf 84' lang='lat' dir='ltr'><strong>in</strong></span> <span class='ocrx_word' id='word_1_478' title='bbox 1339 1050 1456 1073; x_wconf 72' lang='lat' dir='ltr'><strong>extremo</strong></span> <span class='ocrx_word' id='word_1_479' title='bbox 1469 1053 1479 1072; x_wconf 89' lang='lat'><em>:</em></span> <span class='ocrx_word' id='word_1_480' title='bbox 1493 1048 1643 1076; x_wconf 86' lang='lat' dir='ltr'><strong>multitudo</strong></span> 
     </span>
    </p>
   </div>
   <div class='ocr_carea' id='block_1_73' title="bbox 852 1085 1641 1123">
    <p class='ocr_par' dir='ltr' id='par_1_73' title="bbox 852 1085 1641 1123">
     <span class='ocr_line' id='line_1_73' title="bbox 852 1085 1641 1123; baseline 0.014 -12"><span class='ocrx_word' id='word_1_481' title='bbox 852 1085 936 1120; x_wconf 82' lang='lat' dir='ltr'><strong>igitur</strong></span> <span class='ocrx_word' id='word_1_482' title='bbox 953 1086 1073 1120; x_wconf 89' lang='lat' dir='ltr'><strong>gentium</strong></span> <span class='ocrx_word' id='word_1_483' title='bbox 1092 1088 1207 1116; x_wconf 88' lang='lat' dir='ltr'><strong>secessit</strong></span> <span class='ocrx_word' id='word_1_484' title='bbox 1225 1089 1260 1116; x_wconf 89' lang='lat' dir='ltr'><strong>ab</strong></span> <span class='ocrx_word' id='word_1_485' title='bbox 1283 1090 1448 1123; x_wconf 86' lang='lat' dir='ltr'><strong>idololatria,</strong></span> <span class='ocrx_word' id='word_1_486' title='bbox 1467 1098 1494 1120; x_wconf 88' lang='lat' dir='ltr'><strong>et</strong></span> <span class='ocrx_word' id='word_1_487' title='bbox 1516 1095 1590 1121; x_wconf 78' lang='lat' dir='ltr'><strong>venit</strong></span> <span class='ocrx_word' id='word_1_488' title='bbox 1606 1095 1641 1122; x_wconf 86' lang='lat' dir='ltr'><strong>ad</strong></span> 
     </span>
    </p>
   </div>
   <div class='ocr_carea' id='block_1_74' title="bbox 852 1132 1500 1167">
    <p class='ocr_par' dir='ltr' id='par_1_74' title="bbox 852 1132 1500 1167">
     <span class='ocr_line' id='line_1_74' title="bbox 852 1132 1500 1167; baseline 0.012 -9"><span class='ocrx_word' id='word_1_489' title='bbox 852 1132 992 1167; x_wconf 91' lang='lat' dir='ltr'><strong>antiquum</strong></span> <span class='ocrx_word' id='word_1_490' title='bbox 1012 1132 1168 1167; x_wconf 79' lang='lat' dir='ltr'><strong>Dominum,</strong></span> <span class='ocrx_word' id='word_1_491' title='bbox 1182 1140 1210 1163; x_wconf 83' lang='lat' dir='ltr'><strong>et</strong></span> <span class='ocrx_word' id='word_1_492' title='bbox 1224 1135 1382 1164; x_wconf 84' lang='lat' dir='ltr'><strong>Creatorem</strong></span> <span class='ocrx_word' id='word_1_493' title='bbox 1395 1137 1500 1166; x_wconf 80' lang='lat' dir='ltr'><strong>Jesum.</strong></span> 
     </span>
    </p>
   </div>
   <div class='ocr_carea' id='block_1_75' title="bbox 887 1222 1641 1259">
    <p class='ocr_par' dir='ltr' id='par_1_75' title="bbox 887 1222 1641 1259">
     <span class='ocr_line' id='line_1_75' title="bbox 887 1222 1641 1259; baseline 0.008 -9"><span class='ocrx_word' id='word_1_494' title='bbox 887 1223 913 1250; x_wconf 89' lang='lat'>7.</span> <span class='ocrx_word' id='word_1_495' title='bbox 934 1222 1077 1259; x_wconf 68' lang='lat' dir='ltr'><strong>Propheta:</strong></span> <span class='ocrx_word' id='word_1_496' title='bbox 1111 1225 1251 1252; x_wconf 86' lang='lat' dir='ltr'><strong>exsultant</strong></span> <span class='ocrx_word' id='word_1_497' title='bbox 1288 1225 1370 1253; x_wconf 84' lang='lat' dir='ltr'><strong>etiam</strong></span> <span class='ocrx_word' id='word_1_498' title='bbox 1398 1227 1426 1254; x_wconf 93' lang='lat' dir='ltr'><strong>in</strong></span> <span class='ocrx_word' id='word_1_499' title='bbox 1459 1229 1641 1257; x_wconf 79' lang='lat' dir='ltr'><strong>conversione</strong></span> 
     </span>
    </p>
   </div>
   <div class='ocr_carea' id='block_1_76' title="bbox 851 1269 988 1303">
    <p class='ocr_par' dir='ltr' id='par_1_76' title="bbox 851 1269 988 1303">
     <span class='ocr_line' id='line_1_76' title="bbox 851 1269 988 1303; baseline 0 -7"><span class='ocrx_word' id='word_1_500' title='bbox 851 1269 988 1303; x_wconf 78' lang='lat' dir='ltr'><strong>gentium:</strong></span> 
     </span>
    </p>
   </div>
   <div class='ocr_carea' id='block_1_77' title="bbox 885 1314 1642 1354">
    <p class='ocr_par' dir='ltr' id='par_1_77' title="bbox 885 1314 1642 1354">
     <span class='ocr_line' id='line_1_77' title="bbox 885 1314 1642 1354; baseline 0.008 -13"><span class='ocrx_word' id='word_1_501' title='bbox 885 1314 912 1342; x_wconf 92' lang='lat'>8.</span> <span class='ocrx_word' id='word_1_502' title='bbox 933 1314 966 1342; x_wconf 90' lang='lat' dir='ltr'><strong>Et</strong></span> <span class='ocrx_word' id='word_1_503' title='bbox 982 1315 1029 1350; x_wconf 88' lang='lat' dir='ltr'><strong>qui</strong></span> <span class='ocrx_word' id='word_1_504' title='bbox 1043 1323 1076 1342; x_wconf 87' lang='lat' dir='ltr'><strong>ex</strong></span> <span class='ocrx_word' id='word_1_505' title='bbox 1098 1316 1237 1351; x_wconf 88' lang='lat' dir='ltr'><strong>prophetis</strong></span> <span class='ocrx_word' id='word_1_506' title='bbox 1261 1317 1313 1344; x_wconf 90' lang='lat' dir='ltr'><strong>orti</strong></span> <span class='ocrx_word' id='word_1_507' title='bbox 1339 1322 1414 1351; x_wconf 89' lang='lat' dir='ltr'><strong>sunt,</strong></span> <span class='ocrx_word' id='word_1_508' title='bbox 1441 1318 1494 1346; x_wconf 87' lang='lat' dir='ltr'><strong>hoc</strong></span> <span class='ocrx_word' id='word_1_509' title='bbox 1508 1324 1551 1346; x_wconf 88' lang='lat' dir='ltr'><strong>est</strong></span> <span class='ocrx_word' id='word_1_510' title='bbox 1573 1327 1642 1354; x_wconf 86' lang='lat' dir='ltr'><strong>apo-</strong></span> 
     </span>
    </p>
   </div>
   <div class='ocr_carea' id='block_1_78' title="bbox 851 1360 1321 1389">
    <p class='ocr_par' dir='ltr' id='par_1_78' title="bbox 851 1360 1321 1389">
     <span class='ocr_line' id='line_1_78' title="bbox 851 1360 1321 1389; baseline 0.006 -3"><span class='ocrx_word' id='word_1_511' title='bbox 851 1360 911 1387; x_wconf 90' lang='lat' dir='ltr'><strong>stoli</strong></span> <span class='ocrx_word' id='word_1_512' title='bbox 929 1361 1000 1387; x_wconf 89' lang='lat' dir='ltr'><strong>sicut</strong></span> <span class='ocrx_word' id='word_1_513' title='bbox 1017 1361 1101 1388; x_wconf 80' lang='lat' dir='ltr'><strong>colles</strong></span> <span class='ocrx_word' id='word_1_514' title='bbox 1121 1368 1154 1388; x_wconf 81' lang='lat' dir='ltr'><strong>ex</strong></span> <span class='ocrx_word' id='word_1_515' title='bbox 1170 1362 1321 1389; x_wconf 88' lang='lat' dir='ltr'><strong>montibus.</strong></span> 
     </span>
    </p>
   </div>
   <div class='ocr_carea' id='block_1_79' title="bbox 886 1405 1641 1446">
    <p class='ocr_par' dir='ltr' id='par_1_79' title="bbox 886 1405 1641 1446">
     <span class='ocr_line' id='line_1_79' title="bbox 886 1405 1641 1446; baseline 0.008 -14"><span class='ocrx_word' id='word_1_516' title='bbox 886 1405 913 1433; x_wconf 89' lang='lat'>9.</span> <span class='ocrx_word' id='word_1_517' title='bbox 934 1405 1003 1439; x_wconf 89' lang='lat' dir='ltr'><strong>Quid</strong></span> <span class='ocrx_word' id='word_1_518' title='bbox 1029 1411 1072 1433; x_wconf 83' lang='lat' dir='ltr'><strong>est</strong></span> <span class='ocrx_word' id='word_1_519' title='bbox 1093 1407 1151 1439; x_wconf 82' lang='lat' dir='ltr'><strong>tibi.</strong></span> <span class='ocrx_word' id='word_1_520' title='bbox 1166 1407 1329 1441; x_wconf 84' lang='lat' dir='ltr'><strong>idololatria,</strong></span> <span class='ocrx_word' id='word_1_521' title='bbox 1348 1408 1421 1443; x_wconf 91' lang='lat' dir='ltr'><strong>quod</strong></span> <span class='ocrx_word' id='word_1_522' title='bbox 1445 1408 1549 1444; x_wconf 80' lang='lat' dir='ltr'><strong>fugisti,</strong></span> <span class='ocrx_word' id='word_1_523' title='bbox 1567 1410 1641 1446; x_wconf 86' lang='lat' dir='ltr'><strong>quod</strong></span> 
     </span>
    </p>
   </div>
   <div class='ocr_carea' id='block_1_80' title="bbox 850 1451 1261 1486">
    <p class='ocr_par' dir='ltr' id='par_1_80' title="bbox 850 1451 1261 1486">
     <span class='ocr_line' id='line_1_80' title="bbox 850 1451 1261 1486; baseline 0.002 -6"><span class='ocrx_word' id='word_1_524' title='bbox 850 1451 902 1480; x_wconf 82' lang='lat' dir='ltr'><strong>sub</strong></span> <span class='ocrx_word' id='word_1_525' title='bbox 915 1452 1055 1486; x_wconf 85' lang='lat' dir='ltr'><strong>prophetis</strong></span> <span class='ocrx_word' id='word_1_526' title='bbox 1071 1460 1126 1480; x_wconf 93' lang='lat' dir='ltr'><strong>non</strong></span> <span class='ocrx_word' id='word_1_527' title='bbox 1149 1453 1237 1481; x_wconf 80' lang='lat' dir='ltr'><strong>fecisti</strong></span> <span class='ocrx_word' id='word_1_528' title='bbox 1249 1454 1261 1481; x_wconf 88' lang='lat'><strong>?</strong></span> 
     </span>
    </p>
   </div>
   <div class='ocr_carea' id='block_1_81' title="bbox 886 1497 1643 1536">
    <p class='ocr_par' dir='ltr' id='par_1_81' title="bbox 886 1497 1643 1536">
     <span class='ocr_line' id='line_1_81' title="bbox 886 1497 1643 1536; baseline 0.009 -12"><span class='ocrx_word' id='word_1_529' title='bbox 886 1497 930 1524; x_wconf 89' lang='lat'>10.</span> <span class='ocrx_word' id='word_1_530' title='bbox 952 1497 985 1525; x_wconf 87' lang='lat' dir='ltr'><strong>Et</strong></span> <span class='ocrx_word' id='word_1_531' title='bbox 1000 1506 1060 1532; x_wconf 90' lang='lat' dir='ltr'><strong>vos,</strong></span> <span class='ocrx_word' id='word_1_532' title='bbox 1082 1504 1175 1534; x_wconf 80' lang='lat' dir='ltr'><strong>gentes</strong></span> <span class='ocrx_word' id='word_1_533' title='bbox 1193 1508 1298 1533; x_wconf 88' lang='lat' dir='ltr'><strong>omnes,</strong></span> <span class='ocrx_word' id='word_1_534' title='bbox 1323 1501 1396 1536; x_wconf 90' lang='lat' dir='ltr'><strong>quod</strong></span> <span class='ocrx_word' id='word_1_535' title='bbox 1414 1501 1588 1531; x_wconf 81' lang='lat' dir='ltr'><strong>abscessistis</strong></span> <span class='ocrx_word' id='word_1_536' title='bbox 1606 1503 1643 1531; x_wconf 84' lang='lat' dir='ltr'><strong>ab</strong></span> 
     </span>
    </p>
   </div>
   <div class='ocr_carea' id='block_1_82' title="bbox 850 1543 1027 1571">
    <p class='ocr_par' dir='ltr' id='par_1_82' title="bbox 850 1543 1027 1571">
     <span class='ocr_line' id='line_1_82' title="bbox 850 1543 1027 1571; baseline 0.006 -1"><span class='ocrx_word' id='word_1_537' title='bbox 850 1543 1003 1571; x_wconf 86' lang='lat' dir='ltr'><strong>idololatria</strong></span> <span class='ocrx_word' id='word_1_538' title='bbox 1016 1545 1027 1571; x_wconf 81' lang='lat'><strong>?</strong></span> 
     </span>
    </p>
   </div>
   <div class='ocr_carea' id='block_1_83' title="bbox 887 1589 1588 1629">
    <p class='ocr_par' dir='ltr' id='par_1_83' title="bbox 887 1589 1588 1629">
     <span class='ocr_line' id='line_1_83' title="bbox 887 1589 1588 1629; baseline 0.009 -13"><span class='ocrx_word' id='word_1_539' title='bbox 887 1590 931 1616; x_wconf 88' lang='lat'><strong>11.</strong></span> <span class='ocrx_word' id='word_1_540' title='bbox 954 1589 987 1616; x_wconf 86' lang='lat' dir='ltr'><strong>Et</strong></span> <span class='ocrx_word' id='word_1_541' title='bbox 1002 1598 1061 1620; x_wconf 81' lang='lat' dir='ltr'><strong>vos.</strong></span> <span class='ocrx_word' id='word_1_542' title='bbox 1074 1591 1223 1629; x_wconf 71' lang='lat' dir='ltr'><strong>prophetae,</strong></span> <span class='ocrx_word' id='word_1_543' title='bbox 1242 1592 1314 1627; x_wconf 91' lang='lat' dir='ltr'><strong>quod</strong></span> <span class='ocrx_word' id='word_1_544' title='bbox 1330 1593 1398 1621; x_wconf 85' lang='lat' dir='ltr'><strong>adeo</strong></span> <span class='ocrx_word' id='word_1_545' title='bbox 1413 1595 1588 1622; x_wconf 81' lang='lat' dir='ltr'><strong>exsultastis?</strong></span> 
     </span>
    </p>
   </div>
   <div class='ocr_carea' id='block_1_84' title="bbox 887 1635 1640 1675">
    <p class='ocr_par' dir='ltr' id='par_1_84' title="bbox 887 1635 1640 1675">
     <span class='ocr_line' id='line_1_84' title="bbox 887 1635 1640 1675; baseline 0.009 -13"><span class='ocrx_word' id='word_1_546' title='bbox 887 1636 930 1663; x_wconf 73' lang='lat'>12.</span> <span class='ocrx_word' id='word_1_547' title='bbox 951 1635 1082 1664; x_wconf 88' lang='lat' dir='ltr'><strong>Similiter</strong></span> <span class='ocrx_word' id='word_1_548' title='bbox 1104 1638 1186 1664; x_wconf 85' lang='lat' dir='ltr'><strong>etiam</strong></span> <span class='ocrx_word' id='word_1_549' title='bbox 1210 1646 1267 1671; x_wconf 73' lang='lat' dir='ltr'><strong>vos,</strong></span> <span class='ocrx_word' id='word_1_550' title='bbox 1286 1639 1333 1674; x_wconf 88' lang='lat' dir='ltr'><strong>qui</strong></span> <span class='ocrx_word' id='word_1_551' title='bbox 1355 1647 1387 1667; x_wconf 84' lang='lat' dir='ltr'><strong>ex</strong></span> <span class='ocrx_word' id='word_1_552' title='bbox 1412 1641 1553 1675; x_wconf 82' lang='lat' dir='ltr'><strong>prophetis</strong></span> <span class='ocrx_word' id='word_1_553' title='bbox 1573 1642 1640 1669; x_wconf 85' lang='lat' dir='ltr'><strong>estis</strong></span> 
     </span>
    </p>
   </div>
   <div class='ocr_carea' id='block_1_85' title="bbox 790 1681 1260 1717">
    <p class='ocr_par' dir='ltr' id='par_1_85' title="bbox 790 1681 1260 1717">
     <span class='ocr_line' id='line_1_85' title="bbox 790 1681 1260 1717; baseline 0.004 -9"><span class='ocrx_word' id='word_1_554' title='bbox 790 1690 792 1692; x_wconf 94' lang='grc'><strong>·</strong></span> <span class='ocrx_word' id='word_1_555' title='bbox 811 1681 834 1712; x_wconf 89' lang='lat' dir='ltr'><strong>C</strong></span> <span class='ocrx_word' id='word_1_556' title='bbox 850 1682 978 1716; x_wconf 84' lang='lat' dir='ltr'><strong>apostoli,</strong></span> <span class='ocrx_word' id='word_1_557' title='bbox 993 1690 1042 1709; x_wconf 92' lang='lat' dir='ltr'><strong>cur</strong></span> <span class='ocrx_word' id='word_1_558' title='bbox 1057 1683 1094 1710; x_wconf 84' lang='lat' dir='ltr'><strong>ita</strong></span> <span class='ocrx_word' id='word_1_559' title='bbox 1115 1683 1260 1717; x_wconf 80' lang='lat' dir='ltr'><strong>gaudetis?</strong></span> 
     </span>
    </p>
   </div>
   <div class='ocr_carea' id='block_1_86' title="bbox 883 1728 1638 1767">
    <p class='ocr_par' dir='ltr' id='par_1_86' title="bbox 883 1728 1638 1767">
     <span class='ocr_line' id='line_1_86' title="bbox 883 1728 1638 1767; baseline 0.007 -13"><span class='ocrx_word' id='word_1_560' title='bbox 883 1728 927 1755; x_wconf 78' lang='lat'>15.</span> <span class='ocrx_word' id='word_1_561' title='bbox 950 1728 1037 1755; x_wconf 86' lang='lat' dir='ltr'><strong>Simul</strong></span> <span class='ocrx_word' id='word_1_562' title='bbox 1061 1736 1157 1756; x_wconf 87' lang='lat' dir='ltr'><strong>omnes</strong></span> <span class='ocrx_word' id='word_1_563' title='bbox 1184 1730 1372 1764; x_wconf 86' lang='lat' dir='ltr'><strong>respondent:</strong></span> <span class='ocrx_word' id='word_1_564' title='bbox 1401 1731 1553 1759; x_wconf 86' lang='lat' dir='ltr'><strong>idololatria</strong></span> <span class='ocrx_word' id='word_1_565' title='bbox 1576 1732 1638 1767; x_wconf 91' lang='lat' dir='ltr'><strong>qui-</strong></span> 
     </span>
    </p>
   </div>
   <div class='ocr_carea' id='block_1_87' title="bbox 847 1773 1640 1812">
    <p class='ocr_par' dir='ltr' id='par_1_87' title="bbox 847 1773 1640 1812">
     <span class='ocr_line' id='line_1_87' title="bbox 847 1773 1640 1812; baseline 0.005 -12"><span class='ocrx_word' id='word_1_566' title='bbox 847 1773 908 1801; x_wconf 85' lang='lat' dir='ltr'><strong>dem</strong></span> <span class='ocrx_word' id='word_1_567' title='bbox 935 1774 1105 1806; x_wconf 87' lang='lat' dir='ltr'><strong>lamentans,</strong></span> <span class='ocrx_word' id='word_1_568' title='bbox 1135 1780 1228 1809; x_wconf 85' lang='lat' dir='ltr'><strong>gentes</strong></span> <span class='ocrx_word' id='word_1_569' title='bbox 1258 1782 1360 1807; x_wconf 75' lang='lat' dir='ltr'><strong>autem.</strong></span> <span class='ocrx_word' id='word_1_570' title='bbox 1385 1780 1412 1803; x_wconf 84' lang='lat' dir='ltr'><strong>et</strong></span> <span class='ocrx_word' id='word_1_571' title='bbox 1440 1777 1588 1812; x_wconf 78' lang='lat' dir='ltr'><strong>prophetae,</strong></span> <span class='ocrx_word' id='word_1_572' title='bbox 1613 1782 1640 1804; x_wconf 86' lang='lat' dir='ltr'><strong>et</strong></span> 
     </span>
    </p>
   </div>
   <div class='ocr_carea' id='block_1_88' title="bbox 847 1820 1640 1856">
    <p class='ocr_par' dir='ltr' id='par_1_88' title="bbox 847 1820 1640 1856">
     <span class='ocr_line' id='line_1_88' title="bbox 847 1820 1640 1856; baseline 0.004 -10"><span class='ocrx_word' id='word_1_573' title='bbox 847 1820 964 1854; x_wconf 85' lang='lat' dir='ltr'><strong>apostoli</strong></span> <span class='ocrx_word' id='word_1_574' title='bbox 989 1820 1138 1855; x_wconf 76' lang='lat' dir='ltr'><strong>gaudentes</strong></span> <span class='ocrx_word' id='word_1_575' title='bbox 1167 1820 1299 1854; x_wconf 78' lang='lat' dir='ltr'><strong>clamant,</strong></span> <span class='ocrx_word' id='word_1_576' title='bbox 1328 1821 1470 1856; x_wconf 85' lang='lat' dir='ltr'><strong>quoniam,</strong></span> <span class='ocrx_word' id='word_1_577' title='bbox 1491 1827 1640 1856; x_wconf 81' lang='lat' dir='ltr'><strong>apparente</strong></span> 
     </span>
    </p>
   </div>
   <div class='ocr_carea' id='block_1_89' title="bbox 847 1866 1639 1903">
    <p class='ocr_par' dir='ltr' id='par_1_89' title="bbox 847 1866 1639 1903">
     <span class='ocr_line' id='line_1_89' title="bbox 847 1866 1639 1903; baseline 0.003 -10"><span class='ocrx_word' id='word_1_578' title='bbox 847 1866 904 1893; x_wconf 92' lang='lat' dir='ltr'><strong>Deo</strong></span> <span class='ocrx_word' id='word_1_579' title='bbox 929 1867 955 1894; x_wconf 95' lang='lat' dir='ltr'><strong>in</strong></span> <span class='ocrx_word' id='word_1_580' title='bbox 975 1870 1057 1898; x_wconf 83' lang='lat' dir='ltr'><strong>terra,</strong></span> <span class='ocrx_word' id='word_1_581' title='bbox 1076 1875 1171 1894; x_wconf 90' lang='lat' dir='ltr'><strong>omnes</strong></span> <span class='ocrx_word' id='word_1_582' title='bbox 1195 1867 1319 1894; x_wconf 84' lang='lat' dir='ltr'><strong>translati</strong></span> <span class='ocrx_word' id='word_1_583' title='bbox 1336 1873 1400 1895; x_wconf 90' lang='lat' dir='ltr'><strong>sunt</strong></span> <span class='ocrx_word' id='word_1_584' title='bbox 1423 1868 1449 1895; x_wconf 96' lang='lat' dir='ltr'><strong>in</strong></span> <span class='ocrx_word' id='word_1_585' title='bbox 1467 1868 1527 1903; x_wconf 87' lang='lat' dir='ltr'><strong>ejus</strong></span> <span class='ocrx_word' id='word_1_586' title='bbox 1544 1868 1639 1903; x_wconf 81' lang='lat' dir='ltr'><strong>cogni-</strong></span> 
     </span>
    </p>
   </div>
   <div class='ocr_carea' id='block_1_90' title="bbox 848 1912 958 1939">
    <p class='ocr_par' dir='ltr' id='par_1_90' title="bbox 848 1912 958 1939">
     <span class='ocr_line' id='line_1_90' title="bbox 848 1912 958 1939; baseline 0.009 -2"><span class='ocrx_word' id='word_1_587' title='bbox 848 1912 958 1939; x_wconf 77' lang='lat' dir='ltr'><strong>tionem.</strong></span> 
     </span>
    </p>
   </div>
   <div class='ocr_carea' id='block_1_91' title="bbox 846 1956 1636 1994">
    <p class='ocr_par' dir='ltr' id='par_1_91' title="bbox 846 1956 1636 1994">
     <span class='ocr_line' id='line_1_91' title="bbox 846 1956 1636 1994; baseline 0.004 -11"><span class='ocrx_word' id='word_1_588' title='bbox 846 1991 851 1994; x_wconf 92' lang='lat'><em>_</em></span> <span class='ocrx_word' id='word_1_589' title='bbox 884 1957 927 1983; x_wconf 73' lang='lat'>14.</span> <span class='ocrx_word' id='word_1_590' title='bbox 945 1956 986 1983; x_wconf 86' lang='lat' dir='ltr'><strong>Ab</strong></span> <span class='ocrx_word' id='word_1_591' title='bbox 1001 1957 1117 1984; x_wconf 77' lang='lat' dir='ltr'><strong>adventu</strong></span> <span class='ocrx_word' id='word_1_592' title='bbox 1134 1957 1191 1990; x_wconf 88' lang='lat' dir='ltr'><strong>Dei,</strong></span> <span class='ocrx_word' id='word_1_593' title='bbox 1210 1957 1256 1992; x_wconf 85' lang='lat' dir='ltr'><strong>qui</strong></span> <span class='ocrx_word' id='word_1_594' title='bbox 1275 1958 1453 1985; x_wconf 81' lang='lat' dir='ltr'><strong>annuntiatus</strong></span> <span class='ocrx_word' id='word_1_595' title='bbox 1467 1963 1530 1986; x_wconf 87' lang='lat' dir='ltr'><strong>est:</strong></span> <span class='ocrx_word' id='word_1_596' title='bbox 1552 1958 1636 1986; x_wconf 80' lang='lat' dir='ltr'><strong>Jacob</strong></span> 
     </span>
    </p>
   </div>
   <div class='ocr_carea' id='block_1_92' title="bbox 847 2003 1267 2037">
    <p class='ocr_par' dir='ltr' id='par_1_92' title="bbox 847 2003 1267 2037">
     <span class='ocr_line' id='line_1_92' title="bbox 847 2003 1267 2037; baseline 0.002 -8"><span class='ocrx_word' id='word_1_597' title='bbox 847 2003 920 2029; x_wconf 88' lang='lat' dir='ltr'><strong>enim</strong></span> <span class='ocrx_word' id='word_1_598' title='bbox 942 2003 1138 2037; x_wconf 80' lang='lat' dir='ltr'><strong>interpretatur</strong></span> <span class='ocrx_word' id='word_1_599' title='bbox 1153 2004 1267 2031; x_wconf 81' lang='lat' dir='ltr'><strong>auditio.</strong></span> 
     </span>
    </p>
   </div>
   <div class='ocr_carea' id='block_1_93' title="bbox 845 2048 1636 2086">
    <p class='ocr_par' dir='ltr' id='par_1_93' title="bbox 845 2048 1636 2086">
     <span class='ocr_line' id='line_1_93' title="bbox 845 2048 1636 2086; baseline 0.005 -11"><span class='ocrx_word' id='word_1_600' title='bbox 845 2068 853 2083; x_wconf 39' lang='grc' dir='ltr'>ι</span> <span class='ocrx_word' id='word_1_601' title='bbox 883 2048 926 2075; x_wconf 78' lang='grc'>15.</span> <span class='ocrx_word' id='word_1_602' title='bbox 951 2048 1003 2082; x_wconf 86' lang='lat' dir='ltr'><strong>Qui</strong></span> <span class='ocrx_word' id='word_1_603' title='bbox 1030 2054 1196 2077; x_wconf 82' lang='lat' dir='ltr'><strong>transmutat</strong></span> <span class='ocrx_word' id='word_1_604' title='bbox 1227 2050 1334 2085; x_wconf 84' lang='lat' dir='ltr'><strong>lapidea</strong></span> <span class='ocrx_word' id='word_1_605' title='bbox 1357 2051 1478 2086; x_wconf 81' lang='lat' dir='ltr'><strong>gentium</strong></span> <span class='ocrx_word' id='word_1_606' title='bbox 1501 2052 1583 2079; x_wconf 88' lang='lat' dir='ltr'><strong>corda</strong></span> <span class='ocrx_word' id='word_1_607' title='bbox 1608 2052 1636 2078; x_wconf 92' lang='lat' dir='ltr'><strong>in</strong></span> 
     </span>
    </p>
   </div>
   <div class='ocr_carea' id='block_1_94' title="bbox 846 2095 1637 2131">
    <p class='ocr_par' dir='ltr' id='par_1_94' title="bbox 846 2095 1637 2131">
     <span class='ocr_line' id='line_1_94' title="bbox 846 2095 1637 2131; baseline 0.005 -10"><span class='ocrx_word' id='word_1_608' title='bbox 846 2096 961 2129; x_wconf 80' lang='lat' dir='ltr'><strong>gratiam</strong></span> <span class='ocrx_word' id='word_1_609' title='bbox 980 2104 985 2120; x_wconf 95' lang='lat'>:</span> <span class='ocrx_word' id='word_1_610' title='bbox 1003 2095 1135 2128; x_wconf 82' lang='lat' dir='ltr'><strong>Quoniam</strong></span> <span class='ocrx_word' id='word_1_611' title='bbox 1152 2101 1241 2130; x_wconf 81' lang='lat' dir='ltr'><strong>potens</strong></span> <span class='ocrx_word' id='word_1_612' title='bbox 1258 2101 1297 2123; x_wconf 84' lang='lat' dir='ltr'><strong>est</strong></span> <span class='ocrx_word' id='word_1_613' title='bbox 1311 2096 1391 2129; x_wconf 76' lang='lat' dir='ltr'><strong>Deus,</strong></span> <span class='ocrx_word' id='word_1_614' title='bbox 1407 2098 1637 2131; x_wconf 84' lang='lat' dir='ltr'><strong>quemadmodum</strong></span> 
     </span>
    </p>
   </div>
   <div class='ocr_carea' id='block_1_95' title="bbox 845 2140 1637 2179">
    <p class='ocr_par' dir='ltr' id='par_1_95' title="bbox 845 2140 1637 2179">
     <span class='ocr_line' id='line_1_95' title="bbox 845 2140 1637 2179; baseline 0.003 -11"><span class='ocrx_word' id='word_1_615' title='bbox 845 2141 913 2168; x_wconf 80' lang='lat' dir='ltr'><strong>dixit</strong></span> <span class='ocrx_word' id='word_1_616' title='bbox 925 2140 1064 2175; x_wconf 81' lang='lat' dir='ltr'><strong>Joannes,</strong></span> <span class='ocrx_word' id='word_1_617' title='bbox 1086 2143 1216 2169; x_wconf 78' lang='lat' dir='ltr'><strong>suscitare</strong></span> <span class='ocrx_word' id='word_1_618' title='bbox 1239 2143 1310 2178; x_wconf 78' lang='lat' dir='ltr'><strong>filios</strong></span> <span class='ocrx_word' id='word_1_619' title='bbox 1332 2143 1465 2170; x_wconf 79' lang='lat' dir='ltr'><strong>Abraham</strong></span> <span class='ocrx_word' id='word_1_620' title='bbox 1487 2145 1518 2170; x_wconf 86' lang='lat' dir='ltr'><strong>de</strong></span> <span class='ocrx_word' id='word_1_621' title='bbox 1538 2145 1637 2179; x_wconf 75' lang='lat' dir='ltr'><strong>lapidi-</strong></span> 
     </span>
    </p>
   </div>
   <div class='ocr_carea' id='block_1_96' title="bbox 846 2187 1024 2214">
    <p class='ocr_par' dir='ltr' id='par_1_96' title="bbox 846 2187 1024 2214">
     <span class='ocr_line' id='line_1_96' title="bbox 846 2187 1024 2214; baseline 0.011 -2"><span class='ocrx_word' id='word_1_622' title='bbox 846 2188 894 2213; x_wconf 81' lang='lat' dir='ltr'><strong>bus</strong></span> <span class='ocrx_word' id='word_1_623' title='bbox 910 2187 970 2214; x_wconf 74' lang='lat' dir='ltr'><strong>istis</strong></span> <span class='ocrx_word' id='word_1_624' title='bbox 990 2187 1024 2214; x_wconf 73' lang='grc'><strong>⁸³.</strong></span> 
     </span>
    </p>
   </div>
   <div class='ocr_carea' id='block_1_97' title="bbox 882 2232 1635 2270">
    <p class='ocr_par' dir='ltr' id='par_1_97' title="bbox 882 2232 1635 2270">
     <span class='ocr_line' id='line_1_97' title="bbox 882 2232 1635 2270; baseline 0.005 -11"><span class='ocrx_word' id='word_1_625' title='bbox 882 2232 925 2259; x_wconf 81' lang='lat'>16.</span> <span class='ocrx_word' id='word_1_626' title='bbox 948 2232 980 2260; x_wconf 85' lang='lat' dir='ltr'><strong>Et</strong></span> <span class='ocrx_word' id='word_1_627' title='bbox 995 2233 1171 2261; x_wconf 79' lang='lat' dir='ltr'><strong>durissimam</strong></span> <span class='ocrx_word' id='word_1_628' title='bbox 1181 2234 1290 2262; x_wconf 89' lang='lat' dir='ltr'><strong>illarum</strong></span> <span class='ocrx_word' id='word_1_629' title='bbox 1305 2239 1424 2262; x_wconf 85' lang='lat' dir='ltr'><strong>mentem</strong></span> <span class='ocrx_word' id='word_1_630' title='bbox 1438 2235 1464 2262; x_wconf 93' lang='lat' dir='ltr'><strong>in</strong></span> <span class='ocrx_word' id='word_1_631' title='bbox 1479 2235 1539 2270; x_wconf 82' lang='lat' dir='ltr'><strong>ejus</strong></span> <span class='ocrx_word' id='word_1_632' title='bbox 1552 2236 1635 2263; x_wconf 88' lang='lat' dir='ltr'><strong>dona.</strong></span> 
     </span>
    </p>
   </div>
   <div class='ocr_carea' id='block_1_98' title="bbox 881 2322 1551 2359">
    <p class='ocr_par' dir='ltr' id='par_1_98' title="bbox 881 2322 1551 2359">
     <span class='ocr_line' id='line_1_98' title="bbox 881 2322 1551 2359; baseline 0.004 -10"><span class='ocrx_word' id='word_1_633' title='bbox 881 2323 923 2351; x_wconf 82' lang='lat'>1&#39;].</span> <span class='ocrx_word' id='word_1_634' title='bbox 945 2322 1005 2350; x_wconf 91' lang='lat' dir='ltr'><strong>Non</strong></span> <span class='ocrx_word' id='word_1_635' title='bbox 1022 2324 1085 2358; x_wconf 89' lang='lat' dir='ltr'><strong>quia</strong></span> <span class='ocrx_word' id='word_1_636' title='bbox 1102 2331 1152 2351; x_wconf 89' lang='lat' dir='ltr'><strong>nos</strong></span> <span class='ocrx_word' id='word_1_637' title='bbox 1168 2324 1242 2359; x_wconf 81' lang='lat' dir='ltr'><strong>digni</strong></span> <span class='ocrx_word' id='word_1_638' title='bbox 1258 2325 1356 2358; x_wconf 89' lang='lat' dir='ltr'><strong>simus,</strong></span> <span class='ocrx_word' id='word_1_639' title='bbox 1370 2325 1422 2352; x_wconf 87' lang='lat' dir='ltr'><strong>hoc</strong></span> <span class='ocrx_word' id='word_1_640' title='bbox 1436 2324 1526 2352; x_wconf 87' lang='lat' dir='ltr'><strong>fecisti</strong></span> <span class='ocrx_word' id='word_1_641' title='bbox 1543 2334 1551 2352; x_wconf 94' lang='lat'><strong>:</strong></span> 
     </span>
    </p>
   </div>
   <div class='ocr_carea' id='block_1_99' title="bbox 880 2369 1636 2407">
    <p class='ocr_par' dir='ltr' id='par_1_99' title="bbox 880 2369 1636 2407">
     <span class='ocr_line' id='line_1_99' title="bbox 880 2369 1636 2407; baseline 0.004 -11"><span class='ocrx_word' id='word_1_642' title='bbox 880 2369 924 2396; x_wconf 89' lang='lat'>18.</span> <span class='ocrx_word' id='word_1_643' title='bbox 946 2369 999 2396; x_wconf 88' lang='lat' dir='ltr'><strong>Sed</strong></span> <span class='ocrx_word' id='word_1_644' title='bbox 1019 2374 1050 2397; x_wconf 92' lang='lat' dir='ltr'><strong>ut</strong></span> <span class='ocrx_word' id='word_1_645' title='bbox 1074 2370 1239 2404; x_wconf 84' lang='lat' dir='ltr'><strong>gloriticetur</strong></span> <span class='ocrx_word' id='word_1_646' title='bbox 1261 2379 1360 2399; x_wconf 90' lang='lat' dir='ltr'><strong>nomen</strong></span> <span class='ocrx_word' id='word_1_647' title='bbox 1388 2375 1476 2404; x_wconf 84' lang='lat' dir='ltr'><strong>tuum,</strong></span> <span class='ocrx_word' id='word_1_648' title='bbox 1505 2373 1636 2407; x_wconf 82' lang='lat' dir='ltr'><strong>quoniam</strong></span> 
     </span>
    </p>
   </div>
   <div class='ocr_carea' id='block_1_100' title="bbox 841 2415 1259 2450">
    <p class='ocr_par' dir='ltr' id='par_1_100' title="bbox 841 2415 1259 2450">
     <span class='ocr_line' id='line_1_100' title="bbox 841 2415 1259 2450; baseline 0.002 -8"><span class='ocrx_word' id='word_1_649' title='bbox 841 2415 975 2450; x_wconf 80' lang='lat' dir='ltr'><strong>benignus</strong></span> <span class='ocrx_word' id='word_1_650' title='bbox 991 2419 1018 2442; x_wconf 88' lang='lat' dir='ltr'><strong>et</strong></span> <span class='ocrx_word' id='word_1_651' title='bbox 1035 2416 1195 2443; x_wconf 90' lang='lat' dir='ltr'><strong>misericors</strong></span> <span class='ocrx_word' id='word_1_652' title='bbox 1220 2425 1259 2444; x_wconf 79' lang='lat' dir='ltr'><strong>es.</strong></span> 
     </span>
    </p>
   </div>
   <div class='ocr_carea' id='block_1_101' title="bbox 876 2461 1636 2497">
    <p class='ocr_par' dir='ltr' id='par_1_101' title="bbox 876 2461 1636 2497">
     <span class='ocr_line' id='line_1_101' title="bbox 876 2461 1636 2497; baseline 0.005 -8"><span class='ocrx_word' id='word_1_653' title='bbox 876 2462 919 2490; x_wconf 92' lang='lat'>19.</span> <span class='ocrx_word' id='word_1_654' title='bbox 931 2461 1045 2497; x_wconf 87' lang='lat' dir='ltr'><strong>Propter</strong></span> <span class='ocrx_word' id='word_1_655' title='bbox 1055 2462 1267 2490; x_wconf 76' lang='lat' dir='ltr'><strong>misericordiam</strong></span> <span class='ocrx_word' id='word_1_656' title='bbox 1279 2468 1352 2492; x_wconf 86' lang='lat' dir='ltr'><strong>tuam</strong></span> <span class='ocrx_word' id='word_1_657' title='bbox 1361 2469 1387 2492; x_wconf 90' lang='lat' dir='ltr'><strong>et</strong></span> <span class='ocrx_word' id='word_1_658' title='bbox 1398 2465 1536 2494; x_wconf 85' lang='lat' dir='ltr'><strong>veritatem</strong></span> <span class='ocrx_word' id='word_1_659' title='bbox 1550 2469 1636 2493; x_wconf 86' lang='lat' dir='ltr'><strong>tuam.</strong></span> 
     </span>
    </p>
   </div>
   <div class='ocr_carea' id='block_1_102' title="bbox 875 2507 1635 2545">
    <p class='ocr_par' dir='ltr' id='par_1_102' title="bbox 875 2507 1635 2545">
     <span class='ocr_line' id='line_1_102' title="bbox 875 2507 1635 2545; baseline 0.005 -10"><span class='ocrx_word' id='word_1_660' title='bbox 875 2509 920 2536; x_wconf 73' lang='lat'><strong>20.</strong></span> <span class='ocrx_word' id='word_1_661' title='bbox 941 2507 980 2535; x_wconf 88' lang='lat' dir='ltr'><strong>Ne</strong></span> <span class='ocrx_word' id='word_1_662' title='bbox 1002 2509 1154 2543; x_wconf 82' lang='lat' dir='ltr'><strong>glorientur</strong></span> <span class='ocrx_word' id='word_1_663' title='bbox 1179 2509 1343 2538; x_wconf 65' lang='lat' dir='ltr'><strong>adversaria:</strong></span> <span class='ocrx_word' id='word_1_664' title='bbox 1367 2516 1516 2545; x_wconf 85' lang='lat' dir='ltr'><strong>potestates</strong></span> <span class='ocrx_word' id='word_1_665' title='bbox 1540 2512 1635 2539; x_wconf 87' lang='lat' dir='ltr'><strong>dicen-</strong></span> 
     </span>
    </p>
   </div>
   <div class='ocr_carea' id='block_1_103' title="bbox 841 2555 1331 2590">
    <p class='ocr_par' dir='ltr' id='par_1_103' title="bbox 841 2555 1331 2590">
     <span class='ocr_line' id='line_1_103' title="bbox 841 2555 1331 2590; baseline 0.002 -7"><span class='ocrx_word' id='word_1_666' title='bbox 841 2559 900 2583; x_wconf 82' lang='lat' dir='ltr'><strong>tes:</strong></span> <span class='ocrx_word' id='word_1_667' title='bbox 919 2555 965 2582; x_wconf 90' lang='lat' dir='ltr'><strong>ubi</strong></span> <span class='ocrx_word' id='word_1_668' title='bbox 981 2559 1022 2582; x_wconf 85' lang='lat' dir='ltr'><strong>est</strong></span> <span class='ocrx_word' id='word_1_669' title='bbox 1034 2555 1106 2583; x_wconf 88' lang='lat' dir='ltr'><strong>Deus</strong></span> <span class='ocrx_word' id='word_1_670' title='bbox 1121 2555 1168 2590; x_wconf 90' lang='lat' dir='ltr'><strong>qui</strong></span> <span class='ocrx_word' id='word_1_671' title='bbox 1188 2555 1252 2583; x_wconf 87' lang='lat' dir='ltr'><strong>fecit</strong></span> <span class='ocrx_word' id='word_1_672' title='bbox 1265 2556 1331 2584; x_wconf 76' lang='lat' dir='ltr'><strong>eos?</strong></span> 
     </span>
    </p>
   </div>
   <div class='ocr_carea' id='block_1_104' title="bbox 477 2669 1151 2710">
    <p class='ocr_par' dir='ltr' id='par_1_104' title="bbox 477 2669 1151 2710">
     <span class='ocr_line' id='line_1_104' title="bbox 477 2669 1151 2710; baseline 0.001 -10"><span class='ocrx_word' id='word_1_673' title='bbox 477 2671 628 2702; x_wconf 79' lang='lat' dir='ltr'><strong>Addenda</strong></span> <span class='ocrx_word' id='word_1_674' title='bbox 647 2675 676 2702; x_wconf 91' lang='lat' dir='ltr'><strong>et</strong></span> <span class='ocrx_word' id='word_1_675' title='bbox 692 2669 881 2710; x_wconf 80' lang='lat' dir='ltr'><strong>corrigenda</strong></span> <span class='ocrx_word' id='word_1_676' title='bbox 903 2678 942 2700; x_wconf 80' lang='lat' dir='ltr'><strong>ex</strong></span> <span class='ocrx_word' id='word_1_677' title='bbox 961 2669 1031 2700; x_wconf 88' lang='lat' dir='ltr'><strong>cod.</strong></span> <span class='ocrx_word' id='word_1_678' title='bbox 1050 2670 1151 2701; x_wconf 84' lang='lat' dir='ltr'><strong>Vatic.</strong></span> 
     </span>
    </p>
   </div>
   <div class='ocr_carea' id='block_1_105' title="bbox 40 2738 789 2785">
    <p class='ocr_par' dir='ltr' id='par_1_105' title="bbox 40 2738 789 2785">
     <span class='ocr_line' id='line_1_105' title="bbox 40 2738 789 2785; baseline -0.001 -21"><span class='ocrx_word' id='word_1_679' title='bbox 40 2738 235 2785; x_wconf 51' lang='lat' dir='ltr'><strong>tiL’lodetvn;</strong></span> <span class='ocrx_word' id='word_1_680' title='bbox 257 2740 437 2776; x_wconf 80' lang='grc' dir='ltr'>ἑρμηνεύεται</span> <span class='ocrx_word' id='word_1_681' title='bbox 460 2744 494 2780; x_wconf 75' lang='grc' dir='ltr'>γῆ</span> <span class='ocrx_word' id='word_1_682' title='bbox 519 2745 631 2781; x_wconf 79' lang='grc' dir='ltr'>ἐσχάτη,</span> <span class='ocrx_word' id='word_1_683' title='bbox 659 2746 696 2773; x_wconf 67' lang='grc' dir='ltr'>Τδ</span> <span class='ocrx_word' id='word_1_684' title='bbox 719 2744 789 2780; x_wconf 71' lang='grc' dir='ltr'>πλῆ-</span> 
     </span>
    </p>
   </div>
   <div class='ocr_carea' id='block_1_106' title="bbox 12 2769 469 2878">
    <p class='ocr_par' dir='ltr' id='par_1_106' title="bbox 12 2769 469 2878">
     <span class='ocr_line' id='line_1_106' title="bbox 12 2769 469 2802; baseline 0.009 0"><span class='ocrx_word' id='word_1_685' title='bbox 12 2769 143 2802; x_wconf 63' lang='lat' dir='ltr'><strong>&#39;W.&#39;etc.&#39;</strong></span> <span class='ocrx_word' id='word_1_686' title='bbox 212 2769 232 2775; x_wconf 60' lang='grc'><strong>’⁷</strong></span> <span class='ocrx_word' id='word_1_687' title='bbox 273 2769 297 2776; x_wconf 82' lang='grc'><strong>”</strong></span> <span class='ocrx_word' id='word_1_688' title='bbox 322 2769 327 2776; x_wconf 85' lang='grc'><em>”</em></span> <span class='ocrx_word' id='word_1_689' title='bbox 466 2769 469 2778; x_wconf 58' lang='grc'><strong>¹</strong></span> 
     </span>
     <span class='ocr_line' id='line_1_107' title="bbox 39 2808 469 2878; baseline 0.014 -44"><span class='ocrx_word' id='word_1_690' title='bbox 39 2808 76 2878; x_wconf 45' lang='lat'><strong>£2;</strong></span> <span class='ocrx_word' id='word_1_691' title='bbox 93 2809 286 2853; x_wconf 75' lang='grc' dir='ltr'>Ἀγαλλιῶνται</span> <span class='ocrx_word' id='word_1_692' title='bbox 300 2811 346 2862; x_wconf 48' lang='lat' dir='ltr'><strong>tn).</strong></span> <span class='ocrx_word' id='word_1_693' title='bbox 359 2813 402 2847; x_wconf 84' lang='grc' dir='ltr'><strong>τῇ,</strong></span> <span class='ocrx_word' id='word_1_694' title='bbox 416 2816 469 2841; x_wconf 88' lang='lat' dir='ltr'><strong>etc.</strong></span> 
     </span>
     <span class='ocr_line' id='line_1_108' title="bbox 50 2843 350 2878; baseline 0.013 -9"><span class='ocrx_word' id='word_1_695' title='bbox 50 2843 65 2869; x_wconf 75' lang='grc'><strong>5</strong></span> <span class='ocrx_word' id='word_1_696' title='bbox 89 2843 143 2870; x_wconf 86' lang='grc' dir='ltr'>Του</span> <span class='ocrx_word' id='word_1_697' title='bbox 159 2845 350 2878; x_wconf 67' lang='grc' dir='ltr'>κηρυχθεντον</span> 
     </span>
    </p>
   </div>
   <div class='ocr_carea' id='block_1_107' title="bbox 50 2843 350 2881">
    <p class='ocr_par' dir='ltr' id='par_1_107' title="bbox 50 2843 350 2881">
     <span class='ocr_line' id='line_1_109' title="bbox 50 2843 350 2881; baseline 0.013 -12"><span class='ocrx_word' id='word_1_698' title='bbox 50 2843 76 2878; x_wconf 75' lang='grc'><strong>5)</strong></span> <span class='ocrx_word' id='word_1_699' title='bbox 89 2843 143 2870; x_wconf 80' lang='grc' dir='ltr'><strong>Τοῦ</strong></span> <span class='ocrx_word' id='word_1_700' title='bbox 159 2845 350 2881; x_wconf 65' lang='grc' dir='ltr'>κηρυχθέντος.</span> 
     </span>
    </p>
   </div>
   <div class='ocr_carea' id='block_1_108' title="bbox 880 2741 1630 2779">
    <p class='ocr_par' dir='ltr' id='par_1_108' title="bbox 880 2741 1630 2779">
     <span class='ocr_line' id='line_1_110' title="bbox 880 2741 1630 2779; baseline 0.004 -12"><span class='ocrx_word' id='word_1_701' title='bbox 880 2741 918 2779; x_wconf 57' lang='grc'><strong>(1)</strong></span> <span class='ocrx_word' id='word_1_702' title='bbox 935 2741 1173 2779; x_wconf 65' lang='grc' dir='ltr'>Μεταὸἀλλοντος,</span> <span class='ocrx_word' id='word_1_703' title='bbox 1191 2749 1255 2776; x_wconf 88' lang='lat' dir='ltr'><strong>ete.,</strong></span> <span class='ocrx_word' id='word_1_704' title='bbox 1274 2744 1322 2779; x_wconf 85' lang='grc' dir='ltr'><strong>τὴν</strong></span> <span class='ocrx_word' id='word_1_705' title='bbox 1341 2743 1420 2779; x_wconf 84' lang='grc' dir='ltr'>χάριν</span> <span class='ocrx_word' id='word_1_706' title='bbox 1446 2742 1529 2779; x_wconf 78' lang='grc' dir='ltr'>αὑτοῦ</span> <span class='ocrx_word' id='word_1_707' title='bbox 1541 2764 1547 2776; x_wconf 88' lang='grc'>,</span> <span class='ocrx_word' id='word_1_708' title='bbox 1566 2748 1630 2774; x_wconf 86' lang='lat' dir='ltr'><strong>etc..</strong></span> 
     </span>
    </p>
   </div>
   <div class='ocr_carea' id='block_1_109' title="bbox 841 2775 1632 2813">
    <p class='ocr_par' dir='ltr' id='par_1_109' title="bbox 841 2775 1632 2813">
     <span class='ocr_line' id='line_1_111' title="bbox 841 2775 1632 2813; baseline 0.004 -12"><span class='ocrx_word' id='word_1_709' title='bbox 841 2775 931 2813; x_wconf 79' lang='grc' dir='ltr'>καθὼς</span> <span class='ocrx_word' id='word_1_710' title='bbox 946 2775 1030 2813; x_wconf 76' lang='grc' dir='ltr'>εἶπεν</span> <span class='ocrx_word' id='word_1_711' title='bbox 1041 2778 1182 2813; x_wconf 82' lang='grc' dir='ltr'>Ἰωάννης·</span> <span class='ocrx_word' id='word_1_712' title='bbox 1204 2775 1252 2806; x_wconf 84' lang='grc' dir='ltr'>Ἐκ</span> <span class='ocrx_word' id='word_1_713' title='bbox 1270 2775 1323 2805; x_wconf 82' lang='grc' dir='ltr'><strong>τῶν</strong></span> <span class='ocrx_word' id='word_1_714' title='bbox 1341 2775 1424 2806; x_wconf 73' lang='grc' dir='ltr'>λίθων</span> <span class='ocrx_word' id='word_1_715' title='bbox 1441 2777 1544 2805; x_wconf 84' lang='grc' dir='ltr'>τούτων</span> <span class='ocrx_word' id='word_1_716' title='bbox 1560 2779 1632 2812; x_wconf 78' lang='grc' dir='ltr'>ἐγεῖ-</span> 
     </span>
    </p>
   </div>
   <div class='ocr_carea' id='block_1_110' title="bbox 841 2811 1196 2849">
    <p class='ocr_par' dir='ltr' id='par_1_110' title="bbox 841 2811 1196 2849">
     <span class='ocr_line' id='line_1_112' title="bbox 841 2811 1196 2849; baseline 0.014 -13"><span class='ocrx_word' id='word_1_717' title='bbox 841 2811 985 2849; x_wconf 30' lang='grc' dir='ltr'>ραι-,τέκνα</span> <span class='ocrx_word' id='word_1_718' title='bbox 997 2812 1036 2849; x_wconf 79' lang='grc' dir='ltr'>τῷ</span> <span class='ocrx_word' id='word_1_719' title='bbox 1053 2811 1196 2849; x_wconf 65' lang='grc' dir='ltr'><strong>Ἀὂραᾶμ.’</strong></span> 
     </span>
    </p>
   </div>
   <div class='ocr_carea' id='block_1_111' title="bbox 876 2846 1629 2885">
    <p class='ocr_par' dir='ltr' id='par_1_111' title="bbox 876 2846 1629 2885">
     <span class='ocr_line' id='line_1_113' title="bbox 876 2846 1629 2885; baseline 0.003 -12"><span class='ocrx_word' id='word_1_720' title='bbox 876 2846 914 2882; x_wconf 81' lang='lat'><strong>(5)</strong></span> <span class='ocrx_word' id='word_1_721' title='bbox 930 2846 1038 2882; x_wconf 70' lang='grc' dir='ltr'>Ἐσμὲν,</span> <span class='ocrx_word' id='word_1_722' title='bbox 1060 2846 1145 2883; x_wconf 68' lang='grc' dir='ltr'>Κύριε</span> <span class='ocrx_word' id='word_1_723' title='bbox 1155 2846 1165 2863; x_wconf 80' lang='grc'><strong>·’</strong></span> <span class='ocrx_word' id='word_1_724' title='bbox 1176 2850 1225 2883; x_wconf 73' lang='grc' dir='ltr'><strong>οὐκ</strong></span> <span class='ocrx_word' id='word_1_725' title='bbox 1235 2850 1275 2877; x_wconf 75' lang='grc' dir='ltr'><strong>ὅτι</strong></span> <span class='ocrx_word' id='word_1_726' title='bbox 1287 2849 1362 2883; x_wconf 77' lang='grc' dir='ltr'>ἄξιοί</span> <span class='ocrx_word' id='word_1_727' title='bbox 1371 2848 1565 2885; x_wconf 51' lang='grc' dir='ltr'>ισμινβοῖιτο,</span> <span class='ocrx_word' id='word_1_728' title='bbox 1576 2854 1629 2877; x_wconf 85' lang='lat' dir='ltr'><strong>etc.</strong></span> 
     </span>
    </p>
   </div>
  </div>
