1884 3047
231 124 300 152 H75

266 185 310 213 55.
328 186 399 215 Deus
411 195 488 217 meus
503 197 532 217 es
549 194 589 223 tu,
604 195 630 218 et
645 192 795 220 conﬁtebor
807 192 856 220 tibi
873 202 879 220 :

266 232 310 260 56.
325 232 396 260 Dens
411 242 488 262 meus
501 243 531 263 es
548 240 586 269 tu,
604 241 631 264 et
644 238 769 265 exaltabo
784 244 820 265 te.

266 278 310 306 57.
325 279 480 308 Coniitebor
493 282 552 313 tibi,
565 283 693 317 quoniam
710 285 844 312 cxaudisti
857 292 900 312 ma
917 306 924 311 .

268 325 312 353 58.
329 325 361 353 Et
374 325 461 355 factus
479 335 509 355 es
526 328 591 355 mihi
603 329 630 356 in
650 330 776 358 salutent.

267 371 309 398 59.
325 371 497 399 Conlitemini
512 372 637 406 Domino,
650 375 778 408 quoniam
793 375 892 405 bonus.

267 417 310 445 60.
325 417 459 450 Quoniam
474 419 500 445 in
515 420 644 446 saeculum
657 420 844 447 misericordia
858 420 926 456 ejus.

388 464 504 492 Alleluia
518 465 574 501 (τ)
605 465 673 493 PSA
679 465 708 493 ι.
725 466 772 494 cx
781 465 863 494 vm.

269 510 293 535 i.
313 509 385 537 Beati
401 511 567 538 immaculati
584 512 610 539 in
627 513 681 544 via,
699 513 745 548 qui
763 513 904 540 ambulant
917 512 944 540 in
960 513 1016 548 lego

236 555 354 584 Domini.

268 601 295 628 ἓ.
312 601 386 628 Beati
404 603 450 636 qui
470 608 628 631 scrutantur
649 603 803 631 testimonia
816 604 886 638 ejus,
909 603 935 630 in
960 607 1017 630 toto

234 646 316 674 mrde
329 648 473 682 exquircnt
488 657 562 676 eum.

270 692 295 719 5.
315 691 373 719 Non
391 693 462 720 enim
479 695 525 728 qui
542 699 690 730 operantur
713 695 895 730 iniquitatem,
918 695 946 722 in
969 695 1018 722 viis

235 737 294 772 ejus
313 738 530 767 ambulaverunt.

271 783 296 809 4.
312 782 353 810 Tu
369 784 504 812 mandasti
522 785 649 813 mandata
666 790 726 816 tua,
737 785 870 814 custodiri
890 785 982 813 nimis.

273 872 298 900 5.
316 871 423 900 Utinam
445 873 596 908 dirigantur
613 875 663 902 via:
678 883 754 907 meat,
773 875 807 902 ad
827 874 1019 902 custodiendas
1036 863 1056 890 Β

233 917 441 954 iustiﬁcationes
457 923 527 946 tuas.

271 964 297 991 6.
315 963 390 992 Tunc
407 972 460 991 non
474 965 627 993 conlundar
652 974 713 993 cum
730 973 893 1001 perspexero
909 966 935 993 in
961 973 1018 993 om-

235 1011 318 1041 ibns
330 1012 464 1040 mandatis
479 1013 543 1041 tuis.

652 128 679 156 S.
700 129 886 158 ATHANASII
905 131 978 158 OPP.
997 130 1087 159 PARS
1105 131 1148 160 ΙΙΙ.
1169 146 1204 152 --
1225 131 1425 159 EXEGETICA.

1028 195 1051 224 Δ
1101 192 1145 220 55.
1159 193 1225 224 Θιός
1239 201 1289 228 μου
1301 190 1327 218 sl
1345 192 1388 223 σὺ,
1401 191 1447 218 καὶ
1463 190 1696 226 ἑξομολσγήσομαί
1711 198 1755 217 σοι
1767 198 1774 205 ·

1779 130 1866 157 -ίιῖϐ

1101 239 1145 266 56.
1159 238 1226 270 Θεός
1244 247 1293 274 μου
1307 236 1332 264 εἴ
1348 239 1391 269 σὺ.
1408 239 1455 264 καὶ
1469 236 1569 272 ὑψώσω
1583 245 1623 263 σε.

1100 283 1144 310 57.
1169 282 1417 318 Έξομολογήσομαί
1433 291 1484 313 σοι,
1496 283 1536 309 ὃτι
1548 281 1703 316 ὲπήκουσάς
1719 289 1770 317 μου
1784 289 1796 296 ·

1102 328 1147 356 58.
1166 329 1220 355 Καὶ
1233 329 1326 362 ἐγένου
1344 336 1388 363 μοι
1402 328 1442 359 είς
1460 327 1603 363 σωτηρίαν.

1101 373 1146 400 59.
1168 373 1385 408 Ἐξομολογείσθε
1397 372 1434 407 τῷ
1454 372 1558 407 Κυρίῳ,
1572 371 1613 398 ὅτι
1633 371 1743 405 ἀγαθὸς,

1103 419 1145 446 60.
1163 419 1224 446 Ὀτι
1238 421 1278 450 εἰς
1290 419 1335 445 τὸν
1351 418 1437 445 αἰῶνα
1450 418 1480 444 τὸ
1495 418 1568 449 ἔλεος
1581 416 1674 444 αὐτοῦ.

1266 465 1450 498 “undatim.
1468 465 1554 491 ΨΑΑ.
1570 463 1652 491 PIH'.

1104 512 1129 538 1.
1145 511 1281 547 Μακάριοι
1291 511 1315 537 οἱ
1332 511 1442 546 ἄμωμοι
1457 511 1486 536 ὲν
1498 509 1560 545 ὁδῷ,
1579 510 1603 536 οι
1623 509 1806 544 πορευόμενοι
1833 509 1865 534 ιν

1067 557 1143 592 νόμῳ
1155 557 1267 592 Κυρίου.

1102 602 1130 630 2.
1143 602 1282 637 Μακάριοι
1300 602 1324 628 οι
1338 601 1532 637 ἐξερευνῶντες
1547 600 1581 627 τὰ
1603 600 1742 636 μαρτύρια
1760 599 1864 628 αὑτοῦ,

1069 649 1097 675 ὲν
1116 648 1165 683 ὅλῃ
1178 648 1276 683 καρδίᾳ
1292 647 1489 683 ὲκζητήσουσιν
1502 646 1593 673 αὐτόν.

1104 695 1130 721 5.
1144 695 1180 720 Οὐ
1196 694 1250 729 γὰρ
1261 694 1285 721 οἱ
1296 693 1474 729 ἐργαζόμενοι
1487 693 1536 728 τὴν
1547 692 1662 727 ἀνομίαν
1673 692 1702 718 ὲν
1717 692 1779 722 ταῖς
1790 690 1864 721 ὀᾱίς

1069 738 1151 765 αὑτοῦ
1168 738 1364 773 ἐπορεύθησαν.

1105 784 1130 811 4.
1146 785 1182 810 Σὺ
1209 784 1334 811 ὲνετείλω
1353 783 1403 815 τὰς
1417 783 1526 814 ἐντολάς
1540 791 1586 809 σου
1597 802 1605 814 ,
1621 782 1670 808 τοῦ
1686 780 1862 816 φυλάξασθαι

1073 829 1183 865 σφόδρα.

1107 875 1134 903 5.
1150 874 1264 909 Ὄφελον
1278 872 1524 909 κατενθυνθείησαν
1536 873 1564 900 al.
1578 872 1631 900 ὁδοί
1643 881 1705 908 μου,
1715 873 1763 899 τοῦ
1780 871 1865 906 φυλά-

1073 919 1168 953 ξασθαι
1182 919 1216 946 τὰ
1232 919 1406 954 δικαιώματά
1419 927 1476 946 σου.

1107 965 1133 992 6.
1148 966 1214 992 Τότε
1231 966 1261 992 οὑ
1276 966 1313 1001 μὴ
1324 965 1471 1000 αίσχυνθῶ,
1485 966 1514 991 ἐν
1529 964 1568 1000 τῷ
1581 972 1615 999 με
1637 963 1801 990 ἐπιϐλέπειν
1818 964 1864 994 επὶ

1074 1012 1165 1044 πάσας
1180 1012 1230 1044 τὰς
1243 1011 1352 1038 ὲντολά’
1365 1019 1421 1038 σου.

796 1069 984 1098 ATHA'NASII
1006 1069 1295 1098 INTERPRETATIO.

274 1126 317 1159 55,
335 1127 379 1154 56.
399 1126 594 1164 Unusquisque
616 1130 784 1158 credentium
809 1132 923 1159 audiens
943 1140 1020 1160 amo-

237 1179 305 1203 rem.
326 1177 353 1200 et
375 1173 478 1201 viscera
493 1175 614 1202 crucilix—i
634 1182 743 1212 propter
762 1185 823 1211 nos,
841 1178 929 1205 dicit:
952 1178 1021 1206 Deus

237 1226 309 1245 meus
330 1226 357 1246 es
379 1223 417 1251 tu,
438 1224 462 1246 el
486 1221 638 1255 conﬁtebor,
666 1230 708 1250 me
735 1223 823 1257 ipsum
850 1224 1020 1259 redemptum

237 1271 298 1290 esse
309 1265 429 1298 pretioso
447 1269 494 1292 tuo
509 1268 653 1302 sanguine.

273 1307 317 1341 57,
332 1308 376 1336 58.
394 1309 465 1337 Deus
480 1318 556 1338 meus
572 1319 601 1338 es
620 1316 660 1343 tu.
678 1317 705 1339 et
718 1313 876 1348 gloriﬁcabo
898 1319 924 1342 te
939 1323 946 1341 :
963 1320 1019 1342 tra-

237 1354 298 1380 dam
315 1362 358 1381 me
380 1354 448 1388 ipse,
472 1357 600 1390 quoniam
624 1365 677 1384 non
700 1364 840 1386 aversatus
857 1367 887 1386 es
909 1367 962 1394 me,
975 1361 1022 1388 sed

239 1403 365 1426 ostensus
377 1407 406 1427 es
423 1401 529 1432 adiutor
544 1402 608 1429 mihi
624 1402 650 1428 in
667 1403 793 1430 salutem.

274 1443 318 1471 59.
333 1443 362 1471 ln
375 1449 431 1472 toto
442 1446 523 1474 corde
534 1447 716 1482 deprecamini
733 1456 806 1480 eum,
823 1451 953 1484 quoniam
973 1451 1022 1477 bo-

239 1495 291 1516 ιειη
306 1496 334 1515 es
339 1492 357 1516 ι.

274 1534 320 1562 60.
336 1535 470 1568 Quoniam
491 1545 546 1564 non
560 1539 657 1566 avertit
675 1547 689 1566 a
713 1540 792 1568 nobis
806 1541 1020 1569 misericordiam

239 1586 328 1607 suam.

280 1627 311 1654 Ἦ
328 1629 495 1664 προκειμένη
519 1630 658 1668 ἐπιγραφὴ
681 1631 824 1668 περιέχει·
847 1633 1041 1666 Ἀλληλούϊα,

1106 1131 1150 1163 55,
1165 1130 1207 1158 56.
1227 1131 1265 1166 (1)
1284 1127 1417 1162 Ἕκαστος
1435 1130 1490 1157 τῶν
1511 1130 1726 1163 πιστευσάντων,
1741 1130 1864 1162 ἀκούσας

1070 1177 1118 1213 τὴν
1135 1177 1256 1211 ἀγάπην,
1273 1176 1319 1203 καὶ
1333 1177 1367 1203 τά
1383 1176 1523 1211 σπλάγχνα
1540 1175 1587 1202 τοῦ
1606 1176 1817 1212 σταυρωθέντος
1829 1177 1862 1202 δι’

1069 1224 1152 1259 ἡμᾶς,
1168 1223 1256 1257 λέγει·
1273 1223 1346 1256 Θεός
1363 1231 1423 1258 μου
1442 1221 1530 1253 ετσὺ,
1547 1223 1595 1249 καί
1619 1223 1738 1258 ἐμαυτὸν
1755 1225 1863 1257 auuo-

1069 1268 1152 1303 γήσω
1171 1268 1352 1304 ὲξηγορᾶσοαι
1372 1267 1411 1302 τῷ
1427 1268 1509 1303 τιμίῳ
1527 1277 1573 1295 σου
1587 1269 1696 1303 αἵματι.

1107 1313 1151 1345 57,
1166 1313 1210 1340 58.
1227 1313 1293 1345 Θεός
1310 1322 1361 1348 μου
1379 1311 1403 1339 εἷ
1422 1313 1464 1345 σὺ,
1492 1314 1538 1341 καὶ
1565 1312 1670 1345 δοξάσω
1690 1321 1737 1339 σε·
1751 1312 1862 1339 ἑκδωςω

1071 1359 1199 1394 ἐμαυτὸν,
1228 1359 1269 1385 ὄτι
1292 1359 1342 1385 οὐκ
1357 1359 1533 1394 ἀπεστράφης
1555 1367 1598 1393 με,
1625 1358 1683 1385 ἀλλ’
1698 1358 1861 1393 ἀπεδείχθης

1073 1405 1169 1440 βοηθός
1185 1413 1235 1439 μου
1251 1405 1291 1435 εἰς
1308 1404 1455 1439 σωτηρίαν,

1110 1451 1154 1477 59.
1177 1451 1221 1477 Ἐν
1235 1450 1283 1485 ὅλῃ
1296 1449 1393 1485 καρδίᾳ
1409 1448 1591 1485 προσεύχεσθε
1606 1449 1690 1483 αὐτῷ,
1703 1450 1745 1476 ὅτι
1762 1448 1861 1483 ἁγαθός

1074 1504 1157 1522 εστιν.

1110 1540 1153 1568 60.
1167 1541 1228 1567 Ὀτι
1244 1541 1294 1567 οὒκ
1308 1540 1472 1577 ἀπεστράφη
1485 1541 1531 1576 ἀφ’
1545 1541 1623 1577 ἡμῶν
1637 1541 1668 1568 τὸ
1680 1541 1756 1574 ἔλεος
1768 1540 1860 1568 αὐτοί.

1069 1634 1137 1669 ὅπερ
1151 1632 1330 1670 ἑρμηνεύεται
1343 1631 1466 1669 [circite
1478 1632 1532 1660 τὸν
1550 1613 1623 1659 ὄντα
1637 1631 1725 1668 Θεὸν]
1736 1632 1861 1667 διάφορος

239 1672 420 1710 [διαφόρως],
434 1676 473 1707 εἰς
490 1676 573 1711 ὕμνον
585 1678 632 1704 καὶ
642 1675 714 1704 αἶνον
729 1679 802 1714 ἡμᾶς
817 1678 864 1705 τοῦ
876 1678 942 1705 Θεοῦ
958 1680 1190 1716 προῖρεπομένου.

275 1720 382 1749 Titulus
398 1723 559 1757 prmpositus
575 1724 712 1752 continet:
731 1725 856 1758 Alleluia,
873 1726 943 1761 quod
962 1726 1155 1760 interpretatur
1172 1725 1291 1762 [laudate
1305 1733 1375 1758 eum,
1398 1725 1444 1760 qui
1460 1724 1531 1752 Deus
1547 1723 1598 1758 est]
1611 1724 1687 1751 varie
1698 1731 1750 1751 nos
1768 1724 1862 1752 adbor'

241 1772 314 1795 tante
329 1767 383 1796 Deo
396 1770 428 1796 ad
442 1770 576 1798 canticum
600 1778 626 1799 et
638 1772 756 1799 laudem.

276 1813 302 1840 1.
318 1813 404 1847 Beati,
421 1816 468 1849 qui
491 1817 640 1844 secundum
656 1818 718 1852 Job,
735 1819 874 1851 abstinent
893 1820 927 1847 ab
949 1820 1024 1848 omni
1039 1825 1045 1849 t

1113 1819 1136 1846 1.
1156 1819 1293 1854 Μακάριοι
1307 1819 1332 1845 ot
1349 1818 1421 1844 κατὰ
1433 1818 1479 1844 τὸν
1500 1817 1569 1850 Ίὼδ,
1588 1818 1613 1844 οι
1633 1817 1800 1853 ἀπεχόμενοι
1813 1817 1861 1845 ἀ-ιλ

240 1867 321 1895 opere
340 1862 422 1889 malo.
435 1896 438 1900 .

274 1907 302 1934 2.
317 1907 390 1935 Beati
405 1907 462 1943 qui,
481 1909 508 1936 in
522 1909 638 1945 singulis
653 1910 806 1938 actionibus
823 1911 940 1946 probant
960 1911 1025 1946 quid

239 1953 449 1988 beneplacitum,
463 1959 490 1982 et
511 1956 661 1990 perfectum
681 1964 773 1984 coram
795 1957 861 1984 Deo.
879 1957 1026 1986 Ferventes

239 2000 312 2027 circa
323 2000 482 2028 charitatem
497 2001 557 2036 ejus
577 2010 629 2030 non
649 2002 847 2036 dormitabunt,
863 2011 957 2031 curam
981 2004 1026 2031 lla-

238 2046 344 2078 bentes,
363 2048 501 2081 quomodo
521 2055 582 2074 eum
605 2048 632 2075 in
653 2048 720 2083 ipsis
737 2049 856 2084 hospitio
879 2049 1024 2084 accipient.

273 2092 300 2122 5.
315 2091 374 2119 Non
386 2092 458 2120 enim
468 2092 589 2120 dicentes
604 2101 634 2121 se
648 2102 709 2122 esse
725 2094 909 2127 Christianos.
921 2101 948 2123 et
961 2103 1027 2122 eon-

239 2139 422 2174 enpiscentias
446 2139 540 2167 mundi
564 2140 706 2173 habentes,
728 2141 788 2176 ejus
811 2142 947 2170 mandatis
961 2143 1027 2170 obe-

240 2186 327 2213 diunt.

275 2230 302 2257 4.
317 2229 359 2258 Tu
380 2231 495 2259 dixisti:
513 2232 673 2259 Malediclus
694 2234 780 2260 omnis
801 2234 846 2266 qui
870 2233 935 2267 facit
963 2241 1026 2266 opus

241 2275 289 2303 Det
304 2277 462 2312 negligenter
477 2277 509 2304 ".

276 2322 301 2349 5.
320 2323 368 2350 Det
384 2323 472 2358 gratia
488 2328 545 2355 tua,
561 2329 590 2350 ut
609 2323 778 2353 instruantur
792 2324 945 2351 voluntates
967 2332 1028 2351 cor-

241 2368 284 2396 dis
294 2369 347 2397 mei
365 2369 398 2396 ad
420 2368 641 2396 l'ructilicandum
666 2377 710 2397 me
733 2369 761 2398 in
784 2369 1028 2404 justilicationibus

240 2415 304 2441 tuis.

275 2462 301 2487 6.
320 2459 348 2488 In
367 2460 410 2488 die
428 2460 525 2495 judicii
543 2469 598 2488 non
618 2461 726 2488 audiam
744 2469 758 2486 a
779 2465 804 2488 te
817 2460 882 2487 illud
897 2459 957 2487 Non
968 2461 1027 2487 novi

240 2512 274 2538 te.
289 2507 311 2534 si
327 2514 405 2535 mens
417 2514 476 2535 mea
497 2507 652 2535 illuminata
671 2507 754 2537 fuerit
768 2508 794 2534 in
813 2507 941 2535 omnibus
958 2515 1027 2542 prte-

239 2553 324 2588 ceptis
337 2553 401 2581 tuis.

274 2601 299 2618 "
313 2599 369 2628 Jer.
390 2609 486 2635 XLVI”,
502 2601 546 2630 ll).

1078 1864 1178 1896 παντὸς
1194 1863 1312 1899 πονηροῦ
1329 1863 1500 1898 πράγματος.

1111 1911 1138 1937 2.
1155 1910 1293 1945 Μακάριοι
1309 1911 1332 1935 oi
1349 1909 1409 1936 καθ’
1427 1909 1545 1944 ἑκάστην
1558 1907 1656 1943 πρᾶξιν
1669 1907 1859 1943 δοκιμάζοντες

1077 1956 1103 1982 τί
1119 1955 1150 1982 τὸ
1163 1955 1308 1990 εὐάρεστον
1321 1955 1368 1981 καὶ
1376 1955 1477 1981 τέλειον
1488 1954 1563 1989 παρὰ
1575 1953 1613 1988 τῷ
1624 1952 1693 1988 Θεῷ.
1707 1953 1811 1988 Θερμοὶ
1822 1954 1859 1979 ὗν-

1076 2011 1122 2034 τες
1137 2002 1201 2037 περὶ
1209 2001 1258 2036 τὴν
1269 2001 1378 2036 ἀγάπην
1391 2000 1473 2027 αὑτοῦ
1482 2001 1529 2035 οὺχ
1544 2001 1697 2026 ὑπνώσουσι
1711 2000 1858 2035 μεριμνῶν-

1076 2057 1134 2079 τες,
1151 2047 1209 2079 πῶς
1222 2048 1301 2073 αὑτὸν
1315 2045 1443 2079 δέξωνται
1456 2046 1557 2072 ἔνοικον
1569 2047 1670 2078 αὐτοῖς.

1111 2094 1138 2123 5.
1157 2094 1195 2120 Οὐ
1210 2093 1265 2128 γὰρ
1281 2093 1306 2119 οἱ
1318 2092 1458 2128 λεγόμενοι
1470 2090 1540 2119 εἶναι
1552 2091 1721 2127 Χριστιανοὶ,
1745 2091 1792 2118 καὶ
1815 2090 1858 2120 τὰς

1078 2139 1225 2174 ἐπιθυμίας
1237 2138 1285 2165 τοῦ
1299 2138 1400 2173 κόσμου
1415 2138 1530 2173 ἔχοντες,
1543 2139 1599 2170 τοῖς
1612 2138 1773 2174 πράγμασιν
1787 2137 1858 2173 [προ-

1078 2183 1244 2220 στάγμασιν]
1260 2184 1342 2210 αὺτοῦ
1357 2183 1503 2210 πείθονται.

1112 2231 1138 2258 4.
1157 2231 1193 2259 Σὺ
1204 2229 1296 2263 εἶπας⁸
1313 2229 1542 2265 Ἐπικατάρατος
1555 2229 1614 2263 πᾶς
1628 2231 1645 2257 ὁ
1657 2230 1752 2257 ποιῶν
1762 2230 1797 2257 τὰ
1810 2229 1856 2256 τοῦ

1077 2277 1186 2312 Κυρίου
1210 2277 1336 2312 ἀμελῶς.

1114 2324 1139 2350 5.
1156 2323 1216 2359 Δῴη
1234 2325 1251 2359 ἠ
1265 2324 1344 2360 χάρις
1358 2332 1404 2351 σου
1417 2322 1603 2357 συνετισθῆναι
1616 2322 1651 2348 τὰ
1663 2321 1803 2358 θελήματα
1813 2321 1854 2355 τῆς

1080 2369 1193 2405 καρδίας
1205 2379 1256 2406 μου
1271 2369 1320 2396 τοῦ
1333 2371 1518 2406 καρποφορεῖν
1534 2378 1567 2405 με
1578 2371 1612 2403 ,ἐν
1626 2370 1682 2401 τοῖς
1698 2367 1854 2403 δικαιώμασί

1079 2424 1125 2441 σου
1128 2436 1135 2443 ι

1116 2461 1142 2488 6.
1159 2461 1206 2488 Ἐν
1219 2463 1251 2497 τῇ
1267 2462 1358 2497 ἡμέρᾳ
1369 2462 1417 2497 τῆς
1429 2461 1545 2497 κρίσεως
1557 2461 1587 2487 ὸύ
1601 2462 1637 2496 μὴ
1657 2461 1767 2487 ἀκούσω
1788 2458 1851 2493 παρὰ

1080 2507 1127 2534 ’τοῦ
1136 2507 1178 2540 τὸ,
1194 2509 1255 2534 Οὐκ
1267 2506 1333 2534 οἶδά
1347 2516 1383 2535 σε
1393 2528 1401 2539 ,
1421 2508 1453 2535 ἂν
1475 2509 1492 2543 ὴ
1506 2507 1609 2535 διάνοια
1626 2516 1676 2542 μου
1694 2507 1849 2541 πεφώτισται

1079 2552 1165 2589 [ἐπὶ]
1183 2554 1271 2586 πάσας
1283 2554 1333 2586 τὰς
1347 2555 1456 2586 ἐντολάς
1471 2563 1528 2581 σου.

715 2636 869 2668 Addenda
885 2640 915 2668 et
931 2636 1119 2674 corrigenda
1136 2646 1174 2667 ex
1188 2636 1258 2668 cod.
1278 2637 1378 2668 Vatic.

276 2702 314 2738 (ll
326 2703 360 2730 N.
379 2702 421 2730 55.
441 2702 587 2735 Ἕκαστος,
610 2708 676 2735 etc.,
690 2702 736 2729 καὶ
757 2701 863 2734 ἑαυτόν,
879 2705 931 2728 etc.
944 2701 977 2728 N.
993 2700 1035 2728 56.

1099 2701 1128 2733 6;
1145 2710 1195 2737 μου
1207 2699 1233 2728 εἷ
1250 2702 1293 2733 σὺ,
1308 2701 1354 2728 καὶ
1366 2700 1470 2733 δοξάσω
1488 2709 1527 2727 σε.
1541 2700 1574 2727 Ν.
1587 2700 1632 2727 57.
1655 2699 1789 2731 Ἐκδὼσω,
1805 2704 1847 2726 etc.

238 2738 273 2765 Ν.
289 2738 334 2770 58,
349 2737 406 2765 ἀλλ’
426 2738 584 2771 ἀπέδειξας.

277 2799 317 2833 (1-)
332 2798 434 2827 Divisio
448 2799 647 2826 versiculorum
659 2797 741 2835 hujus
760 2796 905 2835 psalmi_in
922 2795 1164 2835 codice‘Vaticano
1180 2795 1293 2835 omnino
1310 2795 1415 2821 diversa
1431 2799 1499 2835 erat,
1519 2793 1578 2833 ideo
1594 2799 1709 2835 necesse
1726 2791 1775 2835 [nit
1791 2791 1846 2835 inte:

241 2827 318 2868 grn'm
337 2834 393 2861 iere
406 2835 542 2868 psalmum
559 2842 620 2862 cum
636 2841 685 2862 sua
696 2827 928 2867 interpretatione
945 2831 1093 2866 ascribere,
1109 2831 1220 2859 omissis
1231 2831 1318 2858 solum
1335 2829 1475 2858 nonnullis
1489 2827 1640 2860 versiculis,
1654 2828 1681 2855 in
1694 2828 1790 2863 quibus
1801 2827 1848 2854 sivo
