1910 3048
33 173 104 201 H11

464 175 508 200 DE
526 175 578 200 'l‘l'l
588 173 664 206 ULlS
683 173 906 202 ΡδΑιιιοιιυΜ.
923 190 958 195 ——
977 173 1074 210 PSAL.
1090 175 1204 203 CXVIII.

1592 179 1659 207 “78

71 233 97 259 'l.
120 231 369 267 Ἐξομολογήσομαῐ
380 241 421 259 σοι
437 234 465 259 ὲν
478 233 604 268 εὐθύτητι
613 234 725 270 καρδίας
742 235 770 261 ὲν
784 234 823 270 τῷ

909 235 933 262 7.
949 236 1104 264 Conﬁtebor
1118 238 1166 265 tibi
1179 238 1205 264 in
1224 238 1373 266 directione
1388 238 1489 272 cordis,
1502 246 1529 266 In
1541 247 1574 266 eo
1586 241 1659 275 quod

34 277 230 313 μεμαθηκέναι
251 286 283 312 με
300 278 335 304 τὰ
351 279 475 314 κρίματα
487 279 536 315 τῆς
554 279 727 316 δικαιοσύνης
742 290 798 308 σου.

71 323 97 350 8.
115 323 156 350 Τὰ
164 323 336 359 δικαιώματά
347 332 394 350 σου
406 325 526 359 φυλάξω,
541 326 577 361 μή
595 334 628 361 με
641 326 825 363 ὲγκαταλίπῃς

33 369 88 399 ἕως
107 369 222 403 σφόδρα.

71 413 96 440 9.
119 413 163 439 Ἐν
183 413 236 440 τίνι
253 413 421 450 κατορθὼτει
439 414 572 450 νεώτερος
588 415 636 451 τὴν
653 415 711 442 ὁδὸν
722 416 824 449 αὐτοῦς

33 460 64 484 ἐν
79 458 118 493 τῷ
136 458 304 492 φυλάξασθαι
315 460 378 490 τοὺς
396 459 491 491 λόγους
505 468 562 487 σου.

73 504 115 532 10.
137 505 181 531 Ἐν
194 505 355 541 ὅλῃριςιρδιᾳ.
374 514 425 540 μου
440 505 592 541 ἐξεζήτησά.
609 514 650 538 σε,
667 506 704 542 μὴ
727 506 824 542 ἁπώσῃ

35 559 71 586 με
87 551 143 577 ἀπὸ
159 551 213 578 τῶν
231 551 345 578 ἐντολῶν
363 560 420 578 σου.

71 597 114 623 11.
136 597 179 622 Ἑν
192 598 225 632 τῇ
247 597 346 633 καρδίᾳ⁵
363 607 412 633 μου
427 597 532 633 ἔκρυψα
543 598 576 624 τὰ.
592 598 668 633 λόγιά
682 607 739 630 σου,
751 599 824 630 ὅπως

33 643 70 671 ἂν
89 644 127 678 μὴ
145 643 261 679 ἁμάρτω
276 652 328 669 σοι.

72 689 114 716 12.
134 689 285 724 Εὐλογητὸς
297 687 332 721 εἴ,
342 689 439 725 Κύριε,
449 689 552 723 δίδαξὸν
567 699 600 725 με
609 690 643 717 τὰ
654 690 824 726 δικαιώματά

34 744 95 762 σου.

72 781 116 807 13.
136 781 181 807 Ἐν
191 782 247 812 τοῖς
258 780 360 816 χείλεσι
380 789 430 816 μου
445 781 590 816 ὲξήγγειλα
604 781 693 808 πάντα
709 781 743 808 τὰ
764 781 824 818 κρι-

34 834 110 862 ματα
127 826 175 852 τοῦ
191 826 323 861 στόματός
336 835 394 852 σου.

72 871 116 897 14.
141 871 186 896 Ἐν
198 872 230 906 τῇ
246 871 297 906 ὁδῷ
308 871 362 897 τῶν
379 871 535 906 μαρτυρίων
552 880 597 898 σου
615 871 766 907 ὲτέρφθην,
785 872 823 904 ὡς

35 916 83 942 ἐπὶ
97 916 181 941 παντὶ
195 915 311 952 πλούτῳ.

70 961 115 988 15.
136 962 179 987 ‘Ev
194 963 253 993 ταῖς
266 962 385 994 ἐντολαῖς
404 971 450 989 σου
463 963 650 999 ἀδολεσχήσω,
673 964 720 991 καὶ
737 973 822 992 κατα-

34 1007 125 1042 νοήσω
135 1006 185 1037 τὰς
200 1007 276 1038 ὁδούς
291 1016 349 1034 σοι).

70 1052 116 1079 16.
139 1052 182 1078 Ἐν
197 1054 253 1084 τοῖς
266 1052 429 1088 δικαιώμασξ
446 1063 493 1080 σου
508 1053 666 1089 μελετήσω,
693 1055 743 1082 οὐκ
764 1056 824 1082 ὲπι-

34 1097 155 1132 λήσομαι
168 1097 223 1124 τῶν
237 1098 323 1132 λόγων
339 1107 397 1126 σου.

71 1144 116 1170 17.
137 1144 299 1176 Ἀνταπόδος
309 1144 347 1180 τῷ
357 1145 443 1182 δούλῳ
463 1155 525 1180 σου,
535 1146 616 1182 ζῆσόν
637 1156 670 1183 με
681 1167 690 1179 ,
706 1148 755 1175 καὶ
776 1157 823 1183 φυ-

35 1188 109 1221 λάξω
122 1190 184 1221 τοὺς
195 1188 291 1224 λόγους
306 1199 352 1216 σου

876 281 956 309 didici
970 282 1072 316 judicia
1083 283 1195 317 justitia:
1211 289 1273 310 tuac.

910 327 936 354 8.
955 327 1166 356 Justiﬁcationes
1190 334 1250 356 tuas
1271 329 1434 362 custodiam,
1454 337 1506 356 non
1523 338 1566 357 me
1583 330 1658 358 dere-

876 373 983 407 linquas
999 381 1204 408 usquequaque.

910 419 936 446 9.
955 418 982 446 lu
997 427 1052 454 quo
1075 421 1187 454 corrigit
1209 420 1408 447 adolescentior
1430 421 1500 447 viam
1516 421 1612 448 suam?
1631 421 1657 448 in

875 465 1051 492 custodiendo
1066 474 1205 493 sermones
1218 471 1288 494 tuus.

910 511 953 538 10.
973 511 1001 537 ln
1023 514 1082 538 toto
1103 512 1184 538 corde
1200 520 1260 540 meo
1280 513 1413 547 exquisivi
1438 517 1473 545 te,
1493 521 1526 540 ne
1544 514 1657 548 repellas

875 564 918 583 me
934 565 949 583 τι
961 557 1096 584 mandatis
1111 558 1165 585 tuis
1182 567 1189 584 :

910 601 952 629 11.
971 602 998 629 ln
1016 603 1096 630 corde
1120 610 1180 631 meo
1202 602 1331 630 abscondi
1350 603 1458 639 eloquia
1483 611 1539 634 tua.
1558 610 1586 632 ut
1603 612 1656 632 non

875 656 981 683 peccem
998 648 1056 675 tibi.

909 694 953 720 12.
970 693 1130 722 Benedictus
1145 703 1185 728 cs,
1202 695 1325 728 Domine,
1341 696 1408 723 doce
1427 705 1469 723 me
1482 696 1655 731 justilicatio-

875 747 923 766 nes
939 744 1008 766 tuas.

912 784 952 811 l5.
966 783 994 810 ln
1013 784 1092 812 labiis
1110 785 1178 812 meis
1194 786 1367 820 pronuntiavi
1379 787 1469 813 omnia
1483 787 1583 821 judicia
1600 787 1656 815 oris

874 834 923 856 ιιιι.

909 875 952 902 14.
966 875 993 902 ln
1009 875 1052 902 via
1069 875 1288 904 testimoniorum
1300 882 1407 904 tuorum
1420 878 1567 906 delectatus
1583 887 1654 911 sum,

837 917 859 945 Β
874 919 944 947 sicut
956 922 982 947 in
1000 921 1126 948 omnibus
1143 922 1255 950 divitiis.

908 966 952 992 15.
971 966 999 992 ln
1021 967 1157 994 mandatis
1177 967 1230 994 tuis
1253 968 1410 1000 exet-rebor,
1428 973 1454 995 et
1477 969 1655 996 considerabo

873 1011 931 1038 vias
948 1016 1017 1038 tuas.

910 1057 952 1083 16.
970 1056 998 1083 ln
1013 1057 1253 1091 justiﬁcalionibus
1272 1059 1327 1086 tuis
1348 1059 1507 1090 meditabor,
1521 1066 1573 1086 non
1586 1058 1654 1086 obli-

873 1102 963 1129 viscar
978 1110 1120 1131 sermones
1133 1108 1205 1131 tuos.

910 1148 954 1174 17.
975 1147 1102 1176 Retribue
1113 1156 1193 1176 servo
1206 1153 1264 1182 tuo,
1277 1148 1384 1176 viviﬁca
1397 1157 1449 1180 me.
1464 1153 1491 1176 et
1504 1149 1653 1177 custodiam

874 1201 1012 1222 sermones
1026 1199 1097 1222 ιυοε.

599 1275 784 1305 ATHANASll
805 1277 1096 1307 INTEBPRETATIO.

71 1365 98 1391 7.
119 1364 205 1390 Ἐκδῶ
227 1365 345 1400 ἐμαυτόν
359 1373 399 1390 σοι
423 1365 452 1391 ὲν
480 1365 592 1402 ἀληθινῇ
610 1366 718 1403 καρδξᾳ,
735 1368 763 1394 ὲν
783 1367 823 1403 τῷ

37 1410 153 1437 ἀκοῦσαι
185 1419 230 1445 με,
247 1411 292 1436 καὶ
308 1410 452 1437 πιστεῦσαι
471 1411 534 1446 περὶ
553 1412 603 1447 τῆς
619 1412 767 1449 μελλούσης
783 1414 823 1441 δι-

38 1455 119 1486 καίας
133 1455 347 1486 ἁνταποδὸσεως.

71 1501 97 1528 8.
113 1501 155 1527 Τὰ
175 1500 348 1536 δικαιώματά
368 1509 416 1527 σου
440 1502 489 1528 οὐκ
503 1502 586 1533 ὲάσω,
615 1511 706 1538 μονον,
735 1504 771 1540 μή
789 1512 824 1540 με

38 1546 224 1580 ιγκαταλίπῃς
235 1546 287 1577 ἕως
302 1546 403 1578 τέλους.
543 1573 546 1575 .

70 1591 98 1620 9.
118 1590 180 1622 Πῶς
190 1591 244 1617 τῶν
255 1592 425 1627 νεωτερικῶν
440 1592 590 1627 ἐπιθυμιῶν
602 1594 748 1621 amnem
759 1603 801 1626 τις
812 1603 820 1628 ;

44 1636 86 1662 Ἐν
97 1636 137 1671 τῷ
151 1637 330 1672 μνημονεύειν
344 1638 425 1664 αὑτὸν
438 1637 491 1664 τῶν
503 1639 656 1674 εἰρημένων
673 1640 750 1675 παρὰ
763 1639 820 1672 σοῦ,

38 1681 76 1707 ὅτι
98 1682 241 1716 μέλλουσιν
252 1682 363 1709 ἀκούειν
382 1683 406 1709 οἱ
424 1683 596 1718 ἁμαρτωλοί·
617 1684 753 1718 Ὑπάγετε
771 1685 821 1712 ἀπ’

38 1726 111 1760 ἐμοῦ
128 1728 154 1753 οι
170 1727 366 1762 κατηραμένοι
384 1729 428 1760 εις
442 1728 475 1754 τὸ
489 1728 548 1762 πῦρ
570 1728 602 1755 τὸ
621 1728 751 1762 αἰώνιον,
774 1729 822 1756 καὶ

39 1771 71 1797 τὰ
82 1771 160 1805 ἑξῆς.

73 1815 117 1842 10.
142 1816 186 1849 Ἐξ
200 1816 264 1852 ὅλης
289 1825 338 1852 της
357 1818 445 1853 ψυχῆς
476 1826 526 1852 μου
552 1818 710 1854 ὲπεπόθησά
727 1827 766 1852 σε,
784 1819 822 1854 μὴ

40 1862 146 1894 ἀνάξιον
160 1863 267 1898 ήγήσῃς
284 1871 316 1897 με
333 1863 382 1897 τῆς
392 1865 501 1899 χάριτός
517 1872 574 1891 σου.

73 1908 117 1936 11.
141 1909 184 1935 'Ev
200 1909 275 1945 πάσῃ
290 1901 395 1944 φὶλακῇ
408 1910 520 1944 ἐτήρουν
534 1910 639 1942 ἑαυτὸν,
657 1910 693 1946 μὴ
709 1910 793 1937 ὲλθὼν
809 1912 823 1938 δ

41 1955 156 1990 πονηρὸς
169 1955 240 1992 λάϐῃ
251 1955 305 1981 ἀπὸ
319 1955 368 1990 τῆς
381 1956 492 1991 καρδίας
509 1965 559 1991 μου
573 1956 607 1983 τὰ
620 1957 698 1991 λόγιά
706 1966 763 1990 σου,
775 1959 823 1984 καὶ

42 2001 123 2035 μείνω
134 2001 241 2037 χέρσος.

73 2048 117 2074 12.
135 2047 335 2083 Δεδοξασμένος
352 2046 387 2080 εἴ,
395 2048 493 2084 Κύριε,
504 2048 607 2081 δίδαξόν
624 2057 657 2084 με
668 2049 703 2075 τὰ
712 2049 823 2076 δικαιώ-

42 2095 112 2128 ματὰ
127 2103 184 2122 σοι).

74 2139 118 2166 15.
135 2139 191 2174 Οὐχ
200 2138 402 2174 ὑπεστειλάμην
412 2139 459 2166 τοῦ
471 2139 509 2174 μὴ
520 2139 635 2173 διδάξαι,
651 2140 699 2166 καὶ
711 2139 824 2175 διαμαρ‹

40 2184 172 2219 τύρασθαι
186 2185 275 2212 πάντα
285 2185 319 2212 τὰ
333 2185 473 2220 θελήματά
485 2193 543 2212 σου.

907 1369 932 1397 7.
948 1369 1065 1398 Tradam
1089 1377 1133 1397 me
1164 1370 1253 1406 ipsum
1276 1370 1324 1397 tibi
1337 1370 1445 1397 sincero
1473 1370 1564 1401 corde,
1593 1377 1654 1397 cum

871 1416 1012 1448 audivero,
1024 1421 1050 1444 et
1064 1416 1203 1444 credidero
1219 1416 1253 1443 de
1269 1415 1361 1443 futura
1373 1416 1447 1451 jusla
1467 1416 1653 1442 retributione.

907 1506 934 1534 8.
954 1505 1168 1533 Justilicaliones
1187 1509 1248 1534 luas
1267 1514 1321 1532 non
1350 1505 1495 1536 dimittam,
1518 1505 1605 1532 solum
1624 1513 1656 1532 ne

837 1569 858 1596 ο
874 1551 1048 1586 derelinquas
1067 1559 1110 1578 me
1126 1559 1213 1586 usque
1225 1552 1251 1578 in
1265 1551 1357 1578 linem.

910 1596 936 1624 9.
955 1597 1096 1629 Quomodo
1112 1597 1271 1631 juvenilium
1287 1596 1465 1631 cupiditatum
1481 1596 1541 1630 quis
1562 1596 1657 1623 oblivi-

875 1643 984 1670 scetur?
1004 1641 1071 1669 Dum
1092 1642 1148 1676 ipse
1167 1642 1321 1668 meminerit
1337 1649 1398 1676 quae
1419 1650 1434 1668 a
1451 1646 1475 1668 te
1495 1641 1565 1668 dicta
1581 1647 1654 1672 sunt,

875 1687 945 1722 quod
958 1692 1114 1722 peccatores
1129 1686 1247 1714 audituri
1265 1692 1327 1714 sunt
1342 1694 1349 1712 :
1366 1686 1498 1713 Discedite
1509 1695 1524 1712 a
1539 1694 1588 1719 me,
1601 1695 1657 1713 mu—

875 1732 974 1765 ledictt',
987 1735 1015 1759 in
1031 1733 1116 1768 ignem
1131 1737 1258 1759 meritum
1270 1733 1304 1764 ⁵⁷,
1317 1737 1368 1759 etc.

911 1822 954 1849 10.
968 1822 1007 1849 Ex
1025 1827 1083 1850 tota
1096 1823 1186 1850 anima
1204 1829 1263 1849 mea
1276 1821 1425 1849 desideravi
1441 1826 1475 1852 te,
1489 1829 1523 1847 ne
1533 1828 1576 1847 me.
1588 1819 1657 1847 indi-

876 1877 958 1904 gnum
973 1869 1113 1896 existimes
1133 1869 1217 1904 gratia
1232 1873 1285 1896 tua.

913 1915 957 1942 11.
970 1914 1049 1942 Omni
1063 1915 1185 1942 custodia
1198 1914 1331 1949 meipsum
1346 1912 1541 1944 custodiebam,
1558 1920 1591 1939 ne
1611 1919 1656 1938 vc—

877 1961 954 1988 niens
978 1961 1067 1988 malus
1092 1960 1206 1995 accipiat
1224 1968 1238 1988 e
1257 1959 1340 1987 corde
1357 1966 1419 1986 meo
1433 1958 1542 1992 eloquia
1560 1962 1616 1989 tua,
1630 1961 1658 1984 ct

877 2011 1001 2034 ICI‘I'CIIUS
1019 2014 1185 2034 remaneam.

911 2052 955 2079 12.
971 2051 1144 2079 Glorilicatus
1159 2058 1198 2084 es,
1214 2050 1339 2082 Domine,
1352 2049 1419 2077 doce
1434 2042 1657 2082 me’]ustilicatio-

875 2106 924 2125 nes
940 2102 1008 2125 tuas.

912 2144 955 2171 15.
974 2143 1032 2170 Non
1056 2151 1098 2170 me
1115 2143 1250 2174 subduxi,
1266 2141 1413 2177 quominus
1435 2140 1558 2167 docerem
1576 2143 1603 2165 et
1619 2143 1657 2165 te-

876 2190 1010 2217 stiﬁcarer
1021 2197 1116 2216 omnes
1130 2189 1284 2215 voluntates
1299 2192 1368 2214 tuas.

73 2231 117 2257 14.
133 2230 227 2262 Οὕτως
240 2232 325 2267 χαρᾶς
339 2231 506 2267 πληροῦμαι,
520 2232 583 2258 ὅταν
597 2230 666 2257 ποιῶ
679 2231 730 2263 τὰς
748 2232 821 2258 ἐντο-

912 2235 955 2262 11.
971 2234 1008 2261 Ita
1030 2234 1128 2269 gaudio
1149 2233 1264 2268 impleor
1284 2240 1346 2260 cum
1371 2238 1506 2265 exsequor
1531 2229 1658 2256 mandata

40 2275 86 2307 λάς
97 2285 158 2308 σου,
177 2276 250 2310 ἅπαξ
265 2276 302 2308 ὡς
315 2276 429 2304 πλοῦτον
442 2275 614 2313 θησαυρίζων
628 2275 716 2311 ἑαυτῷ
731 2277 759 2303 ὲν
783 2276 818 2310 τιῖ

41 2322 154 2357 οὐρανῷ.

75 2368 118 2395 15.
139 2369 183 2394 Ἑν
199 2369 258 2399 ταῖς
272 2367 394 2404 Γραφαῖς
406 2376 452 2395 σου
466 2368 585 2402 ἀναγνῶ,
599 2371 646 2396 καὶ
658 2369 713 2399 τοῖς
726 2368 811 2402 οφοαλ

43 2414 99 2447 μοῖς
111 2413 162 2447 τῆς
175 2413 294 2444 διανοίας
310 2422 359 2448 μου
374 2413 479 2448 ὲπιγνῶ
490 2413 539 2449 τὴν
551 2414 664 2449 δύναμιν
678 2413 778 2440 αὐτῶν.

75 2459 116 2485 16.
136 2457 242 2489 Νυκτὸς
261 2467 308 2484 και
321 2459 437 2493 ἡμερας,
451 2458 499 2486 καὶ
512 2458 648 2493 πληρώσω
663 2459 761 2491 αὐτοὺς
779 2458 823 2494 ἔρ-

44 2511 106 2535 τως.

75 2548 117 2574 1”ῖ.
130 2547 181 2577 Δός
200 2556 245 2582 μοι
262 2547 312 2583 τὴν
326 2547 406 2584 χάριν
420 2548 468 2575 τοῦ
483 2548 560 2582 ἁγίου
581 2549 749 2585 Πνεύματος,
780 2550 827 2576 καὶ

46 2593 281 2629 ζωοποιηθήσομαι
291 2594 325 2620 δι’
338 2594 434 2630 αυτῆς,
448 2596 496 2625 καὶ
510 2595 646 2632 πληρώσω
658 2596 721 2628 τοὺς
732 2596 826 2630 λόγους

45 2646 86 2664 σου
101 2638 135 2665 δι’
152 2639 252 2675 ἔργων.

77 2727 98 2742 ⁵⁷
113 2726 207 2755 Matth.
223 2737 286 2760 xxv,
301 2728 332 2755 Η

873 2285 928 2312 tua,
946 2279 1038 2311 veluti,
1056 2283 1085 2305 ut
1099 2285 1153 2305 uno
1176 2279 1256 2305 verbo
1270 2277 1369 2308 dicam,
1385 2275 1493 2303 divitias
1510 2282 1659 2310 congereus

873 2324 1049 2359 mihimetipsi
1067 2324 1093 2350 in
1110 2323 1190 2351 coelo.

909 2370 952 2398 15.
968 2370 996 2397 ln
1016 2369 1165 2404 Scripturis
1177 2369 1230 2396 tuis
1239 2368 1337 2403 legam,
1349 2371 1375 2394 et
1386 2366 1473 2394 oculis
1485 2366 1584 2393 mentis
1595 2373 1660 2393 mea:

875 2417 1021 2452 intelligam
1035 2423 1129 2443 earum
1149 2415 1289 2442 virtutem.

913 2463 954 2489 16.
973 2462 1081 2492 Noctes,
1109 2466 1190 2495 atque
1209 2460 1277 2492 dies,
1298 2459 1324 2485 in
1346 2458 1517 2486 sermonibus
1535 2457 1590 2484 tuis
1605 2464 1660 2483 me-

876 2509 994 2540 ditabor,
1010 2513 1037 2535 et
1048 2508 1108 2535 illos
1124 2507 1252 2542 operibus
1268 2505 1393 2540 implebo.

913 2554 956 2581 17.
975 2553 1012 2580 Da
1039 2553 1106 2580 mihi
1132 2552 1246 2588 gratiam
1274 2550 1360 2578 sancti
1388 2548 1521 2583 Spiritus,
1552 2551 1579 2573 et
1601 2545 1661 2580 ipsa

875 2598 1043 2630 vivilicabor,
1056 2602 1083 2624 et
1095 2597 1213 2632 implebo
1223 2603 1363 2624 sermones
1379 2599 1438 2620 tuos
1456 2591 1596 2626 operibus.

45 2812 69 2830 In
82 2806 184 2839 psalmo
199 2807 256 2834 sive
269 2807 295 2834 in
313 2805 549 2841 interpretatione,
563 2805 643 2842 nulla
660 2804 778 2842 varietas
793 2812 825 2831 ac
843 2804 987 2842 diversitas
1005 2808 1073 2842 erat,
1098 2810 1185 2842 neque
1202 2802 1263 2842 illos
1281 2801 1315 2842 a‘d
1338 2794 1658 2842 divisionem

46 2829 413 2869 .-I...’.'i.'.}ii'ca'.ia;zii'
419 2829 645 2869 ὲὶῖίῐέΕι-ιιόἑὲέῖ
662 2829 1177 2872 Alibi-Erilisfodi’iéio‘iﬁioneuhs
1189 2837 1325 2872 ascripsit,
1336 2843 1387 2863 nos
1397 2837 1457 2870 post
1466 2832 1544 2860 linem
1561 2829 1658 2865 psalmi

48 2875 122 2909 hujus
134 2877 274 2904 addemus.
