1910 3048
44 178 109 204 “Si

466 178 511 205 DE
531 178 668 207 TITUIJS
687 179 957 209 PSALMORUM.-—
975 181 1072 209 PSAL.
1093 179 1209 209 CXVIII.

1599 179 1665 207 1182

81 236 125 264 29.
144 237 217 264 '05»;
228 237 334 270 ἀδικίας
346 238 500 274 ἀπύστησον
511 241 557 266 ἀπ’
568 240 645 276 ἐμοῦ,
655 241 702 268 καὶ
713 241 752 277 τῷ
759 241 833 278 νόμῳ
847 264 852 274 ,

921 243 964 270 29.
983 243 1059 270 Viam
1073 242 1223 277 iniquitatis
1236 247 1332 268 amove
1347 247 1362 267 a
1379 248 1432 272 me.
1448 244 1475 268 et
1493 239 1525 268 de
1549 239 1605 274 lege
1620 246 1664 266 tua

45 290 89 308 ceu
104 282 215 317 ἐλέησόν
231 291 274 318 με.

78 329 124 355 30.
147 328 219 355 Ὀδὸν
239 329 367 364 ἀληθείας
383 330 562 367 ᾑρετισάμην,
589 332 635 359 καὶ
659 332 693 359 τὰ
712 333 833 368 χρίματὰ

46 382 91 400 σου
106 374 157 400 οὐκ
172 374 354 410 ἐπελαθόμην.

79 419 124 446 51.
155 420 317 456 Ἐκολλήθην
341 422 397 452 τοῖς
415 422 575 457 μαρτυρίοις
602 431 660 455 σου,
683 423 777 457 Κύριε,
795 423 833 458 μή

47 473 77 499 με
90 465 286 500 καταισχύνῃς.

79 511 124 537 5‘2.
147 512 219 537 Ὀὂδν
235 511 347 538 ἐντολῶν
365 521 411 539 σου
438 512 565 548 ἔδραμον,
595 514 658 541 ὅταν
685 514 834 546 ἐπλάτυνας

48 556 93 590 τὴν
105 557 221 592 καρδίαν
234 566 295 592 μου.

82 602 126 629 55.
155 603 346 639 Νομοθέτησόν
374 612 418 639 με,
444 603 541 640 Κύριε,
568 605 616 640 τὴν
640 605 698 631 ὁδὸν
725 605 778 631 τῶν
798 604 836 631 δι-

49 649 213 683 καιωμάτων
229 659 286 681 σου,
301 650 347 677 καὶ
358 650 500 686 ὲκζητήσω
516 651 599 686 αὐτὴν
613 652 768 682 διαπαντός.

81 694 125 721 54.
143 695 285 722 Συνέτισόν
305 705 349 731 με,
364 697 410 723 καὶ
425 697 594 733 ἐξερευνήσω
607 697 653 724 τὸν
677 698 758 733 νόμον
778 705 835 728 σου,

47 741 92 766 καὶ
106 740 219 773 φυλάξω
233 742 314 768 αὐτὸν
327 743 356 768 ὲν
369 742 418 777 ὅλῃ
429 743 527 778 καρδίᾳ
544 751 604 778 μου.

79 786 124 812 55.
149 786 298 822 Ὀδήγησόν
312 796 345 823 με
367 789 395 814 ὲν
414 789 446 824 τῇ
471 788 556 824 τρίϐῳ
569 788 623 815 τῶν
640 788 753 815 ἐντολῶν
778 797 837 820 σου,

47 832 86 858 ὅτι
102 833 189 865 αὐτὴν
202 833 332 868 ἠθέλησα.

80 878 124 905 56.
142 879 240 905 Κλῖνον
251 880 300 914 τὴν
319 879 433 915 καρδίαν
450 888 500 915 μου
521 881 560 912 είς
571 880 605 907 τὰ
632 880 769 916 μαρτύριά
780 888 837 912 σου,

49 924 91 950 καὶ
104 924 143 960 μὴ
158 926 198 955 είς
208 924 373 957 πλεονεξίαν.

82 972 127 998 57.
152 972 334 1008 Ἀπόστρεψον
348 973 411 1004 τοὺς
423 972 578 1008 ὀφθαλμούς
598 981 647 1009 μου
664 972 711 1000 τοῦ
727 973 763 1008 μὴ
779 972 841 999 [δεῖν

52 1018 230 1052 ματαιότητα,
245 1020 273 1045 ἐν
290 1021 323 1054 τῇ
341 1019 393 1053 ὁδῷ
409 1027 455 1045 σου
469 1019 551 1054 ζῆσόν
570 1028 614 1054 με.

83 1064 128 1090 58.
151 1064 254 1099 Στῆσον
277 1064 315 1100 τῷ
342 1065 427 1100 δούλῳ
446 1073 493 1090 σου
519 1064 550 1090 τὸ
568 1063 659 1098 λόγιόν
677 1072 723 1090 σου
740 1064 780 1096 είς
796 1063 841 1089 τὸν

51 1107 129 1142 ςόὃον
144 1117 202 1136 σου.

84 1154 129 1186 59.
151 1155 264 1190 Περίελε
285 1157 330 1182 τὸν
353 1156 503 1192 ὸνειδισμόν
530 1165 592 1192 μου,
615 1155 645 1182 δν
662 1155 837 1186 ὑπώπτευσα,

52 1199 88 1226 ὅτι
104 1200 138 1226 τὰ
153 1201 275 1236 χρίματὰ
292 1210 338 1227 σου
350 1202 465 1237 χρηστά.

83 1245 128 1272 40.
154 1247 220 1273 Ἰδσὺ
249 1247 410 1282 ἐπεθύμησα.
433 1248 482 1279 τὰς
496 1247 604 1279 ἐντολάς
631 1255 689 1278 σου,
707 1248 735 1273 ὲν
754 1247 788 1281 τῇ
803 1246 842 1273 δι-

53 1292 182 1329 καιοσύνῃ
197 1301 242 1320 σου
259 1293 340 1328 ζῆσόν
357 1302 399 1329 με.

882 289 1010 316 miserere
1027 289 1090 316 mei.

919 335 962 362 50.
981 335 1057 362 Viam
1073 335 1196 362 veritatis
1208 335 1294 369 elegi,
1317 339 1344 361 et
1360 333 1463 367 judicia
1479 338 1523 359 tua
1538 340 1591 358 non
1605 340 1663 358 sum

882 381 990 408 oblitus.

918 426 963 453 5i.
979 426 1086 453 Adlttesi
1112 425 1277 453 testimoniis
1304 425 1370 457 tuis,
1388 423 1512 455 Domine,
1537 423 1592 448 noli
1623 429 1666 448 me

883 479 933 498 con
939 472 1059 498 fundere.

920 517 965 544 59..
980 517 1057 545 Viam
1070 517 1261 545 mandatorum
1277 521 1388 545 tuorum
1405 514 1510 543 cucurri
1522 533 1528 545 ,
1543 521 1605 540 cum
1623 513 1667 539 di-

885 564 975 591 Iatasti
988 571 1036 591 cor
1049 571 1151 591 meum.

921 610 964 637 55.
984 609 1082 645 Legem
1098 617 1169 645 pone
1180 609 1259 642 mihi,
1277 607 1400 640 Domine,
1413 608 1482 634 viam
1495 605 1668 641 iustificatio-

886 663 951 682 ηιιιη
970 661 1088 687 tuarum,
1102 660 1128 682 ει
1139 655 1279 690 exquiram
1298 662 1357 681 eam
1376 661 1491 688 semper.

922 700 1018 728 51.οα
1044 700 1110 727 mihi
1136 700 1322 731 intellectum,
1353 704 1379 726 et
1412 698 1555 725 scrutabor
1582 698 1668 732 legem

887 751 974 778 tuam,
988 751 1014 773 et
1028 746 1180 773 custodiam
1192 746 1265 773 illam
1283 747 1309 773 in
1322 750 1377 773 toto
1389 745 1470 772 corde
1482 752 1551 771 meo.

924 792 968 819 55.
985 791 1076 819 Deduc
1093 800 1136 819 me
1157 792 1183 819 in
1204 792 1328 819 semitam
1344 791 1533 818 mandatorum
1549 796 1670 820 tuorum,

889 837 953 873 quia
970 838 1055 872 ipsam
1071 838 1156 866 volui.

925 883 969 910 56.
986 875 1151 910 Inclina'cor
1164 889 1255 909 meum
1281 881 1308 908 in
1331 881 1485 908 testimonia
1500 884 1556 910 tua,
1574 884 1601 906 et
1617 886 1671 905 non

855 921 876 948 Β
890 929 917 955 itt
929 928 1082 955 avaritiam.

923 974 967 1000 5'1.
988 973 1084 1000 Averte
1099 972 1194 1000 oculos
1206 980 1282 1000 meos
1297 980 1330 999 ne
1342 973 1451 999 videant
1466 972 1626 1002 vanitatem;
1646 970 1671 996 in

890 1020 933 1047 via
952 1024 996 1046 tua
1010 1019 1116 1046 vivifica
1128 1026 1181 1045 me.
1580 1011 1585 1017 “

930 1065 973 1092 58.
995 1065 1090 1092 Statue
1112 1071 1192 1092 servo
1213 1068 1260 1091 tuo
1282 1063 1418 1098 eloquium
1436 1068 1511 1090 tuum
1532 1063 1559 1088 in
1577 1061 1673 1088 timore

892 1115 948 1138 tuo.

927 1156 971 1184 59.
988 1155 1103 1190 Amputa
1119 1155 1295 1189 opprobrium
1313 1163 1402 1182 meum
1414 1175 1420 1186 ,
1435 1154 1507 1189 qttod
1522 1153 1675 1186 suspicatus

893 1209 966 1234 sum,
985 1201 1049 1235 quia
1064 1201 1165 1235 judicia
1183 1206 1227 1227 tua
1243 1201 1373 1235 jucumla.

929 1246 974 1273 40.
992 1245 1061 1273 Ecce
1073 1245 1214 1280 eoneupivi
1233 1245 1358 1272 mandata
1374 1251 1431 1276 tua,
1448 1244 1474 1271 in
1492 1244 1619 1279 aequitate
1630 1248 1675 1270 tua

894 1290 1001 1319 vivifica
1019 1298 1071 1317 tne.

618 1345 805 1374 ATHANASII
821 1343 1117 1375 INTEBPRETATIO.

86 1405 130 1433 ‘39.
154 1405 302 1433 Ἀπέλασον
314 1406 363 1438 τὰς
378 1406 525 1442 ἐπιθυμίας
535 1406 582 1435 τοῦ
596 1407 698 1442 κόσμου
710 1407 757 1433 ἀπ’
767 1404 844 1442 ἐμοῦ,

56 1451 98 1477 καὶ
117 1451 229 1487 ἐλέησόν
245 1461 278 1486 με
294 1452 397 1487 ὁδηγῶν
412 1461 444 1487 με
457 1453 486 1478 ὲν
501 1452 540 1488 τῷ
556 1453 631 1488 νόμῳ
645 1461 705 1481 σου.

87 1496 130 1523 50.
148 1497 296 1532 Ιῖεπόθηκα
324 1498 369 1524 τὸν
398 1498 461 1524 Υἰὸν
488 1498 536 1524 τοῦ
549 1498 628 1530 Θεοῦ,
649 1498 699 1534 τὴν
726 1497 786 1525 ὁδὸν
798 1498 846 1533 τῆς

57 1544 193 1579 ἀληθείας·
220 1545 405 1580 ἐμνημόνευον
428 1545 482 1580 γὰρ
510 1545 540 1571 τὸ
571 1545 646 1580 βῆμά
680 1553 726 1571 σου
750 1545 781 1571 τὸ
798 1553 846 1579 φο-

56 1590 143 1625 ϐερόν,
393 1615 396 1619 .

89 1636 132 1663 51.
161 1636 327 1663 ’Δκολουθείν
338 1637 465 1673 ἠρξάμην
490 1638 547 1668 τοῖς
571 1636 764 1672 προστάγμασι
786 1645 843 1668 σου,

58 1681 148 1718 Κύριε,
166 1683 203 1718 μὴ
216 1683 345 1718 ἀδόκιμόν
358 1692 390 1718 με
402 1683 485 1719 ἐάσῃς
496 1683 524 1709 ὲν
535 1682 636 1715 αὐτοῖς.

89 1728 133 1754 52.
153 1728 304 1764 Προθύμως
314 1729 382 1755 ποιῶ
399 1729 429 1755 τὸ
453 1727 559 1765 θέλημά
580 1736 640 1762 σου,
661 1729 725 1756 ὅταν
739 1729 847 1764 ἀνοίξῃς

57 1773 102 1807 τὴν
117 1773 231 1808 καρδίαν
248 1783 297 1809 μου
312 1773 452 1809 ἐγγράψας
470 1775 498 1800 ὲν
514 1775 582 1809 αὐτῇ
593 1773 638 1800 τὸν
652 1774 734 1809 νόμον
752 1782 810 1800 σου.

89 1819 132 1845 55.
146 1819 276 1854 Στήριξον
286 1821 314 1846 ἐν
329 1821 361 1855 τῇ
380 1819 484 1856 διανοίᾳ
500 1829 550 1855 μου
565 1820 595 1846 τὸ
622 1820 680 1851 πῶς
699 1819 847 1846 ὲπιτελέσω

38 1883 40 1885 ›
58 1866 90 1892 τὰ
102 1867 278 1903 δικαιώματά
291 1877 348 1900 σου,
363 1869 410 1895 καὶ
423 1868 581 1904 ὲπιποθήσω
606 1868 650 1895 ἀεὶ
665 1867 846 1903 αίτεῖσθαιῌ)

59 1914 128 1949 παρὰ
143 1913 191 1940 σοῦ
207 1915 256 1949 τὴν
270 1915 348 1950 χάριν
359 1915 471 1954 ταύτην.

90 1960 133 1986 54.
150 1959 270 1987 Φώτισόν
294 1970 338 1995 με,
367 1961 414 1987 καὶ
427 1959 586 1996 ὲπιζητήσω
617 1960 666 1995 τὴν
699 1959 847 1996 ἑρμηνείαν

59 2007 107 2032 τῶν
119 2007 237 2042 Γραφῶν
258 2015 315 2039 σου,
333 2007 380 2034 καὶ
394 2007 538 2034 σπουδάσω
551 2006 693 2042 πληρῶσαι
715 2005 798 2040 αὐτὴν
814 2005 848 2031 δι’

60 2053 144 2088 ἔργων
162 2053 282 2087 ἀγαθῶν.

92 2100 135 2127 55.
159 2100 235 2126 Ἐπεὶ
249 2099 344 2135 νήπιός
362 2100 430 2135 είμι,
457 2098 504 2125 καὶ
533 2098 583 2124 οὐκ
607 2095 664 2125 οἶδα
688 2097 804 2132 βαδίζειν
818 2097 848 2124 ἐν

61 2149 114 2179 ταῖς
129 2147 251 2179 ὲντολαῐς
275 2156 333 2179 σου,
356 2147 444 2182 ζητῶν
460 2147 507 2173 καὶ
519 2146 569 2182 τὴν
582 2146 639 2173 ὁδὸν
660 2145 759 2174 αὐτῶν·
779 2145 848 2181 κρά-

61 2201 139 2228 τησον
149 2195 182 2228 τῇ
199 2193 290 2228 χάριτί
304 2185 352 2220 σου
368 2193 418 2228 τὴν
432 2192 521 2228 ψυχήν
537 2200 598 2227 μου,
612 2192 659 2218 καὶ
673 2190 785 2226 ποίησόν
815 2198 849 2225 με

63 2240 154 2269 πατεῖν
170 2239 199 2264 ὲν
215 2239 321 2269 αὐταῖς.

928 1404 974 1432 29.
991 1403 1101 1438 Expelle
1122 1410 1138 1429 a
1158 1410 1201 1430 me
1222 1402 1317 1429 mundi
1330 1401 1576 1436 concupiscentias,
1590 1406 1617 1428 et
1627 1401 1677 1427 mi‘

895 1456 985 1477 serere
997 1449 1049 1476 mei
1063 1447 1200 1475 deducens
1215 1455 1257 1473 me
1271 1447 1297 1473 in
1314 1447 1370 1482 lege
1387 1451 1442 1473 tua.

930 1495 975 1522 50.
990 1493 1144 1522 Desideravi
1166 1493 1265 1520 Filitttn
1283 1492 1345 1524 Dei,
1361 1491 1407 1526 qni
1424 1495 1464 1518 est
1479 1491 1523 1518 via
1540 1490 1677 1520 veritatis:

894 1540 1052 1568 recordatus
1068 1540 1140 1567 enim
1154 1547 1215 1567 sum
1229 1539 1362 1566 tremendi
1376 1539 1415 1565 tui
1434 1537 1592 1564 tribunalis.

931 1639 975 1666 5|.
993 1638 1100 1666 Institui
1118 1638 1194 1673 sequi
1218 1642 1349 1673 praecepta
1368 1642 1424 1670 tua,
1445 1636 1570 1668 Domine,
1589 1643 1623 1662 ne
1638 1643 1680 1662 me

897 1685 1040 1720 roprobum
1056 1686 1081 1711 in
1098 1685 1164 1718 ipsis
1181 1684 1314 1711 dimittas.

932 1731 976 1758 52.
993 1730 1125 1757 Alacriter
1147 1729 1218 1756 facio
1242 1729 1409 1755 voluntatem
1430 1732 1522 1757 tuam,
1540 1734 1601 1752 cutn
1619 1733 1682 1759 apo-

897 1777 985 1804 rueris
999 1784 1045 1803 cor
1057 1783 1146 1802 meum
1161 1775 1313 1802 inscribens
1328 1774 1354 1800 in
1372 1773 1430 1808 ipso
1445 1773 1528 1806 legem
1542 1777 1626 1798 tuam.

932 1823 977 1849 55.
994 1822 1131 1849 Conlirma
1156 1821 1183 1847 in
1208 1824 1298 1847 mente
1314 1827 1372 1846 mea
1389 1817 1525 1851 quomodo
1543 1816 1680 1852 perficiam

895 1868 1109 1903 justilicationes
1127 1872 1198 1899 tuas,
1214 1866 1241 1893 et
1252 1865 1412 1893 desiderabo
1426 1871 1532 1898 semper
1545 1868 1560 1890 a
1576 1867 1601 1890 te
1612 1863 1680 1889 hanc

898 1914 1023 1948 gratiam.

933 1960 976 1987 54.
996 1959 1120 1986 Illumina
1145 1966 1198 1992 tne,
1223 1962 1250 1985 et
1274 1957 1414 1992 exquiram
1431 1955 1680 1989 interpretationem

899 2011 1007 2033 tuarum
1028 2004 1246 2040 Seripturarum,
1260 2008 1288 2031 et.
1302 2003 1418 2031 studebo
1433 2010 1492 2029 eam
1513 2001 1624 2035 implere
1634 2007 1682 2035 per

898 2059 980 2086 opera
992 2051 1072 2077 bona.

936 2095 979 2122 55.
1001 2094 1136 2127 Quoniam
1164 2093 1254 2120 infans
1279 2100 1357 2125 sum,
1374 2096 1401 2119 et
1416 2091 1476 2118 novi
1495 2089 1633 2117 ambulare
1655 2088 1681 2115 in

899 2141 1043 2176 prteceptis
1055 2140 1120 2172 tuis,
1136 2147 1261 2174 quaerens
1273 2139 1363 2165 adhuc
1376 2145 1471 2165 eorum
1487 2137 1555 2162 \‘iatn
1569 2145 1575 2162 :
1589 2142 1684 2169 appre-

901 2186 989 2213 hende
1001 2185 1085 2220 gratia
1105 2189 1150 2211 tua
1166 2184 1285 2211 animam
1301 2190 1388 2210 meam
1400 2203 1407 2215 ,
1428 2188 1455 2209 et
1473 2181 1514 2208 fac
1533 2187 1562 2208 ut
1576 2181 1603 2207 in
1618 2180 1684 2214 ipsis

900 2232 1047 2259 ambulent.

94 2285 137 2312 56.
158 2268 307 2316 Ὑπόταξον
318 2283 367 2320 τὴν
389 2283 503 2320 καρδίαν
517 2292 566 2318 μου
588 2284 627 2314 είς
651 2268 684 2312 σὰ
717 2281 852 2318 μαρτύριά

938 2278 982 2305 56.
1001 2277 1110 2311 Subjice
1134 2284 1182 2303 eor
1197 2282 1288 2303 meutn
1307 2273 1470 2302 testimoniis
1486 2272 1554 2304 tuis,
1579 2276 1606 2299 et
1630 2279 1685 2298 non

64 2337 116 2363 σου,
131 2329 180 2356 καὶ
198 2328 271 2365 [οὐκ]
289 2330 328 2361 είς
338 2328 388 2365 τὴν
415 2327 630 2355 πλεονεκτοῦσάν
648 2335 681 2361 με
702 2325 850 2361 ἁμαρτίαν,

64 2375 103 2401 ἵνα
120 2375 157 2410 μὴ
170 2372 192 2401 ῶ
204 2374 408 2410 δεδουλωμένος.

95 2421 138 2449 57.
156 2421 275 2448 Φώτισον
286 2422 349 2452 τοὺς
362 2419 516 2455 ὀφθαλμοὺς
529 2418 581 2455 τῆς
595 2419 714 2450 διανοίας
731 2426 793 2452 μου,
805 2417 852 2444 τοῦ

65 2468 98 2503 μὴ
114 2469 245 2503 προσχεῖν
258 2468 298 2499 είς
314 2467 363 2502 τὴν
378 2466 529 2493 ἀπόλαυσιν
545 2464 593 2492 τοῦ
620 2464 733 2499 κόσμου·
755 2464 784 2495 ὲν
813 2461 853 2498 τῷ

69 2513 116 2548 Γἱῷ
128 2522 176 2540 σου
194 2512 362 2548 ζωοποίησόν
377 2520 421 2547 με.

97 2560 140 2587 58.
155 2558 286 2594 Στήριξον
301 2559 341 2590 εἰς
363 2558 413 2593 τὴν
437 2556 552 2593 καρδίαν
568 2564 617 2592 μου
637 2555 667 2582 τὸ
692 2554 782 2588 λόγιόν
807 2561 854 2580 σου

69 2606 132 2638 μετὰ
147 2605 193 2632 τοῦ
210 2605 291 2639 φόϐου
304 2613 363 2631 σου.

99 2651 141 2678 59.
161 2651 263 2685 Ἀῳελε
297 2650 344 2677 ἀπ’
369 2649 436 2685 ἐμοῦ
460 2649 510 2684 τὴν
534 2647 664 2683 αἰσχύνην
684 2645 741 2682 [ἣν]
772 2653 855 2681 προσ-

69 2696 178 2737 εδόκησα
194 2697 265 2732 ἔχειν
280 2698 327 2724 ἐπι
355 2696 403 2723 τοῦ
424 2695 544 2731 βήματός
559 2703 616 2727 σου,
634 2695 673 2720 δτι
688 2693 715 2719 αἱ
736 2694 854 2726 ἐπαγγε-

70 2742 119 2772 λίαι
136 2755 182 2772 σου
198 2746 308 2780 ἀγαθαί.

102 2791 146 2818 40.
167 2793 232 2819 ’1δοῦ
248 2791 364 2828 ἐδίψησα
386 2792 471 2817 πειεῖν
483 2790 531 2821 τὰς
542 2788 650 2820 ἐντολάς
666 2795 722 2818 σου,
744 2786 851 2818 πότισόν

74 2844 104 2870 με
115 2837 163 2872 τὴν
174 2837 253 2873 χάριν
268 2845 324 2863 σου.

103 2894 139 2929 (1)
154 2894 212 2922 Vox
226 2893 357 2921 αἰτεῖσθαι
371 2891 507 2920 abundare
525 2890 629 2918 videtur

905 2323 1129 2351 circumvenienti
1146 2330 1190 2349 me
1206 2326 1334 2357 peccato,
1353 2328 1387 2347 ne
1403 2320 1509 2354 redigar
1529 2320 1555 2345 in
1571 2318 1685 2345 servitu-

902 2375 965 2398 tem.
1148 2371 1157 2384 ‘

938 2417 982 2444 57.
998 2415 1123 2442 Illumina
1145 2414 1240 2442 oculos
1263 2412 1362 2440 mentis
1384 2419 1468 2443 mete,
1486 2418 1519 2437 ne
1533 2410 1686 2437 adhaeream

902 2463 997 2491 mundi
1010 2461 1195 2496 voluptatibus
1210 2460 1255 2487 :in
1273 2458 1341 2486 Filio
1355 2462 1401 2485 tuo
1414 2457 1518 2484 viviﬁca
1534 2465 1585 2483 tne.
1651 2457 1654 2460 ’

941 2558 988 2586 58.
1005 2557 1142 2584 Conlirma
1158 2556 1184 2583 in
1203 2555 1285 2583 corde
1299 2561 1360 2581 meo
1381 2552 1519 2587 eloquium
1534 2555 1610 2577 tuum
1625 2556 1686 2576 cun:

905 2603 922 2630 ti
927 2611 1001 2629 tnore
1016 2607 1071 2629 tuo.

938 2649 982 2675 59.
997 2647 1081 2674 Aufer
1094 2654 1109 2673 a
1124 2654 1168 2674 me
1184 2646 1313 2681 pudorem
1324 2665 1332 2676 ,
1347 2651 1428 2678 quem
1446 2641 1538 2669 subire
1547 2644 1688 2674 exspecta-

906 2693 932 2720 vi
952 2694 979 2719 in
998 2697 1045 2720 tuo
1059 2691 1198 2724 tribunali,
1224 2692 1288 2725 quia
1310 2691 1389 2716 home
1410 2691 1475 2715 sunt.
1492 2685 1689 2720 promissiones

907 2744 966 2766 tute.

938 2782 984 2810 40.
1001 2783 1070 2812 Ecce
1083 2783 1155 2811 sitivi
1174 2782 1262 2809 facere
1276 2779 1403 2807 mandata
1419 2782 1475 2811 tua,
1488 2780 1551 2811 pota
1567 2782 1611 2802 me
1626 2782 1689 2812 gn-

905 2829 941 2855 tia
958 2833 1013 2856 tua.
