1910 3048
247 145 314 172 ιιετ

666 145 694 173 5.
715 144 899 172 ΛΤΗᾹΝΔΞΙΙ
917 144 993 173 ορρ.
1012 145 1102 174 PARS
1123 146 1166 174 Ill.
1188 161 1223 167 --
1240 147 1449 176 EXEGETICA.

1791 146 1856 173 “88

281 206 326 232 64.
344 204 526 232 Misericordia
542 208 600 236 tua,
618 203 742 237 Domine,
760 205 839 240 plena
861 209 902 233 est
927 209 998 233 terra
1015 225 1022 238 ,

1109 206 1152 233 θι.
1167 206 1219 233 Τοῦ
1231 206 1321 238 ἐλέους
1336 215 1392 238 σου,
1402 206 1498 242 Κύριε,
1510 206 1641 242 πλήρηςή
1653 205 1700 240 γῆ,
1711 205 1745 232 τὰ
1755 205 1857 233 δικαιώ-

243 250 451 286 justiiicationt-s
466 254 526 276 tuas
541 249 608 276 doce
623 257 675 276 me.

282 296 326 323 65.
344 295 495 322 Bonitatem
519 295 605 322 fecisti
630 303 692 322 cum
722 303 801 323 servo
820 302 884 329 tuo,
903 295 1027 329 Domine,

245 342 395 369 secundum
414 341 525 367 verbum
544 345 632 367 tuum.

281 388 324 414 66.
341 387 502 418 Bnnitatem,
519 391 546 413 et
561 387 744 422 disciplinam,
759 392 786 414 et
798 387 940 414 scientiam
957 388 1026 416 doce

246 442 299 463 me,
315 434 377 467 quia
393 434 526 460 mandatis
547 433 600 460 luis
615 434 728 460 credidi.

279 480 324 507 67.
344 479 506 513 Priusquam
521 480 678 506 humiliarer
692 488 741 514 cgo
756 480 867 515 deliqui,
881 485 1023 516 propterea

246 526 354 560 cloquiu
360 535 383 552 ιιι
397 531 472 553 tuum
485 526 630 553 custodiri.

279 571 324 598 68.
340 571 430 598 Bonus
442 579 470 598 cs
482 577 520 603 tu,
533 576 560 598 et
574 573 600 598 in
615 572 734 599 bonitate
746 577 791 599 tua
807 572 875 599 doce
887 579 930 599 me
944 572 1026 606 justi-

245 617 384 643 llcaliones
400 622 469 643 tuas.

279 662 324 689 69.
342 662 516 696 Multiplicata
531 667 573 690 est
586 671 668 698 super
689 671 732 690 me
746 663 876 698 iniquitas
892 664 1025 699 superbo-

245 715 322 734 rum:
340 716 390 742 ego
408 713 498 734 autem
511 710 537 735 in
551 713 607 735 toto
623 709 703 735 corde
716 716 776 736 meo
791 709 934 736 scrutabor
949 717 1026 736 man-

245 754 306 780 data
325 758 380 780 tua.

281 799 322 825 70.
341 799 518 834 Cmgulatum
541 805 583 827 est
606 801 678 827 sicut
701 801 744 828 lac
771 809 817 828 cor
841 809 936 828 eorum
952 810 959 829 :
974 808 1025 836 ego

245 851 309 870 vero
323 844 407 879 legem
424 850 496 872 tuam
513 846 657 873 meditatus
671 854 744 873 sum.

1082 252 1155 286 ματά
1169 261 1215 279 σου
1227 252 1331 284 δίδαξόν
1346 261 1389 288 με.

1114 297 1157 324 65.
1177 298 1355 333 Χρηστότητσ.
1377 297 1507 333 ἐποίησας
1533 297 1600 332 μετὰ
1621 297 1668 323 τοῦ
1692 296 1784 323 δούλου
1801 305 1856 329 σιν,

1078 342 1173 377 Κύριε,
1190 343 1262 370 κατὰ
1276 344 1322 370 τὸν
1336 343 1413 377 λόγον
1429 352 1485 369 σου.

1112 389 1156 415 66.
1173 389 1361 424 Χρηστότητα,
1376 389 1422 415 καὶ
1434 388 1565 421 παιδείαν,
1579 388 1626 414 καὶ
1641 389 1744 422 γνῶσιν
1759 388 1855 420 δεδιξὸν

1079 443 1123 470 με,
1139 435 1179 461 ὁτι
1191 436 1250 466 ταῖς
1266 435 1385 467 ἐντολαῖς
1399 444 1445 461 σου
1460 435 1617 461 ἐπίστευσα.

1111 481 1154 508 67.
1172 481 1228 517 Πρὸ
1240 481 1287 508 τοῦ
1304 490 1337 516 με
1354 481 1553 516 ταπεινωθῆναι
1574 480 1629 514 ἐγὼ
1651 479 1852 514 ὲτιλημμέλησα.

1076 524 1120 551 διὰ
1134 525 1212 552 τοῦτο
1224 525 1254 552 τὸ
1272 525 1361 560 λόγιόν
1379 534 1426 551 σου
1443 525 1572 560 ἐφύλαξα.

1112 571 1156 598 68.
1171 571 1294 606 Χρηστδς
1319 569 1344 598 εἶ
1366 573 1409 603 σὺ,
1425 571 1522 606 Κύριε,
1537 571 1583 597 καὶ
1604 571 1633 597 ὲν
1648 572 1681 606 τῇ
1700 570 1854 606 χρηστότητί

1077 624 1124 643 σου
1138 617 1242 648 δίδαξόν
1257 626 1290 652 με
1306 617 1340 644 τὰ
1356 616 1528 651 δικαιώματὰ
1539 625 1597 643 σου.

1111 662 1155 689 69.
1169 662 1338 698 Ἐπληθύνθη
1354 663 1396 689 ἐπ’
1412 663 1461 696 ἐμὲ
1482 663 1572 689 ἀδικία
1588 662 1786 697 ὑπερηφάνων·
1805 662 1856 695 ἐγὼ

1076 708 1105 735 δὲ
1117 709 1145 734 ὲν
1161 708 1208 744 ὅλῃ
1225 709 1322 744 καρδίᾳ
1338 717 1387 744 μου
1402 709 1570 744 ὲξερευνήσω
1583 708 1631 740 τὰς
1644 708 1753 739 ἐντολάς
1769 716 1822 734 σου.

1111 798 1154 825 70.
1167 798 1304 834 Ἐτυρώθη
1317 799 1354 830 ὡς
1371 798 1442 833 γάλα
1457 799 1473 834 ἠ
1486 798 1583 834 καρδία
1596 797 1698 824 αὐτῶν·
1714 797 1804 831 ἑγὼόὲ
1814 805 1855 822 τον

1075 838 1158 879 νόμον
1172 849 1218 870 σου
1233 845 1394 879 ὲμελέτησα.

281 888 323 914 7l.
343 888 446 915 Bonum
461 890 536 922 mihi.
551 891 614 924 quia
629 891 776 918 humiliasti
791 899 842 924 me,
865 897 894 919 ut
920 892 1023 919 discam

1112 890 1153 916 7l.
1166 891 1278 924 ’Λγαοὸν
1295 899 1350 926 μοι,
1366 891 1406 917 ὅτι
1419 889 1602 921 ἐταπεινωτάς
1618 898 1661 924 με,
1675 889 1748 920 ὅπως
1764 888 1795 915 ἂν
1808 889 1855 923 μά-

245 934 452 968 iustilicationes
465 940 535 962 tuas.

281 980 323 1007 72.
342 980 445 1008 Bonum
459 982 524 1008 milii
539 982 581 1009 lex
594 983 649 1010 oris
665 983 716 1015 tui,
732 991 813 1017 super
833 983 917 1010 millia
934 984 992 1011 auri
1002 988 1028 1010 et

245 1032 260 1052 I
265 1030 360 1060 rgenti.

281 1069 324 1097 75.
338 1070 433 1098 Manus
451 1075 503 1098 tua:
518 1071 642 1099 fecerunt
655 1080 708 1103 me.
721 1077 748 1099 et
757 1073 961 1107 plasmavcrnnt
974 1081 1026 1106 me,

244 1113 277 1140 da
296 1116 361 1142 mihi
375 1117 549 1148 intellectum.
563 1123 590 1144 et
604 1119 707 1145 discam
722 1120 846 1146 mandata
864 1124 921 1146 tua.

282 1161 325 1188 74.
345 1161 396 1195 Qui
422 1163 516 1190 timent
527 1168 553 1191 te
567 1164 695 1191 videbunt
720 1174 772 1195 me.
793 1171 820 1192 et
836 1166 1021 1193 laetabuntur:

244 1207 308 1241 quia
325 1207 353 1234 in
367 1208 448 1236 verba
463 1213 509 1236 tua
523 1211 725 1244 supersperavi.

1078 935 1116 962 οω
1131 935 1164 962 τὰ
1175 935 1349 971 δικαιώματά
1368 945 1426 963 σου.

1113 980 1156 1008 72.
1168 981 1282 1014 Ἀγαθός
1298 990 1343 1016 μοι
1354 982 1368 1007 ό
1381 981 1462 1017 νόμος
1474 981 1520 1008 τοῦ
1536 980 1668 1016 στόματός
1680 989 1727 1006 σου
1743 979 1812 1015 ὑπὲρ
1822 989 1856 1014 χι-

1076 1027 1168 1058 λιάδας
1182 1027 1294 1062 χρυσίου
1311 1028 1358 1054 καὶ
1368 1027 1511 1062 ἀργυρίου.

1111 1072 1156 1098 75.
1172 1073 1204 1098 Δί
1215 1072 1304 1108 χεῖρές
1321 1080 1368 1098 σου
1380 1072 1510 1107 ἐποίησάν
1527 1080 1578 1106 με,
1599 1071 1647 1098 καὶ
1668 1070 1790 1097 ἔπλασαν
1813 1077 1854 1104 με,

1075 1118 1211 1144 συνέτισόν
1229 1127 1272 1154 με,
1288 1119 1335 1145 καὶ
1354 1118 1510 1154 μαθήσομαι
1522 1118 1572 1148 τὰς
1588 1117 1699 1147 ἐντολάς
1712 1125 1769 1142 σου.

1115 1164 1158 1190 76.
1175 1165 1206 1190 Οἱ
1223 1163 1385 1199 φοϐούμενοί
1399 1172 1428 1190 σε
1440 1163 1549 1198 δψονταί
1572 1172 1620 1198 με,
1640 1163 1687 1189 καὶ
1706 1160 1855 1197 εὐφρανθή-

1079 1219 1179 1242 σονται,
1197 1211 1237 1236 ὃτι
1254 1211 1293 1242 εἰς
1301 1211 1364 1242 τοὺς
1375 1210 1471 1244 λόγους
1489 1218 1534 1236 σου
1548 1209 1697 1244 ὲπήλπισα.

809 1266 995 1294 ATHANASII
1013 1265 1301 1294 lNTERPRETATlO.

281 1319 325 1347 84.
340 1318 399 1346 Non
412 1324 453 1346 est
470 1321 561 1353 homo,
580 1321 658 1356 cujus
674 1330 728 1349 non
753 1323 918 1354 miserearis.
946 1328 1027 1358 atque

1110 1324 1154 1350 64.
1172 1324 1229 1350 Οὐκ
1243 1323 1315 1349 ἐστιν
1327 1322 1479 1358 ἄνθρωπος,
1489 1321 1518 1348 δν
1532 1321 1582 1347 οὐκ
1595 1320 1690 1352 ἐλεεῖς,
1701 1319 1775 1355 κάμὲ
1784 1319 1856 1355 ἐλεή-

245 1365 326 1391 eliam
342 1365 394 1391 mei
408 1365 590 1399 misereberis,
603 1371 630 1394 et
640 1367 750 1395 docebis
759 1376 802 1395 me
815 1368 1026 1403 iustiﬁcationes

1098 1379 1141 1401 εις.
1159 1371 1205 1396 καὶ
1220 1369 1335 1401 διδάξεις
1350 1377 1383 1404 με
1395 1368 1431 1395 τὰ
1442 1366 1613 1402 δικαιώματά
1626 1375 1683 1392 σου.

246 1415 315 1436 tuas.

281 1455 325 1482 65.
342 1455 455 1484 Omnem
473 1462 546 1484 tuam
563 1458 710 1486 bonitatem
727 1460 873 1495 implevisti
900 1461 928 1490 in
957 1471 1000 1491 me
1017 1484 1024 1496 ,

247 1502 472 1535 quemadmodum
485 1504 549 1530 mihi
563 1506 721 1539 promisisti.

1109 1458 1153 1486 65.
1166 1458 1260 1485 Πᾶσαν
1269 1457 1319 1498 τὴν
1329 1457 1506 1493 ἅγαθωσύνην
1518 1465 1565 1483 σου
1574 1456 1737 1492 ἑπλήρωσας
1747 1457 1788 1488 εἰς
1798 1455 1857 1490 ἐμὲ,

1021 1525 1024 1529 λ
1075 1505 1165 1536 καθὼς
1181 1499 1337 1540 ὲπηγγείλω
1351 1512 1405 1539 μοι.

280 1546 324 1574 66.
343 1547 519 1581 Charitatem,
532 1555 558 1577 et
572 1551 758 1584 humilitatem,
771 1557 798 1580 et
810 1552 937 1582 virtutem
950 1554 1026 1582 Scri-

1109 1551 1154 1578 66.
1165 1551 1299 1586 Ἀγάπην,
1314 1550 1361 1578 καὶ
1373 1548 1546 1581 ταπείνωσιν,
1559 1549 1606 1576 καὶ
1620 1548 1668 1583 τὴν
1682 1549 1797 1584 δύναμιν
1807 1548 1857 1574 τῶν

247 1596 385 1626 pturarum
403 1598 510 1621 tuarum
522 1596 592 1622 scire
608 1604 650 1623 me
664 1605 712 1631 per
730 1599 845 1632 gratiam
865 1604 938 1626 tuam
958 1608 1026 1627 con-

1098 1597 1189 1632 ραφῶν
1207 1605 1253 1623 σου
1267 1596 1366 1623 ειδέναι
1385 1605 1419 1631 με
1434 1595 1478 1622 διὰ
1491 1595 1539 1630 τῆς
1552 1595 1661 1630 χάριτός
1677 1603 1724 1621 σου
1740 1593 1856 1630 δὼρησιί

246 1638 310 1665 cede
325 1639 402 1670 mihi,
416 1640 480 1674 quia
493 1641 594 1668 credidi
615 1643 687 1676 quod
707 1647 749 1670 est
775 1644 920 1672 retributio
943 1645 1026 1680 justis

1098 1652 1131 1674 οι,
1153 1643 1194 1669 ὅτι
1216 1643 1374 1675 ἐπίστευσα,
1390 1643 1432 1669 ὃτι
1454 1641 1526 1668 ἔστιν
1551 1641 1729 1673 ἀνταπόδοσις
1750 1641 1856 1668 δικαίων

245 1688 326 1717 atque
343 1683 462 1718 injustis.

1076 1689 1122 1716 καὶ
1137 1688 1248 1715 ἀδίκων.

279 1729 322 1755 67.
341 1729 500 1764 Priusquam
525 1731 674 1764 subjicerer
697 1732 744 1759 tibi
761 1753 769 1765 ,
787 1740 837 1768 ego
857 1733 883 1761 in
900 1738 926 1762 te
939 1735 1024 1762 multa

1110 1735 1155 1761 67.
1167 1734 1223 1770 Πρὸ
1241 1732 1287 1760 τοῦ
1311 1742 1344 1769 με
1359 1732 1526 1768 ὕποταγῆναί
1540 1741 1590 1763 σοι,
1606 1731 1660 1765 ὲγὼ
1682 1732 1724 1763 είς
1738 1731 1767 1758 σὲ
1779 1731 1856 1758 πολλὰ

245 1775 363 1808 peccavi,
377 1781 516 1810 propterea
540 1785 623 1810 nunc,
637 1779 712 1813 quod
722 1779 879 1814 pracepisti
886 1780 965 1813 mihi,
977 1789 1026 1808 cu-

1098 1789 1209 1816 μαρτον,
1219 1780 1263 1806 διὰ
1274 1779 1354 1806 τοῦτο
1364 1779 1410 1805 νῦν
1425 1780 1493 1814 ὅπερ
1508 1778 1630 1805 ὲνετείλω
1646 1786 1702 1813 μοι,
1713 1777 1838 1812 ἐφύλαξα.

245 1821 351 1847 stodivi.

278 1864 322 1892 68.
337 1865 427 1894 Bonus
439 1874 480 1899 es.
497 1867 654 1899 Domine,et
667 1869 693 1895 in
708 1869 809 1904 Spiritu
823 1874 871 1897 tuo
886 1869 958 1898 bono
973 1871 1024 1898 do-

244 1918 274 1938 ce
287 1920 329 1939 me
336 1912 544 1947 justiﬁcationes
566 1919 626 1942 tuas
640 1919 667 1942 et
681 1923 845 1950 cognoscere
857 1921 884 1943 et
901 1916 1000 1944 facere.

278 2003 321 2031 69.
336 2004 478 2032 Multitudo
491 2006 669 2040 cupiditatum
696 2011 723 2033 ct
746 2007 941 2042 cogitationum
965 2007 1024 2035 dia—

243 2048 390 2075 bolicarum
407 2048 487 2075 irruit
500 2050 527 2076 in
541 2058 598 2076 me:
614 2058 664 2084 ego
676 2055 765 2077 autem
781 2059 954 2085 nequaquam
969 2055 1024 2078 tra-

243 2092 296 2118 didi
313 2093 338 2119 in
352 2093 423 2128 ipsas
435 2101 482 2121 cor
496 2101 597 2126 meum,
612 2102 676 2122 nam
698 2100 815 2123 mentem
835 2104 922 2123 meam
940 2097 1023 2124 habe-

242 2138 303 2165 bam
319 2139 345 2165 in
357 2140 498 2174 praeceptis
512 2141 577 2168 tuis.

277 2184 320 2211 70.
335 2185 502 2212 Obdnratum
515 2191 556 2214 est
570 2194 618 2214 eor
631 2194 738 2220 eorum,
756 2195 807 2223 ego
831 2193 922 2216 autem
945 2196 1022 2216 men-

239 2235 293 2257 tem
308 2238 395 2258 meam
409 2231 436 2258 in
450 2232 545 2259 timore
561 2236 607 2259 tuo
622 2233 720 2260 habeo.

275 2276 318 2302 7l.
332 2275 435 2304 Bonum
450 2278 526 2310 mihi,
543 2278 616 2313 quod
637 2277 842 2306 mansuefecisti
855 2286 904 2306 cor
919 2287 1020 2311 meum,

241 2327 270 2348 ιιι
284 2322 416 2356 excipiam
432 2324 545 2357 gratiam
560 2329 644 2350 tuam.

1109 1869 1154 1896 68.
1164 1868 1278 1902 Ἀγαθὸς
1292 1865 1328 1898 εἴ.
1345 1867 1442 1903 Κῦριε,
1456 1867 1503 1894 καὶ
1516 1868 1544 1893 ὲν
1558 1866 1596 1902 τῷ
1608 1866 1750 1902 Πνεύματὶ
1764 1875 1810 1893 σου
1820 1864 1855 1899 τῷ

1074 1914 1168 1949 ἀγαθῷ
1184 1914 1287 1947 δίδαξόν
1304 1923 1338 1949 με
1350 1914 1384 1940 τὰ.
1395 1912 1566 1948 δικαιώματά
1577 1921 1634 1945 σου,
1647 1913 1693 1939 καὶ
1703 1912 1853 1947 γινώσκειν,

1074 1962 1122 1988 καὶ
1137 1963 1234 1987 ποιεῖν.
1514 1986 1522 1994 ,

1108 2007 1153 2033 69.
1170 2006 1274 2042 Πλῆθος
1288 2005 1438 2040 ἐπιθυμιῶν
1450 2004 1497 2030 καὶ
1513 2003 1687 2038 ἐνθυμήσεων
1699 2001 1854 2030 διαὼλικῶν

1074 2053 1174 2087 ἐπέστη
1192 2058 1252 2087 μοι·
1266 2049 1321 2084 ἐγὼ
1334 2050 1363 2077 δὲ
1377 2050 1438 2076 οὐδὲ
1450 2049 1517 2080 ὅλως
1531 2049 1651 2082 ἐξέδωκα
1667 2050 1707 2080 εἰς
1728 2048 1797 2075 αὐτά
1809 2048 1853 2080 τήν

1073 2098 1186 2133 καρδίαν
1209 2105 1278 2133 μου·
1296 2097 1345 2132 τὴν
1368 2096 1422 2132 γὰρ
1437 2095 1555 2122 διάνοιάν
1580 2103 1630 2130 μου
1649 2091 1723 2129 εἶχον
1746 2095 1786 2125 εἰς
1808 2101 1850 2123 τι,

1073 2144 1183 2175 ἐντολάς
1196 2152 1254 2170 σου.
1711 2181 1713 2184 ⁴

1109 2190 1152 2217 70.
1164 2189 1344 2224 Ἐσκλήρυται
1359 2187 1375 2222 ἡ
1388 2186 1486 2222 καρδία
1502 2185 1602 2217 αὐτῶν,
1616 2185 1672 2220 ἐγὼ
1689 2185 1717 2212 δὲ
1737 2185 1786 2221 τὴν
1801 2184 1852 2211 διὰ·

1072 2235 1145 2261 νοιάν
1163 2242 1214 2269 μου
1226 2234 1265 2265 εἰς
1281 2232 1326 2260 τὸν
1344 2232 1426 2267 φόϐον
1442 2240 1490 2258 σου
1507 2231 1572 2266 ἔχω.

1109 2281 1151 2307 7l.
1164 2279 1279 2314 Ἀγαθὸν
1299 2287 1355 2314 μοι,
1371 2278 1413 2304 ὅτι
1432 2278 1570 2313 ὲπράῡνας
1590 2277 1640 2311 τὴν
1664 2277 1777 2313 καρδίαν
1793 2284 1849 2311 μου,

1073 2327 1144 2358 ὅπως
1157 2326 1188 2352 ἂν
1201 2325 1319 2361 δέξωμαι
1331 2324 1382 2360 τὴν
1395 2324 1475 2360 χάριν
1488 2331 1547 2350 σου.

277 2367 319 2394 72.
336 2367 417 2394 Bome
429 2369 494 2395 mihi
509 2374 572 2396 sunt
583 2369 693 2402 divitiae.
709 2377 778 2404 quas
792 2370 888 2397 dedisti
900 2366 968 2397 mihi
979 2370 1021 2397 di—

1109 2371 1150 2398 72.
1163 2370 1277 2405 ’Δγαθός
1300 2378 1346 2406 μοι
1367 2370 1382 2397 ὸ
1406 2368 1520 2400 πλοῦτος
1531 2368 1561 2395 ὃν
1573 2368 1676 2400 ἔδωκάς
1694 2377 1739 2403 μοι

240 2420 305 2440 oens
316 2413 448 2447 :Accipite
458 2413 585 2447 Spiritum
597 2420 717 2442 sanctum
726 2415 812 2450 '°,qui
827 2423 909 2450 super
924 2423 1020 2442 omnes

241 2458 404 2489 divitiasest.
412 2466 481 2493 quas
487 2460 620 2494 quispiam
631 2469 751 2495 unquam
760 2461 850 2488 animo
857 2461 1021 2494 conceperit.

276 2504 319 2530 75.
338 2503 378 2531 'l'u
393 2504 427 2531 ab
440 2504 527 2536 initio,
540 2513 601 2532 cum
618 2514 668 2541 ego
683 2507 770 2533 lutum
786 2513 886 2537 essem.
899 2510 927 2533 et
938 2512 1022 2539 terra,

240 2549 362 2576 formasti
378 2558 420 2577 me
435 2551 581 2578 secundum
593 2556 666 2579 tuam
684 2552 844 2587 imaginem,
871 2556 898 2579 et
922 2553 1023 2579 simili-

239 2596 371 2629 tudinem,
386 2600 413 2623 et
426 2604 499 2624 nunc
516 2602 673 2632 corruptum
690 2605 738 2625 cor
765 2605 854 2625 meum
869 2606 884 2625 ιι
906 2599 1023 2626 terrenis

239 2642 465 2677 concupiscentiis
479 2651 577 2670 renova
592 2643 667 2676 illud,
678 2648 705 2670 et
721 2643 775 2677 fac,
792 2651 853 2671 cum
868 2649 913 2671 tua
928 2644 1017 2679 imago

239 2689 283 2720 sit.
300 2693 330 2716 ut
343 2689 441 2716 habeat
455 2689 482 2716 in
500 2697 529 2717 se
545 2690 673 2725 inscripta
689 2695 822 2726 praecepta
840 2695 899 2718 tua.

273 2735 318 2762 74.
336 2735 428 2763 Sancti
454 2736 493 2763 tui
509 2741 536 2764 et
560 2744 655 2765 omnes
678 2737 767 2774 angeli
783 2738 821 2766 tui
837 2737 1012 2765 exsultabunt

240 2781 359 2808 vidcntes
375 2782 446 2816 quod
464 2789 506 2810 me
521 2783 656 2818 paenituit.

273 2836 295 2850 “
309 2835 386 2863 Joan.
402 2845 447 2866 xx.
460 2836 503 2863 ιιι).

1072 2417 1180 2444 Λάϐετε
1194 2414 1314 2451 Πνεῦμα
1329 2415 1414 2450 ἅτισν
1427 2416 1496 2450 ὑπὲρ
1513 2415 1602 2442 πάντα
1619 2413 1744 2445 πλοῦτον,
1762 2413 1790 2440 δν
1807 2412 1848 2439 ἐὰν

1071 2471 1111 2493 τις
1125 2461 1274 2496 ὲνθυμηθῇ.

1106 2507 1149 2534 75.
1165 2507 1200 2532 Σὺ
1212 2507 1241 2532 ὲν
1255 2506 1325 2541 ἀρχῇ
1342 2505 1427 2542 πηλὸν
1448 2506 1512 2532 ὂντα
1527 2514 1572 2541 με,
1587 2506 1636 2533 καὶ
1657 2505 1721 2541 γῆν,
1735 2505 1848 2535 ἔπλασας

1072 2553 1130 2578 κατ’
1146 2552 1238 2578 εἰκόνα
1256 2552 1305 2586 σὴν
1320 2552 1367 2578 καὶ
1379 2552 1517 2586 ὁμοίωσιν,
1532 2553 1579 2578 καὶ
1590 2551 1637 2578 νῦν
1649 2551 1797 2588 φθαρείσης
1805 2551 1848 2583 τῆς

1072 2598 1184 2633 καρδίας
1198 2606 1249 2632 μου
1267 2597 1319 2624 ὑπὸ
1330 2597 1384 2623 τῶν
1399 2597 1500 2632 γηίνων
1514 2597 1666 2632 ἐπιθυμιῶν
1678 2597 1846 2624 ἀνακαινισον

1072 2644 1165 2678 αὐτὴν,
1180 2644 1226 2669 καὶ
1241 2643 1363 2678 ποίησον,
1377 2642 1414 2674 ὡς
1431 2643 1480 2678 σὴν
1495 2641 1577 2670 οὖσαν
1592 2643 1696 2676 εἰκόνα,
1711 2643 1761 2675 τὰς
1780 2644 1845 2669 two-

1073 2690 1120 2722 λὰς
1135 2690 1207 2725 ἔχειν
1224 2690 1252 2716 ἐν
1263 2690 1331 2725 αὐτῇ
1346 2689 1584 2724 ἐγγεγραμμένας.

1100 2735 1143 2763 74.
1160 2736 1192 2762 Οἱ
1206 2735 1277 2770 ἆγιοι
1295 2743 1342 2761 σου
1357 2735 1404 2761 καὶ
1425 2734 1526 2766 πάντες
1538 2735 1563 2761 ot
1575 2734 1685 2770 ἄγγελοι
1701 2743 1748 2762 σου
1770 2731 1844 2767 ἀγαλ-

1072 2781 1207 2807 λιάσονται
1219 2780 1347 2816 ὁρῶντες,
1361 2780 1401 2808 ὄτι
1411 2781 1570 2816 μετενόησα.
