1910 3048
30 153 97 182 “89

454 150 496 178 DE
515 149 653 178 TITULIS
673 147 899 176 PSALMOBUM.
920 164 954 170 ——
975 147 1071 176 PSAL.
1093 147 1210 176 CXVIII.

1586 149 1655 176 H90

62 213 108 240 75.
129 211 243 246 Ἔγνων,
257 210 360 246 Κύριε,
387 209 428 236 ὅτι
448 209 604 244 δικαιοσύνη
631 209 665 236 τὰ
687 208 837 244 κρίματὰΑ

898 207 938 234 75.
949 207 1081 242 Cognovi,
1098 207 1221 238 Domine,
1239 207 1304 241 quia
1320 206 1437 241 aequitas
1459 205 1561 241 judicia
1588 211 1649 239 tua.

30 267 85 288 σου.
100 257 151 285 καὶ
166 256 279 292 ἀληθείᾳ
290 255 473 287 ὲταπεὶνωσάς
491 264 535 290 με.

63 304 108 332 76.
124 303 269 339 Γενηθήτω
280 302 312 337 δὴ
325 301 356 328 τὸ
371 301 446 333 ἔλεός
460 310 506 328 σου
523 302 569 328 τοῦ
582 301 771 328 παοακαλέσαι
783 311 816 337 με

29 350 99 377 κατὰ
113 350 146 376 τὸ
158 349 248 383 λόγιόν
263 356 310 374 σου
329 347 368 383 τῷ
382 346 467 382 δούλῳ
485 355 542 373 σου.

63 396 108 422 77.
132 393 299 422 Ἐλθέτωσὰν
319 402 365 429 μοι
379 393 403 419 oi
424 392 560 428 οἰκτιρμοί
586 400 653 425 σου,
671 393 717 420 καὶ
738 392 818 429 ζήσο-

33 450 90 477 μαι,
107 441 150 467 ὃτι
161 441 174 466 ὁ
186 439 268 474 νόμος
282 447 329 465 σου
346 438 446 473 μελέτη
463 447 513 474 μου
534 438 618 466 ἐστίν.

65 487 110 513 78.
126 485 353 520 Αἰσχυνθήτωσαν
364 485 544 519 ὑπερήφανοι,
556 485 596 510 ὃτι
608 484 707 516 ἀδίκως
717 485 820 520 ὴνόμη-

34 541 78 559 σαν
106 533 148 563 εἰς
171 532 239 566 ἐμέ.-
265 529 321 564 ὲγὼ
345 530 373 556 δὲ
401 530 572 566 ἀδολεσχήσω
584 532 613 557 ἐν
629 533 689 562 ταῖς
701 531 819 563 ἐντολαῖς

34 587 76 604 σου
81 598 87 604 .

65 624 110 650 79.
136 622 392 658 Ἐπιστρεψάτῳσάν
411 631 444 658 με
461 623 485 648 οἱ
498 623 658 658 φοὸούμενοί
681 632 721 653 σε.
738 623 783 650 καὶ
796 624 821 650 οι

36 668 218 702 γινώσκοντες
232 667 266 693 τὰ
282 667 420 703 μαρτύριά
435 676 493 694 σου.

66 713 111 740 80.
130 713 275 748 Γενηθήτω
286 714 302 748 ἡ
316 714 412 749 καρδία
426 723 476 749 μου
486 715 600 749 ἄμωμος
612 715 641 740 ἐν
649 717 705 746 τοῖς
715 715 824 742 δικαιώ-

37 759 99 794 ματί
114 767 172 787 σου.
185 759 260 790 ὅπως
277 759 309 786 ἂν
325 760 361 795 μὴ
374 759 522 794 αίτχυνθῶ.

67 805 111 832 81.
136 805 272 832 Ἐκλείπει
285 806 325 836 εἰς
343 806 373 832 τὸ
385 806 518 842 σωτήριόν
533 815 580 833 σου
595 808 612 843 ἡ
623 807 695 843 ψυχή
711 816 772 844 μου,
783 809 823 840 είς

35 852 96 883 τοὺς
110 852 209 885 λόγους
227 860 273 878 σου
284 852 432 888 ὲπήλπισα.

867 258 894 280 et
909 253 935 279 in
953 253 1066 280 veritate
1083 257 1127 279 tua
1143 252 1295 278 humiliasti
1311 259 1364 278 me.

905 298 947 325 76.
964 298 1023 325 Fiat
1036 298 1222 325 misericordia
1249 302 1295 324 tua
1319 302 1348 325 ut
1372 298 1531 325 consoletur
1553 306 1595 324 me
1608 306 1652 326 so-

869 344 988 371 cundum
1005 344 1145 378 eloquium
1163 348 1239 370 tuum
1255 351 1334 370 servo
1350 348 1406 370 luo.
1534 367 1537 370 .

906 390 949 416 77.
970 389 1086 417 Veniant
1101 389 1166 416 mihi
1193 389 1382 416 miserationes
1408 393 1471 421 ture,
1500 393 1527 415 et
1546 389 1656 417 vivam:

870 439 934 472 quia
949 437 989 463 ιιιιι
1005 442 1049 463 tua
1064 437 1205 463 meditatio
1220 444 1279 463 mea
1294 440 1347 463 est.

907 483 950 510 78.
965 482 1175 510 Confundantur
1191 482 1313 516 superbi.
1328 482 1391 516 quia
1409 482 1509 516 injuste
1524 482 1654 517 iniquita-

870 533 924 556 tem
943 529 1065 556 iecerunt
1079 529 1105 555 in
1121 536 1163 555 me
1181 537 1187 554 :
1206 536 1255 563 ego
1273 535 1363 555 autem
1380 529 1528 555 exercebur
1542 529 1568 554 in
1582 537 1658 555 man—

871 574 942 602 datis
955 576 1020 601 tuis.

908 619 952 646 79.
968 619 1168 646 Convertantur
1183 619 1249 646 mihi
1266 619 1394 646 timentes
1406 623 1443 651 te,
1467 623 1495 645 ct
1509 619 1555 654 qui
1574 627 1657 646 nove-

872 670 972 693 verunt
989 665 1143 692 testimonia
1159 670 1215 692 tua.

907 711 951 738 80.
970 711 1029 738 Fiat
1042 719 1088 738 cor
1102 719 1191 738 meum
1209 711 1415 738 immaculatum
1432 711 1458 737 in
1483 710 1658 746 justiﬁcatio-

873 758 954 785 nibus
968 758 1033 790 tuis,
1052 762 1083 784 ut
1099 765 1152 784 non
1169 757 1332 784 confundor.

909 803 954 831 8L
970 803 1069 830 Deiecit
1082 803 1108 829 in
1128 803 1248 830 salutare
1273 808 1349 830 tuum
1368 803 1460 830 anima
1487 811 1557 835 mea,
1582 808 1610 830 et
1630 812 1658 831 ιιι

875 851 954 877 verba
973 854 1017 876 tua
1035 849 1235 883 supersperavi.

69 897 113 924 82.
139 898 277 930 Ἐξέλιπον
293 899 316 925 οἰ
330 898 464 933 ὀφῦαλμοί
485 907 535 934 μου
550 899 589 930 εἰς
603 899 633 925 τὸ
657 899 746 934 λόγιόν
764 908 821 929 σου,

907 895 952 922 82.
971 895 1132 922 Defecerunt
1145 895 1215 922 oeuli
1234 895 1285 921 mei
1302 895 1328 921 in
1344 895 1483 929 eloquium
1503 900 1590 928 tuum,
1615 895 1658 924 di-

36 942 174 976 λέγοντες·
191 943 259 969 Πότε
277 943 477 979 παρακαλέσεις
491 951 542 978 με;

68 986 113 1013 85.
131 987 194 1013 Ὀτι
208 987 340 1022 ἐγενήθην
355 988 394 1019 ὠς
409 988 492 1020 ἀσκὸς
511 990 540 1014 ὲν
554 989 654 1024 πάχνῃ,
668 989 703 1015 τὰ
716 989 824 1016 δικαιώο

39 1033 109 1067 ματά
124 1041 173 1058 σου
189 1033 238 1059 οὐχ
253 1033 436 1069 ἐπελαθόμην.

69 1077 114 1104 84.
128 1077 216 1104 Πὸααι
235 1078 304 1104 εἰσὶν
324 1080 350 1104 αἱ
367 1079 470 1114 ἡμέραι
494 1079 540 1106 τοῦ
558 1079 651 1106 δούλου
665 1089 710 1106 σου
725 1088 731 1111 ;
757 1081 821 1107 πότι

38 1124 160 1158 ποιήσεις
176 1132 220 1158 μοι
234 1125 266 1150 ὲκ
281 1124 335 1150 τῶν
347 1125 570 1152 καταδιωκόντων
589 1135 622 1161 με
640 1126 749 1162 κρίσιν;

71 1168 114 1195 85.
129 1169 300 1204 Διηγήσαντὸ
323 1178 368 1205 μοι
395 1171 547 1206 παράνομοι
569 1172 737 1207 ἀδολεσχίας,
764 1173 821 1199 ἀλλ’

37 1214 83 1250 οὐχ
95 1215 133 1246 ὡς
152 1215 167 1241 ὸ
180 1215 262 1251 νόμος
279 1225 336 1249 σου,
355 1216 451 1252 Κύριε.

872 948 981 969 centes:
999 942 1113 975 Quando
1127 941 1311 969 consolaberis
1325 941 1388 968 me?

907 989 950 1015 83.
969 988 1038 1022 Quia
1059 989 1147 1016 factus
1158 996 1217 1015 sum
1234 988 1304 1015 sicut
1320 993 1380 1015 uter
1392 988 1419 1015 in
1435 989 1551 1022 pruina:
1577 988 1658 1016 iusti-

875 1036 1017 1064 ﬁcationes
1035 1040 1097 1062 tuas
1115 1043 1168 1062 non
1185 1043 1244 1062 sum
1262 1035 1373 1061 oblitus.

910 1082 952 1109 84.
969 1082 1039 1114 Quot
1052 1081 1184 1108 suntdies
1201 1081 1272 1108 servi
1295 1080 1354 1107 tui?
1378 1080 1488 1115 quando
1517 1080 1602 1108 iacies
1625 1081 1660 1108 do

875 1127 1102 1162 persequentibus
1119 1134 1161 1153 me
1176 1126 1330 1160 judicium?

910 1172 954 1199 85.
970 1171 1154 1198 Narravernnt
1179 1171 1244 1198 mier
1271 1171 1356 1198 iniﬂui
1379 1170 1561 1198 tabulationes
1577 1191 1585 1204 ,
1612 1172 1660 1199 sed

876 1226 930 1245 non
946 1224 974 1244 ut
989 1218 1030 1244 lex
1043 1224 1099 1250 tua,
1118 1216 1241 1244 Domine.

599 1296 690 1323 ΑἸΊΙᾹ
697 1295 739 1322 NA
745 1296 785 1322 Sll
809 1293 1100 1322 INTEBPRETATIO.

72 1378 115 1405 75.
131 1377 281 1409 Φωτιτοεὶς
298 1377 352 1404 ὑπὸ
367 1379 417 1414 τῆς
427 1378 538 1414 χάριτός
556 1387 603 1406 σου
618 1379 714 1413 ἔγνων,
729 1380 770 1406 ὅτι
788 1379 826 1406 δί-

42 1423 103 1450 καιά
119 1424 175 1450 εἱσι
187 1423 221 1450 τὰ
234 1424 433 1458 προστάγματα
450 1433 495 1450 σου
509 1446 516 1456 ,
541 1425 589 1451 καὶ
610 1425 681 1460 ἇπερ
695 1426 827 1460 ἀπεφήνω

42 1469 68 1495 iv
78 1470 172 1500 αὐτοῖς
186 1469 246 1495 κατ’
261 1469 328 1504 ἐμοῦ
341 1469 388 1495 τοῦ
399 1470 562 1505 άμαρτωλοῦ
578 1470 690 1502 δικαίως
711 1471 824 1506 ὥρισας.

73 1516 117 1543 76.
139 1515 219 1542 Ἀλλὰ
232 1515 313 1542 πάλιν
325 1516 429 1550 γένοιτο
444 1516 474 1542 τὸ
490 1515 562 1548 ἔλεός
582 1525 628 1542 σου
653 1516 828 1552 παραμυθού-

914 1379 958 1406 75.
977 1378 1149 1406 llluminatus
1175 1378 1260 1414 gratia
1285 1383 1331 1406 tua
1354 1378 1479 1414 cognovi.
1501 1379 1573 1414 quod
1591 1379 1663 1414 justa

876 1431 940 1452 sunt
967 1429 1100 1459 praecepta
1118 1429 1180 1458 tua,
1198 1430 1225 1452 et
1249 1433 1310 1459 qme
1338 1425 1364 1451 in
1391 1425 1458 1459 ipsis
1483 1427 1665 1460 pronuntiasti

877 1475 973 1499 contra
990 1479 1032 1498 me
1046 1476 1228 1506 peccatorem,
1242 1471 1316 1506 juste
1329 1471 1486 1498 deﬁnivisti.

913 1518 956 1545 76.
971 1518 1023 1544 Sed
1047 1526 1143 1545 rursus
1166 1517 1213 1544 ﬁat
1239 1517 1424 1544 misericordia
1451 1522 1495 1543 tua
1519 1518 1665 1545 consolans

44 1562 117 1596 μενόν
130 1570 177 1597 με,
188 1562 229 1588 ὅτι
239 1561 325 1593 οὓτως
336 1559 471 1594 εἴπας-Οὐ
479 1563 628 1598 ,βούλομαι
638 1563 690 1590 τὸν
701 1563 828 1590 θάνατοι·

898 1571 932 1595 Ie,
950 1564 1079 1598 quoniam
1101 1564 1137 1591 ita
1151 1564 1242 1591 dixisti
1258 1573 1265 1591 :
1294 1563 1365 1589 Nolo
1388 1569 1497 1589 mortem
1508 1565 1665 1597 peccatoris.

41 1608 91 1635 τοῦ
106 1607 342 1643 ἀμαρτωλοῦ,ὡς
357 1609 388 1634 τὸ
404 1609 581 1643 ἐπιστρέψαι
598 1609 647 1636 καὶ
665 1609 718 1644 ζῆν
725 1611 826 1636 αὐτόν.

74 1655 117 1681 77.
140 1653 339 1690 Ἐπισκηνώσει
353 1654 370 1689 ή
384 1654 464 1690 χάρις
476 1663 521 1681 σου
537 1655 577 1686 εἰς
589 1654 650 1690 ἐμὲ,
667 1656 714 1682 καὶ
728 1664 829 1691 νεκρω-

44 1699 119 1726 Θὲντα
135 1707 171 1734 με
186 1700 239 1726 ὑπὸ
252 1700 301 1735 τῆς
309 1700 446 1736 ἁμαρτίας
457 1700 630 1736 ζωοποιήσει,
647 1701 688 1728 ὅτι
700 1701 828 1737 ἠρξάμην

46 1746 158 1781 μελετᾷν
174 1745 220 1772 τὸν
236 1746 316 1781 νόμον
333 1754 390 1774 σου.

77 1789 116 1817 78.
131 1791 361 1826 Αίσχυνθήτωσαν
373 1792 401 1818 αί
415 1792 534 1819 ἐναντίαι
545 1792 683 1828 δυνάμεις,
695 1793 736 1820 ὅτι
749 1789 828 1820 αὗταί

46 1843 75 1868 με
94 1834 334 1871 ὲξῃχμαλώτισαν·
363 1836 418 1870 ἐγὼ
446 1837 474 1863 δι
487 1838 627 1873 ἐπιστήσω
641 1838 689 1874 τὴν
709 1839 829 1866 διάνοιάν

47 1887 91 1911 μου
106 1881 149 1911 εἰς
163 1879 198 1906 τὰ
214 1879 355 1915 θελήματά
371 1890 430 1909 σου.

76 1925 118 1951 79.
134 1925 339 1960 Κατηχήσουσι,
365 1927 412 1954 καὶ
437 1927 588 1960 διδάξουσιν
605 1930 629 1956 οί
655 1929 763 1966 ἔχοντες
779 1931 829 1967 τὴν

46 1970 119 2005 χάριν
138 1978 197 2002 σου,
211 1971 258 1997 καὶ
273 1971 372 2004 εἰδότες
396 1973 446 2008 τὴν
462 1973 576 2010 δύναμιν
595 1975 650 2002 τῶν
672 1977 757 2011 ἁγίων
782 1984 828 2004 σου

47 2013 167 2048 Γραφῶν.

77 2059 119 2088 80.
136 2061 338 2097 Καθαρισθήτω
353 2064 370 2099 ἡ
394 2063 491 2100 καρδία
515 2073 565 2100 μου
581 2066 633 2092 ὑπὸ
649 2066 700 2102 τῆς
717 2067 829 2103 χάριτός

47 2113 89 2132 σου
105 2108 148 2139 εἰς
161 2107 197 2134 τὰ
209 2108 380 2142 δικαιώματά
394 2119 451 2143 σου,
466 2111 503 2146 μὴ
517 2111 616 2147 ἔχουσα
629 2113 657 2140 ὲν
673 2114 755 2149 ἑαυτῇ
770 2115 829 2140 ὲπι-

47 2151 171 2189 θυμίανῆ
191 2155 318 2190 φροντίδα
341 2156 448 2192 γηίνην,
464 2157 508 2184 ἵνα
524 2158 562 2194 μὴ
586 2158 667 2186 πάλιν
691 2160 829 2196 αισχυνοῶ

46 2199 81 2229 εἰς
94 2199 124 2225 τὺ
142 2199 219 2234 βῆμά
236 2209 293 2228 σου.

880 1610 924 1636 sed
936 1615 963 1636 ut
979 1614 1158 1642 convertatur,
1169 1614 1193 1636 et
1208 1610 1278 1636 vivat
1298 1610 1331 1636 “.

915 1655 958 1682 77.
979 1655 1086 1682 llabilet
1100 1656 1185 1690 gratia
1200 1660 1245 1682 tua
1261 1655 1287 1682 in
1303 1662 1357 1686 me,
1372 1658 1400 1682 et
1421 1661 1463 1680 me
1478 1659 1615 1681 mortuum
1631 1656 1667 1683 ob

879 1705 1019 1736 peccatum
1044 1701 1202 1734 viviﬁcabit,
1232 1700 1363 1735 quoniam
1386 1698 1456 1733 coepi
1487 1699 1610 1726 meditari
1627 1699 1667 1727 le-

879 1755 938 1782 gem
953 1752 1038 1774 tuam.

914 1793 958 1820 78.
976 1792 1147 1820 Erubescant
1165 1792 1310 1820 contraria:
1333 1796 1491 1827 potestates.
1509 1794 1579 1828 quod
1609 1794 1666 1828 ipse

880 1847 923 1866 me
938 1839 964 1866 in
986 1839 1170 1874 captivitatem
1185 1838 1357 1873 redegerunt,
1376 1848 1425 1877 ego
1442 1846 1532 1868 autem
1550 1840 1665 1868 ﬁrmabo

880 1890 998 1912 mentem
1014 1893 1102 1912 meam
1116 1885 1144 1912 in
1163 1885 1304 1919 praeceptis
1322 1885 1387 1912 tuis.

918 1930 962 1958 79.
978 1931 1128 1964 lnstruent,
1155 1935 1182 1958 et
1200 1930 1350 1963 docebunt,
1367 1932 1414 1966 qui
1429 1932 1531 1959 habent
1551 1933 1666 1967 gratiam

880 1982 966 2010 tuam,
980 1983 1007 2005 et
1031 1978 1078 2012 qui
1102 1984 1236 2006 noverunt
1252 1982 1414 2013 potestatem
1434 1984 1592 2006 sanctarum
1611 1985 1668 2006 tua-

879 2032 940 2052 rum
959 2024 1173 2059 Scripturarum.

914 2068 959 2096 80.
977 2069 1145 2097 Emundetur
1164 2077 1211 2097 cor
1229 2077 1320 2098 meum
1337 2078 1351 2098 a
1367 2070 1454 2105 gratia
1471 2074 1516 2098 tua
1535 2071 1561 2097 in
1585 2076 1667 2105 ,nsu-

879 2114 1051 2142 ﬁcationibus
1065 2115 1130 2146 tuis,
1145 2123 1198 2142 non
1212 2115 1315 2143 habens
1328 2116 1354 2142 in
1378 2116 1469 2150 seipso
1488 2116 1665 2151 cupiditatem

878 2165 906 2188 et
925 2169 1018 2189 curam
1034 2167 1204 2189 terrenarum
1231 2170 1336 2195 rerum,
1355 2170 1389 2190 ne
1408 2170 1504 2189 l'lll‘SllS
1515 2162 1668 2190 confundar

880 2211 941 2234 ante
959 2212 1035 2233 tuum
1052 2207 1181 2234 tribunal.

77 2243 119 2290 ξι.
136 2245 208 2290 Au”
225 2245 321 2290 ἡψυχὴ
337 2255 388 2282 μου
400 2247 449 2282 τὴν
463 2249 598 2285 σωτηρίαν
613 2257 660 2277 σου
676 2250 719 2286 [τὸ
739 2251 828 2286 σωτή-

915 2252 959 2279 81.
979 2251 1042 2279 Sitit
1055 2253 1146 2280 anima
1164 2260 1224 2280 mea
1233 2253 1353 2281 salutare
1368 2258 1457 2287 tuum,
1479 2259 1542 2290 pota
1558 2263 1601 2282 me
1612 2255 1668 2283 elo-

48 2288 99 2321 ριόν
111 2298 159 2316 σου
168 2289 190 2325 ],
207 2289 315 2316 πότισόν
328 2299 361 2325 με
372 2291 407 2318 τὰ
417 2292 496 2326 λόγιά
506 2302 564 2320 σου.

78 2334 120 2362 82.
146 2334 293 2371 Ἐξετάκην
303 2336 361 2368 ὅλος
374 2338 422 2364 ἁπ“
437 2338 585 2374 ἐπιθυμίας
601 2340 752 2376 μεριμνῶν,
765 2342 830 2368 πότι

48 2379 163 2411 amicat;
176 2388 210 2415 με
227 2380 276 2416 τὴν
287 2381 366 2417 χάριν
384 2391 440 2410 σου.

78 2423 121 2452 85.
135 2424 202 2468 ςοτι
217 2425 381 2462 ὲνεχρώθην,
397 2428 444 2454 καὶ
454 2428 607 2465 ἐξηράνθην
620 2430 649 2457 ὲν
660 2432 692 2466 τῇ
707 2431 829 2468 ἁμαρτίᾳ

49 2476 106 2502 μου,
121 2467 192 2501 οῖδα,
209 2470 255 2496 καὶ
270 2471 438 2506 μνημονεύω,
453 2473 492 2499 δτι
508 2471 587 2505 εἶπας
602 2475 630 2501 ὲν
644 2477 700 2508 τοῖς
717 2467 828 2503 δικαιώ-

49 2515 112 2548 μασί
129 2523 176 2541 σου
189 2515 235 2542 τὸν
247 2516 406 2553 ἁμαρτωλὸν
423 2518 680 2554 ἀντιλαμϐάνεσθαι.

80 2560 122 2588 84.
141 2561 232 2594 Πόσας
245 2563 327 2596 ἄλλας
346 2564 400 2599 ἔχω
410 2565 491 2601 ζῆσαι
505 2567 627 2602 ἡμέρας;
647 2568 712 2595 πότε
734 2569 829 2596 τοσοῦ-

49 2613 89 2632 τον
113 2607 208 2643 χρόνον
222 2608 301 2636 δώσει
324 2609 440 2648 [δώσεις]
463 2621 508 2647 μοι
524 2613 648 2646 ἐξουσίαν
673 2617 767 2642 πατεῖν
781 2615 828 2642 ἐπὶ

50 2653 134 2680 πᾶσαν
154 2655 204 2689 τὴν
218 2654 331 2691 δύναμιν
347 2656 394 2684 τοῦ
406 2658 503 2694 ἐχθροῦ
519 2658 592 2695 [τῶν
608 2660 742 2696 ἐχθρῶν],
765 2662 827 2688 ὅσον

51 2698 120 2725 αὐτοί
139 2709 183 2735 μοι
194 2701 459 2737 ητεδυνάστευσαη

81 2744 124 2773 85.
147 2747 294 2774 ’Υπέθεντό
320 2758 371 2784 μου
385 2751 416 2777 τὺ
431 2751 562 2788 πρότερον
587 2753 611 2780 οί
626 2753 752 2789 δαίμονες
780 2754 829 2787 τὰς

52 2790 149 2820 ἑαυτῶν
160 2794 279 2827 ἀπάτας,
297 2796 353 2822 ἀλλ’
364 2797 412 2833 οὐχ
425 2797 462 2830 ὡς
478 2799 509 2826 σὺ
524 2798 611 2831 θέλεις
621 2819 628 2832 ,
644 2799 740 2835 Κύριε.

85 2870 104 2886 ⁶¹
117 2871 214 2900 Ezccli.
232 2881 318 2907 nm,
333 2874 359 2901 Ξ.

879 2298 952 2333 quiis
967 2298 1031 2325 tuis.

913 2342 957 2369 82.
975 2342 1163 2378 Consumptus
1181 2351 1242 2371 sum
1254 2348 1328 2372 totus
1341 2344 1377 2372 ob
1392 2345 1559 2373 desiderium
1587 2347 1668 2374 anxie

878 2389 1012 2423 COgitans,
1031 2390 1139 2422 quando
1160 2397 1204 2417 me
1221 2390 1326 2424 potabis
1338 2391 1425 2425 gratia
1441 2396 1498 2419 tua.

912 2433 957 2460 85.
971 2433 1106 2467 Quoniam
1124 2435 1305 2463 mortiﬁcatus
1330 2445 1403 2469 sum,
1427 2442 1455 2464 et
1478 2437 1614 2466 arefactus
1639 2438 1666 2466 in

878 2485 991 2514 peccato
1004 2488 1077 2512 meo,
1091 2482 1152 2508 novi
1167 2486 1194 2508 et
1217 2482 1378 2510 recordatus
1393 2491 1465 2516 sum,
1481 2485 1553 2518 quod
1575 2484 1665 2511 dixisti

877 2526 932 2553 tuis
944 2527 969 2553 in
981 2525 1228 2560 justiﬁeationibus
1239 2529 1378 2562 suscipere
1392 2534 1572 2563 peecatorem.

911 2571 956 2598 84.
970 2571 1041 2604 Quot
1057 2572 1103 2598 alii
1122 2572 1186 2598 mihi
1202 2578 1351 2608 supersunt
1377 2573 1436 2601 dies
1460 2573 1542 2602 vitae?
1557 2573 1667 2608 quando

877 2621 951 2644 tanto
972 2623 1094 2652 tempore
1118 2619 1196 2646 dabis
1217 2619 1285 2646 mihi
1307 2623 1468 2654 potestatem
1489 2619 1664 2647 eonculcandi

876 2671 985 2692 omnem
1000 2665 1176 2692 inimicorum
1199 2667 1360 2702 potentiam,
1385 2671 1488 2700 quanto
1506 2667 1557 2700 ipsi
1580 2666 1607 2693 in
1623 2674 1667 2694 me

877 2710 1008 2737 dominati
1021 2711 1107 2738 sunt?

913 2756 957 2784 85.
975 2756 1162 2785 Subdiderunt
1176 2757 1243 2784 mihi
1255 2758 1392 2786 daemones
1402 2758 1532 2794 pristinas
1544 2765 1607 2784 suas
1620 2757 1667 2785 fal-

879 2802 975 2835 lacias,
995 2803 1042 2831 sed
1061 2811 1114 2831 non
1129 2803 1361 2838 quemadmodum
1377 2807 1405 2831 tu
1423 2803 1474 2836 vis,
1491 2803 1612 2831 Domine.
