1910 3048
244 156 310 184 “9|.

648 151 676 178 S.
697 149 883 178 ATHANASII
903 149 979 178 OPP.
999 147 1090 175 PARS
1109 147 1152 174 lil.
1173 161 1205 168 —-
1226 144 1432 174 EXEGETICA.

1790 139 1862 166 H92

279 211 323 239 86.
342 209 438 237 Omnia
455 209 580 236 mandata
594 213 639 235 tua
651 208 771 235 veritas:
789 208 881 243 inique
891 205 1024 242 persecuti

1110 204 1153 231 86.
1168 205 1255 231 nim
1264 204 1291 229 at
1304 202 1408 230 ἐντολαὶ
1423 210 1468 227 σου
1478 199 1591 235 ἀλήθεια
1601 208 1608 213 ·
1621 198 1721 229 ἀδίκως
1736 197 1863 223 κατεδίω-

195 266 201 276 ι
244 264 309 286 sunt
324 265 376 288 me,
395 257 491 291 adjuva
510 263 562 282 me.

280 303 324 330 87.
341 302 425 330 Paulo
456 301 545 328 minus
562 304 824 328 consummaverunt
841 306 882 327 me
897 299 924 326 in
943 303 1026 329 terra,

245 357 296 384 ego
309 353 398 375 autem
414 356 466 374 non
480 346 611 380 dereliqni
627 346 753 373 mandata
769 350 826 372 tua.

280 391 325 418 88.
341 389 499 417 Secundum
521 389 736 415 misericurdiam
761 393 834 414 luam
851 386 959 414 viviﬁca
975 394 1028 418 me,

245 441 271 463 et
288 435 438 462 custodiam
456 433 611 460 testimonia
631 433 688 459 oris
706 433 757 459 tui.

280 482 324 508 89.
340 482 368 507 ln
380 486 522 512 aeternum,
537 479 660 510 Domine,
677 479 787 506 verbum
805 483 880 505 tuum
890 481 1030 512 permanet

245 533 274 552 in
291 526 360 552 caelo
370 534 375 551 :

281 571 324 597 90.
341 569 368 597 In
382 569 584 604 generationem
601 573 629 595 et
642 569 843 603 generationem
857 568 955 595 veritas
972 573 1028 595 tua:

247 615 366 642 fundasti
386 622 496 645 terram,
506 619 532 641 ct
546 617 697 649 permanet.

282 663 327 689 9|.
345 662 522 688 Ordinatione
547 665 592 687 tua
620 665 774 695 perseverat
802 661 881 688 dies:
900 661 1030 696 quoniam

246 708 338 735 omnia
353 708 476 734 serviunt
491 707 551 734 tibi.

282 754 326 781 92.
343 752 399 780 Nisi
421 752 492 788 quod
520 753 562 779 lex
583 757 628 779 tua
654 753 793 780 meditatio
815 761 874 780 mea
898 758 950 785 est,
966 757 1031 780 tunc

247 799 315 826 forte
329 799 471 834 periissem
487 799 514 824 in
533 798 685 825 humilitate
698 805 769 825 mea.

282 846 326 872 95.
347 845 374 871 ln
400 849 533 871 aeternum
561 852 614 870 non
649 844 795 872 obliviscar
820 843 1030 879 iustiﬁcationes

247 895 318 922 tuas.
335 891 436 926 quiain
452 890 518 925 ipsis
533 890 677 917 viviﬁcasti
698 898 751 917 me.

282 937 326 965 94.
341 937 418 964 Tuus
429 944 489 963 sum
505 943 565 970 ego,
582 936 687 963 salvum
703 943 746 963 me
763 935 805 963 fac
820 945 826 962 :
843 936 972 970 quoniam
984 935 1030 970 ju-

247 982 425 1010 stilicaliones
435 986 497 1008 tuas
515 981 660 1016 exquisivi.

284 1028 328 1055 05.
348 1027 388 1054 Me
403 1031 630 1061 exspeclaverunt
649 1032 819 1061 peccatores,
844 1031 873 1054 ut
888 1027 1033 1062 perderent

247 1082 301 1105 me,
316 1074 471 1101 testimonia
484 1076 530 1100 tua
547 1072 678 1099 intellexi.

280 1118 325 1146 96.
338 1119 433 1146 Omnis
441 1118 683 1145 consummaliun‘s
690 1117 744 1145 vidi
754 1117 834 1145 linem
845 1129 850 1145 :
860 1117 945 1145 latum
957 1126 1034 1145 man-

246 1163 340 1191 datum
357 1169 433 1191 tuum
447 1164 540 1190 nimis.

1080 250 1127 283 ξάν
1145 259 1187 285 με,
1205 249 1335 285 βοήθησόν
1351 257 1406 283 μοι.

1114 296 1158 323 87.
1177 295 1254 332 Παρὰ
1271 295 1356 330 βραχὺ
1373 292 1546 320 συνετέλεσάν
1563 300 1596 326 με
1613 291 1641 317 tv
1658 291 1692 325 τῇ
1703 291 1750 324 γῇ,
1765 289 1820 322 ἐγὼ
1836 289 1863 314 δὲ

1078 341 1129 367 οὐκ
1145 340 1324 374 ἐγκατέλιπον
1342 339 1391 370 τὰς
1401 338 1509 369 ἐντολάς
1528 346 1584 364 σου.

1114 386 1157 414 88.
1177 386 1254 413 Κατὰ
1268 386 1298 412 τὸ
1312 385 1386 417 ἔλεός
1401 393 1447 411 σου
1460 383 1542 420 ζῆσόν
1561 392 1594 419 με
1605 403 1612 415 ,
1632 382 1680 409 καὶ
1707 379 1815 415 φυλάξω
1830 380 1861 406 τὰ

1081 432 1218 468 μαρτύρια
1232 431 1279 458 τοῦ
1293 431 1426 467 στόματός
1438 439 1495 457 σου.

1115 477 1158 504 89.
1175 477 1222 509 Εἰς
1233 477 1278 503 τὸν
1291 476 1387 510 αίῶνα,
1402 475 1500 512 Κύριε,
1516 475 1531 501 ὁ
1541 474 1620 509 λόγος
1636 481 1682 499 σου
1703 470 1824 506 διαμένει
1836 470 1860 495 ἐι

1079 523 1118 559 τῷ
1132 523 1160 549 οὐ
1165 522 1237 559 ρανῷ
1245 531 1251 537 ·

1114 569 1158 596 90.
1173 570 1219 601 Et;
1232 569 1328 604 γενεὰν
1345 569 1391 596 καὶ
1403 567 1498 603 γενεὰν
1513 567 1529 602 ἡ
1551 565 1664 600 ἁλήθειά
1689 573 1734 591 σου
1746 572 1752 576 ·
1771 561 1863 588 ἐθεασ-

1080 616 1181 647 λίωσας
1191 616 1240 651 τὴν
1254 616 1316 650 γῆν,
1328 616 1375 642 καὶ
1387 613 1519 649 διαμένει.

1115 661 1158 689 9|.
1177 662 1216 697 Τῇ
1229 661 1347 694 διατάξει
1365 669 1412 687 σου
1434 659 1555 695 διαμένει
1574 657 1677 693 ἡμέρα,
1697 655 1782 682 ὅτιτὸ
1797 653 1864 688 σύμ-

1081 716 1170 735 παντα
1182 708 1263 734 δοῦλα
1277 707 1320 734 σά.

1115 753 1159 781 92.
1178 754 1208 780 Εἰ
1227 753 1264 788 μὴ
1277 753 1318 780 ὃτι
1335 752 1349 778 ὁ
1365 751 1446 786 νόμος
1464 759 1510 778 σου
1526 750 1624 786 μελέτη
1648 757 1698 783 μου
1714 746 1781 777 ἐστὶ,
1804 745 1862 771 τότε

1080 800 1114 827 ἂν
1127 799 1275 835 ἀπωλόμην
1292 800 1320 825 tv
1334 799 1367 834 τῇ
1382 796 1543 824 ταπεινώσει
1560 804 1620 831 μου.

1116 846 1160 873 93.
1179 846 1227 877 Εἰς
1243 845 1287 872 τὸν
1300 845 1386 871 αἰῶνα
1402 844 1433 870 οὺ
1452 843 1489 879 μὴ
1505 841 1677 876 ἐπιλάθωμαι
1692 839 1747 865 τῶν
1758 838 1862 864 δικαιω-

1047 887 1067 914 Β
1083 891 1176 927 μάτων
1193 900 1251 922 σου,
1269 891 1309 918 ὃτι
1327 891 1355 916 ὲν
1371 891 1462 921 αὐτοῖς
1479 888 1578 924 ἐζησάς
1595 896 1638 922 με.

1115 937 1149 964 94
1172 937 1221 969 Σὸς
1235 938 1293 972 είμι
1308 937 1373 971 ἐγὼ,
1392 935 1478 962 σῶσόν
1503 943 1548 970 με,
1575 935 1616 960 ὅτι
1638 932 1674 958 τὰ
1696 928 1863 964 δικαιώματά

1082 991 1128 1009 σου
1144 983 1304 1018 ὲξεζήτησα.

1116 1027 1160 1055 95.
1181 1028 1246 1063 Ἐμὲ
1259 1027 1409 1062 ὑπέμειναν
1427 1024 1584 1062 ἁμαρτωλοὶ⁵
1601 1023 1649 1050 τοῦ
1670 1022 1802 1049 ἀπολέσαι
1821 1028 1862 1055 με,

1081 1073 1115 1100 τὰ
1132 1073 1268 1109 μαρτύριά
1280 1081 1326 1099 σου
1343 1073 1456 1108 συνῆκα.

1117 1119 1161 1146 96.
1179 1120 1272 1155 Πάσης
1284 1119 1441 1151 συντελείας
1459 1116 1528 1145 εἶδον
1550 1117 1647 1152 πέρας,
1666 1115 1782 1142 πλατεῖα
1795 1114 1812 1148 ἡ
1825 1113 1863 1138 ὲν-

1082 1165 1146 1201 τολή
1163 1174 1209 1192 σου
1224 1166 1336 1201 σφόδρα.

805 1221 993 1249 ΑῚἭᾹΝᾹδΙΙ
1015 1222 1307 1252 INTERPRETATIO.

282 1277 325 1304 85.
342 1276 409 1303 Novi
423 1277 494 1311 quod
505 1276 692 1312 justusjudex
705 1284 735 1305 cs
755 1278 781 1304 in
798 1285 913 1305 omnes:
931 1277 1035 1313 fugien-

246 1329 274 1352 te
285 1333 328 1351 me
339 1325 373 1351 ab
386 1325 464 1359 ipsis.
477 1330 505 1352 et
520 1326 628 1354 volente
642 1327 675 1353 ad
693 1330 718 1352 te
740 1327 843 1356 venire,
865 1326 912 1360 qui
934 1334 1033 1353 secun-

247 1371 312 1397 dum
329 1375 452 1396 naturam
467 1370 600 1398 Dominus
618 1379 694 1398 meus
711 1379 750 1403 es,
763 1376 964 1406 persequuntur
990 1380 1033 1399 me

247 1420 399 1450 qumrentes
412 1423 454 1442 me
469 1417 594 1450 prmdari,
609 1417 707 1452 adjuva
720 1425 774 1444 me.

1118 1281 1161 1309 86.
1177 1279 1252 1313 Οἶδα,
1267 1281 1307 1308 ὅτι
1332 1281 1436 1312 δίκαιος
1457 1279 1552 1315 κριτὴς
1569 1276 1595 1304 εἴ
1607 1279 1647 1309 ei;
1663 1277 1769 1307 πάντας
1780 1284 1786 1290 ·
1803 1273 1863 1309 φεύ·

1082 1327 1175 1361 γοντός
1188 1335 1238 1362 μου
1256 1327 1303 1353 ἀπ’
1314 1326 1414 1358 αὐτῶν,
1430 1326 1478 1352 καὶ
1497 1325 1620 1355 θέλοντος
1641 1323 1728 1349 ἐλθεῖν
1745 1322 1815 1357 πρὸς
1837 1321 1863 1347 αἱ

1081 1372 1126 1399 τὸν
1142 1373 1212 1399 κατὰ
1224 1372 1304 1406 φύσιν
1316 1381 1366 1408 μου
1383 1372 1531 1408 Δεσπότην,
1556 1370 1754 1398 καταδιώκουσί
1773 1377 1808 1405 με
1822 1367 1863 1402 ζη-

1080 1418 1188 1449 τοῦντες
1204 1418 1327 1453 ἁρπάσαι
1342 1426 1375 1453 με
1386 1426 1393 1432 ⁸
1412 1418 1544 1453 βοήθησόν
1559 1426 1613 1452 μοι.

284 1460 328 1487 87.
344 1460 382 1487 Ita
396 1461 482 1488 \alide
509 1462 536 1489 in
554 1470 597 1489 me
619 1463 768 1494 irruerunt,
788 1466 818 1489 ut
841 1463 922 1498 paulo
938 1463 1030 1491 minus

1118 1463 1161 1491 87.
1175 1463 1267 1496 οὕτως
1283 1464 1400 1500 ἰσχυρῶς
1414 1464 1551 1499 ἐπέϐησάν
1568 1473 1612 1499 με,
1625 1465 1665 1491 ὅτι
1680 1466 1755 1501 παρὰ
1772 1467 1864 1503 μικρδν

249 1507 450 1534 interfecissent
462 1515 504 1535 me
522 1508 548 1535 in
565 1513 696 1543 peccato;
722 1516 771 1542 ego
787 1514 877 1536 autem
902 1510 929 1536 in
951 1510 1032 1537 corde

248 1559 309 1578 meo
332 1551 454 1579 dicebam
482 1553 580 1580 animae
603 1561 690 1581 meae:
709 1553 863 1581 Recordare
889 1554 955 1588 quid
980 1555 1031 1582 tibi

248 1598 407 1632 prmceperit
420 1597 501 1624 Deus.

283 1642 328 1669 88.
349 1642 583 1675 Quemadmodum
609 1645 792 1672 misericordia
824 1649 870 1672 tua
898 1645 1032 1673 immensa

247 1691 274 1714 et
287 1687 482 1723 investigabilis
493 1694 545 1720 est,
561 1690 598 1717 ita
613 1692 728 1725 gratiam
746 1695 819 1717 tuam
830 1691 863 1718 da
878 1691 944 1717 mihi
961 1691 1031 1718 vivi-

248 1733 373 1761 ﬁcantem
388 1743 442 1768 me,
468 1740 495 1762 et
520 1735 638 1770 implebo
662 1741 795 1771 praecepta
813 1745 874 1771 quae
894 1737 1031 1765 mandasti

247 1779 325 1805 mibi.

281 1824 325 1852 89.
341 1824 369 1852 lu
383 1825 474 1857 corde,
491 1826 518 1852 in
537 1834 593 1860 quo
620 1825 789 1854 familiariter
815 1827 962 1860 inhabitas.
987 1829 1030 1856 in-

247 1875 387 1897 cessanter
403 1876 445 1898 est
459 1872 583 1899 voluntas
602 1877 657 1899 tua.

283 1914 327 1942 90.
345 1914 372 1941 ln
389 1917 500 1947 sanctis.
516 1917 562 1950 qui
581 1917 656 1944 omni
670 1921 790 1950 tempore
806 1918 1031 1952 complacuerunt

253 1961 311 1993 tibi,
327 1969 389 1988 vere
405 1966 447 1988 est
464 1961 530 1989 ﬁdes
546 1967 608 1989 tua:
632 1961 751 1990 fundasti
777 1964 908 1990 mundum
933 1963 959 1990 in
978 1964 1030 1991 [ide

247 2009 304 2038 tua,
318 2011 342 2033 ει
357 2012 439 2040 μοι-ιω
452 2007 589 2041 inferinon
601 2008 777 2041 prwvnlebunt
791 2009 915 2036 adversus
925 2017 984 2036 eam
996 2010 1029 2037 ⁸³.

282 2106 326 2133 91.
343 2105 419 2133 Dono
440 2107 587 2142 gratiarum
614 2111 720 2134 tuarum
750 2113 889 2142 permanet
907 2108 953 2135 lux
970 2113 1028 2142 tua,

1083 1509 1256 1536 ἐθανάτωσαν
1274 1520 1308 1546 με
1325 1512 1353 1538 tv
1365 1513 1398 1546 τῇ
1410 1511 1533 1547 ἁμαρτίᾳ
1543 1519 1549 1524 ·
1568 1511 1623 1546 ἐγὼ
1634 1512 1661 1538 δὲ
1683 1513 1712 1539 ὲν
1723 1515 1756 1548 τῇ
1771 1514 1864 1550 καρδίᾳ

1084 1564 1134 1592 μου
1145 1556 1236 1590 ἔλεγον
1251 1558 1283 1592 τῇ
1295 1556 1368 1592 ψυχῇ
1389 1565 1438 1593 μου
1451 1566 1458 1572 ⁸
1476 1558 1636 1594 Μνημόνευε
1649 1559 1674 1585 τί
1690 1567 1731 1586 σοι
1749 1560 1865 1586 ἐντέταλ-

1081 1610 1126 1628 ται
1141 1604 1155 1629 ὁ
1167 1602 1242 1634 Θεός.

1116 1648 1160 1676 88.
1179 1648 1276 1680 Καθὼς
1291 1649 1322 1675 τὸ
1336 1649 1408 1681 ἔλεός
1422 1657 1467 1675 σου
1476 1649 1640 1686 ἀμέτρητον,
1654 1650 1702 1676 καὶ
1715 1651 1863 1686 ἀνεξιχνία-

1083 1693 1144 1720 στόν
1160 1694 1243 1725 ἐστιν,
1262 1693 1332 1720 οὕτω
1347 1694 1397 1730 τὴν
1424 1695 1503 1730 χάριν
1519 1703 1566 1721 σου
1575 1695 1619 1726 δός
1635 1704 1679 1730 μοι
1692 1695 1742 1731 τὴν
1755 1696 1862 1728 ζωοποι-

1081 1738 1162 1766 οὖσάν
1178 1748 1221 1775 με,
1236 1740 1283 1766 καὶ
1297 1739 1432 1775 πληρώσω
1446 1740 1480 1766 τὰ
1493 1741 1702 1776 προστάγματα,
1714 1742 1733 1769 ἃ
1744 1743 1864 1769 ὲνετείλω

1082 1793 1138 1820 μοι,
1626 1820 1628 1823 ν

1115 1831 1159 1858 89.
1177 1831 1223 1862 Et;
1235 1830 1283 1866 τὴν
1302 1831 1425 1867 καρδίαν,
1444 1832 1472 1858 ἐν
1528 1832 1636 1865 οἰκείως
1656 1834 1860 1870 ἐμπεριπατεῖς,

1080 1876 1228 1908 ἀπαύστως
1238 1877 1296 1903 ἐστὶ
1312 1877 1343 1903 τὸ
1356 1877 1462 1913 θέλημά
1478 1887 1534 1906 σου.

1115 1923 1159 1950 90.
1175 1923 1222 1954 Et;
1236 1924 1298 1954 τοὺς
1311 1924 1405 1957 ἁγίους
1420 1925 1483 1956 τοὺς
1498 1924 1559 1951 καθ’
1576 1925 1695 1962 ἑκάστην
1716 1928 1861 1963 εὐαρεστή-

1081 1969 1181 2001 σαντάς
1193 1978 1234 1996 σοι
1248 1969 1332 2001 ὅντως
1349 1970 1423 1997 ἐστὶν
1439 1971 1455 2005 ἡ
1479 1970 1569 2002 πίστις
1595 1980 1640 1997 σου
1651 1980 1658 1986 ο
1682 1972 1860 2009 ὲθεμελίωσσς

1080 2016 1125 2042 τὸν
1153 2016 1254 2051 κόσμον
1278 2016 1307 2042 ἐν
1329 2017 1363 2051 τῇ
1377 2016 1466 2043 πίστει
1487 2025 1545 2049 σου,
1566 2018 1615 2044 καὶ
1634 2019 1729 2046 πύλαι
1744 2020 1818 2054 ᾅδου
1829 2022 1860 2047 οὐ

1081 2061 1323 2094 κατισχύσουσιν
1344 2060 1451 2094 αὐτῆς.

1117 2105 1161 2132 91.
1175 2106 1214 2141 Τῇ
1234 2106 1323 2142 δωρεᾷ
1348 2107 1403 2133 τῶν
1417 2108 1596 2142 χαρισμάτων
1619 2117 1665 2135 σου
1696 2110 1817 2146 διαμένει
1834 2111 1860 2136 τὸ

247 2152 375 2187 quoniam
391 2157 419 2179 tu
432 2152 562 2181 Dominus
578 2161 608 2181 es
624 2154 787 2186 ccelestium,
805 2159 831 2181 et
846 2156 1029 2188 terrestrium,

1104 2151 1141 2182 ὦς
1155 2159 1212 2182 σου,
1223 2151 1264 2177 ὅτι
1279 2152 1456 2187 ἐπουρανίων,
1472 2153 1518 2179 καὶ
1529 2153 1658 2187 ἐπιγείων
1673 2155 1720 2181 καὶ
1736 2155 1860 2191 καταχθο-

247 2202 274 2225 et
293 2197 472 2225 infernorum.

283 2243 326 2269 92.
338 2242 395 2270 Nisi
424 2244 519 2270 saltem
543 2252 616 2271 nunc
633 2244 776 2279 coepissem
808 2245 914 2273 discere
947 2247 1032 2281 legem

248 2292 333 2318 tuam.
352 2290 397 2315 sed
418 2290 579 2317 mansissent
592 2295 620 2317 ut
644 2291 729 2325 prius,
744 2292 901 2320 omnimode
926 2294 1032 2328 peritu-

249 2342 295 2361 rus
305 2341 380 2361 eram
398 2335 425 2361 in
445 2341 555 2370 peccato
571 2344 644 2364 meo.

283 2379 326 2406 93.
343 2379 400 2406 Non
425 2381 517 2416 utique
535 2382 681 2409 obliviscar
708 2383 868 2418 passionum
894 2390 1004 2413 tuarum
1021 2408 1028 2420 ,

247 2425 376 2460 quoniam
392 2433 434 2452 me
449 2432 586 2454 mortuum
600 2430 732 2463 sanguine
747 2435 793 2457 tuo
823 2431 977 2459 vivillcasti.

282 2513 326 2541 94.
339 2512 457 2540 Omnino
475 2515 612 2542 redemisti
627 2524 670 2544 me
684 2517 803 2552 pretioso
818 2521 866 2545 tuo
887 2520 1030 2554 sanguine;

248 2560 323 2587 salva
334 2567 386 2592 me,
395 2561 533 2594 quoniam,
543 2562 633 2589 audita
647 2564 837 2597 praedicatione
847 2569 903 2596 tua,
917 2567 1030 2595 credidi.

283 2605 328 2633 95.
345 2605 386 2632 Me
400 2607 584 2641 quaesiverunt
596 2610 740 2637 contrariae
750 2615 900 2644 potestates
915 2613 1030 2646 perdere

248 2649 276 2677 in
292 2651 460 2685 idololatria;
475 2652 545 2679 dicta
560 2659 650 2681 autem
668 2663 683 2682 a
699 2659 726 2683 te
748 2656 782 2683 de
807 2655 861 2683 ﬁde
889 2657 916 2684 in
942 2663 968 2685 te
982 2677 990 2690 ,
1006 2663 1034 2686 et

248 2703 296 2731 spe
310 2697 422 2725 audiens
433 2698 549 2726 credidi.

284 2785 327 2810 96.
345 2783 439 2822 Omnis
454 2785 556 2820 gloriae,
575 2791 601 2814 et
621 2788 737 2817 carnalis
753 2790 896 2825 voluptatis
916 2790 969 2818 vidi
995 2790 1027 2818 ﬂ-

288 2854 310 2870 “
325 2852 419 2881 Matth.
432 2860 487 2886 xvi,
502 2853 535 2881 l8

1082 2197 1145 2223 νίων
1161 2197 1241 2228 αὐτὸς
1252 2196 1401 2229 δεσπόζεις.

1117 2242 1161 2269 9‘2.
1179 2243 1209 2268 Εἰ
1223 2243 1259 2278 μὴ
1275 2242 1326 2270 κᾶν
1338 2243 1385 2270 νῦν
1403 2244 1530 2279 ἠρξάμην
1551 2244 1697 2280 μανθάνειν
1717 2246 1765 2273 τὸν
1788 2247 1859 2281 νόμον

1083 2296 1141 2320 σου,
1155 2288 1211 2315 ἀλλ’
1224 2288 1328 2324 ἓμεινον
1339 2288 1424 2321 οὕτως
1434 2290 1471 2321 ὡς
1483 2290 1514 2316 τὸ
1526 2290 1667 2326 πρότερον,
1683 2293 1766 2319 παντὶ
1775 2293 1858 2328 τρόπῳ

1082 2332 1154 2370 εἶχον
1172 2334 1320 2361 ἀπολέσθαι
1335 2335 1364 2361 ὲν
1376 2336 1409 2370 τῇ
1423 2335 1543 2371 ἁμαρτίᾳ
1557 2344 1617 2370 μου.

1117 2379 1160 2406 95.
1178 2380 1234 2406 Οὺκ
1250 2379 1282 2406 ἂν
1295 2380 1466 2415 ἐπιλάθωμαι
1479 2389 1544 2407 ποτε
1560 2381 1615 2408 τῶν
1630 2382 1800 2418 παθημάτων
1809 2391 1855 2413 σου,

1080 2426 1121 2452 ὅτι
1135 2426 1230 2461 νεκρόν
1247 2434 1280 2461 με
1289 2426 1354 2453 ὄντα
1363 2427 1391 2454 tv
1406 2426 1445 2462 τῷ
1453 2427 1549 2462 αἵματί
1563 2436 1609 2454 σου
1625 2428 1760 2466 ὲζωοποίη
1774 2430 1857 2466 [ἐζωο-

1081 2470 1218 2506 minus].

1117 2518 1160 2545 94.
1184 2518 1368 2554 Ἐξηγόρασάς
1380 2527 1413 2554 με
1426 2519 1465 2554 τῷ
1476 2520 1558 2555 τιμίῳ
1571 2529 1618 2547 σου
1634 2521 1729 2556 αἵματι
1745 2522 1855 2552 τελείως·

1085 2561 1170 2588 σῶσόν
1184 2571 1227 2597 με,
1242 2563 1292 2592 ὃτι,
1307 2563 1426 2595 ἀκούσας
1441 2564 1471 2590 τὸ
1489 2565 1619 2601 κήρυγμά
1635 2575 1693 2598 σου,
1708 2568 1854 2594 ἐπίστευσα.

1119 2608 1162 2635 95.
1184 2609 1248 2642 Ἐμὲ
1266 2609 1402 2646 ἐζήτησαν
1411 2612 1439 2638 αἱ
1451 2612 1568 2638 ἐναντίαι
1587 2612 1716 2648 δυνάμεις
1736 2613 1856 2640 ἀπολέσαι

1085 2654 1154 2690 ὲντῇ
1168 2655 1372 2693 είδωλολατρείᾳ
1383 2657 1435 2684 ’τὰ
1452 2657 1480 2683 δὲ
1497 2657 1625 2692 λεχθέντα
1643 2661 1720 2694 παρά
1738 2660 1784 2686 σοῦ
1802 2658 1855 2694 περὶ

1085 2700 1135 2735 τῆς
1154 2701 1194 2732 εἰς
1212 2701 1242 2727 σὲ
1256 2702 1373 2734 πίστεως
1395 2703 1442 2729 καὶ
1457 2703 1562 2735 ἐλπίδος
1576 2703 1691 2730 ἀκοῦσαι
1708 2701 1854 2741 [ἀκούσας]

1085 2745 1240 2773 ἐπίστευσα.

1118 2790 1160 2818 96.
1176 2791 1268 2828 Πάσης
1277 2792 1366 2829 δόξης,
1386 2794 1433 2820 καὶ
1459 2795 1633 2827 ἀπολαύσεως
1648 2798 1783 2832 σαρχιχῆς
1798 2793 1855 2823 εἶδον
