1910 3048
32 131 113 161 1193

470 132 514 160 οε
532 133 669 162 TITULIS
687 131 912 161 PSALMORUM.
931 148 966 154 —
986 133 1084 162 PSA'..
1105 133 1221 162 CXVIII.

1586 137 1655 166 ΗΜ

69 190 119 217 97.
145 189 187 219 Ὠς
200 188 330 224 ἠγάπησα
345 189 391 216 τὸν
409 197 490 224 νομον
510 198 567 222 σου,
588 189 684 225 Κύριε,
701 189 765 224 ὃλην
777 188 825 223 τὴν

912 187 957 216 97.
975 187 1010 216 Ut
1020 189 1101 216 dilexi
1113 189 1198 225 legem
1212 194 1296 221 tuam,
1311 189 1435 223 Domine,
1446 194 1503 219 tota
1516 193 1559 220 die
1571 200 1656 221 mem-

31 234 148 270 ἡμέραν
168 233 265 269 μελέτη
280 233 331 268 μού
347 235 430 260 ἐστιν.

69 279 117 306 98.
144 278 226 314 ’Υπὲρ
239 280 301 310 τοὺς
311 278 424 314 ἐχθρούς
438 288 488 314 μου
506 279 634 314 ἐσόφισάς
647 288 679 314 με
693 279 741 315 τὴν
754 281 828 306 ὲντο-

33 324 85 360 λήν
103 333 166 350 σου·
184 325 224 351 ὃτι
241 325 281 356 εἰς
292 325 338 351 τὸν
354 325 440 352 αἰῶνα
455 325 516 360 ἐμοί
531 326 615 352 ἐστιν.

69 368 118 396 99.
145 369 228 404 ’Υπὲρ
251 370 355 401 πάντας
372 370 435 401 τοὺς
454 369 628 402 διδάσκοντάς
651 378 684 405 με
711 371 826 405 συνῆκα,

33 416 76 441 ὅτι
93 415 131 442 τὰ
147 415 283 452 μαρτύριά
297 424 343 442 σου
359 416 458 451 μελέτη
473 415 523 451 μού
534 417 617 443 ἐστιν.

72 461 138 488 100.
157 461 243 497 Ὑπὲρ
255 461 456 497 πρεσϐυτέρους
470 462 583 497 συνῆκα,
598 462 639 488 ὅτι
659 461 709 493 τὰς
720 460 828 493 ἐντολάς

37 515 83 533 σου
103 506 267 541 ὲξεζήτησα.

71 552 138 579 101.
158 553 204 579 Ἐκ
219 552 308 588 πάσης
330 551 390 578 ὁδοῦ
408 553 528 587 πονηρᾶς
542 551 666 579 ἐκώλυσα
690 553 752 584 τοὺς
778 552 828 579 πό-

35 596 84 628 δας
100 605 164 631 μου,
177 597 250 628 ὅπως
265 597 297 624 ἂν
309 596 418 631 φυλάξω
433 597 496 628 τοὺς
509 597 605 631 λόγους
620 605 678 623 σου.

71 642 136 669 102.
162 643 228 669 ’Δπὸ
243 643 298 669 τῶν
311 643 452 679 χριμάτων
467 652 513 670 σου
524 643 574 670 οὐκ
587 643 722 676 ἐξέκλινα·
737 643 778 670 ὅτι
795 643 828 670 σὺ

37 689 239 724 ἑνομοθέτησάς
257 698 301 725 με.

72 735 138 762 103.
165 735 208 768 Ὡς
233 735 335 769 γλυκέα
365 735 404 772 τῷ
420 735 535 772 λάρυγγί
555 744 606 772 μου
625 736 660 764 τὰ
674 735 752 771 λόγιά
770 745 826 770 σου,

40 780 111 816 ὑπὲρ
126 780 187 816 μέλι
201 781 240 816 τῷ
257 781 369 817 στόματί
387 790 448 816 μου.

72 826 139 853 ιω.
158 826 224 852 Ἀπὸ
251 827 305 853 τῶν
331 826 445 853 ἐντολῶν
475 835 521 853 σου
538 827 652 862 συνῆκα·
679 827 724 854 διὰ
749 827 827 854 τοῦτο

37 871 159 906 ἐμίσησα
174 873 263 898 πᾶσαν
276 872 334 898 ὁδὸν
355 872 473 904 ἀδικίας.

71 917 137 944 105.
151 917 254 952 Λύχνος
268 919 324 950 τοῖς
335 917 398 944 ποσί
417 926 468 953 μου
480 919 494 944 ό
512 918 595 954 νόμος
620 927 678 950 σου,
693 918 739 945 καὶ
767 918 826 952 φῶς

36 964 96 994 ταῖς
109 963 215 998 τρίδοις
229 972 289 998 μου.

72 1009 136 1036 106.
160 1010 275 1045 Ὠμοσα,
296 1010 342 1037 καὶ
355 1009 455 1045 ἑστησα
472 1009 519 1036 τοῦ
534 1009 704 1044 φυλάξασθαι
720 1009 754 1036 τὰ
766 1010 826 1045 κρί-

38 1063 112 1089 ματα
129 1055 179 1090 τῆς
195 1055 365 1091 δικαιοσύνης
377 1064 434 1082 σου.

879 234 942 261 tatio
956 242 1015 261 mea
1031 239 1082 262 est.

911 279 954 306 98.
972 279 1058 314 Super
1085 279 1209 307 inimicos
1226 287 1301 306 meos
1321 280 1481 315 prudentem
1500 289 1543 309 me
1565 281 1654 311 fecisti

877 324 1003 352 mandato
1015 329 1076 352 tuo:
1087 325 1150 360 quia
1161 325 1188 352 in
1201 329 1331 352 aeternum
1346 325 1411 352 mibi
1424 330 1476 353 est.

911 369 1045 404 99.Super
1060 377 1156 398 omnes
1173 371 1301 398 decentes
1316 378 1357 398 me
1371 371 1491 400 intellexi
1507 381 1513 400 :
1532 373 1596 406 quia
1615 379 1657 402 te-

878 414 1005 440 stimonia
1019 419 1063 441 tua
1079 415 1218 442 meditatio
1231 423 1289 442 mea
1303 419 1356 442 est.

914 459 973 486 100.
987 459 1074 495 Super
1085 468 1164 488 senes
1177 460 1305 494 intellexi,
1317 461 1380 496 quia
1390 462 1516 491 mandata
1529 468 1575 492 tua
1582 472 1657 500 qua-

878 512 940 531 SIVI.

914 549 974 577 101.
988 550 1029 577 Ab
1044 550 1118 577 omni
1130 550 1172 577 via
1188 550 1259 578 mala
1279 551 1406 586 prohibui
1423 552 1506 587 pedes
1524 561 1608 589 meos,
1627 561 1657 584 ut

878 596 1028 623 custodiam
1040 596 1122 623 verba
1135 601 1191 623 tua.

914 642 974 669 102.
987 643 1010 668 Α
1025 642 1136 677 judiciis
1160 643 1214 671 tuis
1237 651 1291 670 non
1311 644 1465 672 declinavi:
1482 646 1546 681 quia
1564 651 1593 674 tu
1619 648 1657 676 le-

878 695 937 723 gem
949 689 1066 723 posuisti
1083 689 1159 716 mihi.

913 734 973 761 105.
988 735 1074 768 Quam
1089 734 1177 762 dulcia
1196 735 1320 764 faucibus
1336 737 1404 764 meis
1416 737 1521 772 eloquia
1536 742 1592 770 tua,
1609 746 1657 766 su-

879 787 926 815 per
940 780 992 807 mel
1008 780 1049 807 ori
1064 787 1135 807 meo.

915 825 976 852 104.
991 825 1012 851 Α
1035 825 1169 854 mandatis
1193 826 1247 854 tuis
1268 827 1384 855 intellexi
1403 837 1408 855 :
1425 833 1566 863 propterea
1585 829 1658 858 odivi

842 863 864 891 Β
878 879 985 899 omnem
1001 871 1073 911 viam
1089 872 1250 906 iniquitatis.

915 917 976 945 105.
992 917 1113 944 Lucerna
1131 917 1244 952 pedibus
1261 919 1328 947 meis
1343 919 1458 948 'verbum
1475 925 1563 954 tuum,
1578 925 1605 948 et
1617 921 1658 948 lu-

880 971 941 990 men
958 963 1062 990 semitis
1076 963 1153 990 meis.

916 1009 976 1036 106.
991 1007 1096 1056 Juravi,
1113 1012 1140 1036 et
1163 1009 1247 1037 statui
1273 1010 1408 1038 custodire
1423 1011 1524 1046 judicia
1545 1012 1658 1047 justitia-

881 1058 944 1081 (υἷε.

613 1137 798 1164 ATHANASII
815 1134 1102 1164 lNTERPRETATlO.

39 1203 114 1234 τέλος
125 1212 132 1218 ·
144 1212 168 1230 ο.
187 1203 216 1230 δὲ
227 1212 276 1238 την
290 1204 399 1239 εντολήν
416 1213 462 1231 σου
477 1204 655 1239 φυλάττοντες
682 1205 828 1241 ἀτελευτή-

40 1257 85 1275 του
99 1249 191 1283 δὸξης,
203 1249 250 1275 καὶ
260 1249 433 1281 ἀπολαύσεως
444 1250 592 1282 ἀξιοῦνται.

74 1293 119 1320 97.
134 1294 178 1325 Ὡς
193 1294 270 1328 μόνος
281 1294 405 1330 ἠρξάμην
417 1296 527 1331 ἀγαπᾷν
537 1295 582 1322 τὸν
590 1296 671 1331 νόμον
685 1304 741 1328 σου,
754 1296 825 1324 ἀδια-

40 1339 157 1371 λείπτως
169 1340 262 1366 λοιπὸν
274 1340 434 1376 φωτίζομαι,
446 1342 492 1368 καὶ
509 1342 672 1378 προσκόπτω
682 1343 710 1369 ὲν
722 1343 807 1378 αὐτῷ.

74 1385 118 1413 98.
137 1385 204 1418 Ταῖς
216 1386 269 1422 γὰρ
279 1387 414 1419 ὲναντίαις
426 1387 555 1422 δυνάμεσι
573 1389 619 1415 καὶ
629 1389 697 1416 πᾶσι
711 1390 767 1421 τοῖς
781 1389 826 1416 αι-

44 1431 160 1465 ρετικοίς
172 1431 222 1456 οὐκ
234 1431 336 1463 ἔδωκας
346 1431 473 1467 τοιαύτην
487 1432 577 1468 χάριν,
590 1433 628 1464 ὡς
640 1433 713 1468 ἐμοὶ,
725 1434 772 1460 τοῦ
787 1435 826 1460 εί-

41 1477 113 1504 δὲναι
124 1478 176 1509 τὰς
185 1477 293 1509 ἐντολάς
306 1486 364 1510 σου,
377 1477 417 1505 ὅτι
430 1478 492 1514 ἐμοὶ
507 1477 686 1510 ἀδιαλείπτως
697 1479 826 1515 ἐδωρήσω

42 1524 89 1560 τὴν
105 1523 187 1559 χάριν
203 1524 298 1560 αὑτήν.

75 1569 119 1597 99.
143 1570 230 1605 ’Υπὲρ
243 1571 304 1602 τοὺς
322 1569 515 1605 παλαιοτέρους
529 1578 578 1604 μου
598 1571 632 1605 τῇ
649 1569 743 1606 ἡλικίᾳ
757 1571 828 1605 ἐφω-

42 1614 136 1650 τίσθην
145 1614 181 1641 τὰ
195 1614 273 1648 λόγιά
287 1623 344 1647 σου,
364 1614 405 1640 ὅτι
417 1613 512 1645 νυκτὸς
536 1614 583 1640 καὶ
603 1613 710 1649 ἡμέρας
725 1615 753 1639 iv
778 1614 828 1640 αὐ-

43 1662 95 1692 τοῖς
113 1660 230 1696 μελετῶ.

77 1707 138 1734 100.
155 1706 241 1742 ’Υπὲρ
255 1706 318 1736 τοὺς
331 1705 385 1741 πρὸ
398 1703 464 1740 ἐμοῦ
475 1704 554 1736 ὕντας
564 1705 598 1740 τῇ
612 1703 710 1739 γνώσει
725 1704 830 1739 συνῆκα

43 1751 89 1787 τὴν
120 1752 238 1787 δύναμιν
267 1751 321 1778 τῶν
349 1751 475 1786 Γραφῶν,
506 1751 547 1777 ὃτι
569 1749 618 1782 τὰς
645 1749 754 1781 ἐντολάς
782 1758 828 1776 σου

45 1798 176 1833 ὲπῦθησα.

77 1845 137 1872 101.
158 1844 226 1870 Ἀπὸ
241 1843 331 1878 πάσης
354 1842 490 1878 ἁμαρτίας
514 1841 634 1877 πονηρᾶς
657 1840 828 1875 ἐπαυσάμην,

44 1888 114 1920 ὅπως
133 1888 272 1923 πληρώσω
288 1889 327 1920 είς
344 1888 374 1914 σὲ
397 1888 443 1914 καὶ
460 1887 505 1914 τὸν
535 1887 648 1922 πλησίον
662 1886 783 1921 ἀγάπην.

77 1933 137 1961 102.
161 1935 206 1960 Ἐν
219 1935 275 1965 τοῖς
295 1933 485 1968 προστάγμασι
498 1941 545 1959 σου
568 1932 682 1966 πλαγεὶς
693 1932 744 1958 οὑκ
765 1933 829 1958 ἐπο-

45 1979 135 2015 ρεύθη,
149 1980 192 2006 ὅτι
205 1980 237 2006 σὺ
254 1979 303 2014 τῆς
317 1979 426 2014 χάριτός
441 1987 488 2005 σου
502 1978 676 2014 [inopum-qv,
694 1978 734 2005 ὅτι
748 1978 779 2004 σὺ
795 1979 828 2012 τῇ

45 2025 129 2060 χάριτί
147 2025 208 2062 σου]
221 2025 363 2061 δδηγήσεις
377 2033 422 2060 με.

77 2071 137 2099 103.
153 2071 191 2098 Τὸ
205 2071 253 2107 μὲν
267 2070 373 2107 πρῶτον
403 2070 487 2097 ἰδικὸν
500 2069 579 2097 τοῦτό
597 2070 666 2102 ἐστι,
691 2070 732 2096 ὅτι
759 2069 828 2105 ὑπὲρ

45 2117 73 2144 τὸ
89 2119 149 2153 μέλι
160 2117 314 2152 γλυκύτερά
324 2118 376 2144 εἰσι
390 2117 424 2143 τὰ
437 2116 515 2150 λόγιά
527 2124 584 2144 σουσ
601 2117 689 2143 ἐκεῖνο
700 2116 754 2152 γὰρ
766 2115 827 2143 οὔτε

45 2164 81 2195 είς
93 2164 142 2199 τὴν
174 2162 287 2198 καρδίαν
307 2170 357 2198 μου
374 2162 542 2196 εἰσέρχονται
566 2160 753 2196 [εἰσέρχεται].
779 2161 826 2187 καὶ

878 1211 956 1231 nem:
973 1203 1158 1231 custodientes
1187 1207 1276 1231 autem
1302 1204 1460 1232 mandatum
1487 1211 1562 1232 tuum
1586 1207 1658 1242 digni

875 1248 938 1276 facti
952 1253 1016 1276 Sunt
1030 1249 1174 1276 intermina
1186 1249 1283 1284 gloria,
1302 1254 1328 1276 et
1343 1250 1491 1285 voluptate.

910 1293 954 1321 97.
972 1293 1006 1321 Ut
1020 1294 1108 1322 solum
1131 1294 1200 1328 ccepi
1216 1294 1327 1329 diligere
1348 1295 1432 1331 legem
1450 1301 1522 1323 tuam
1533 1318 1540 1330 ,
1557 1297 1658 1326 indesi-

875 1345 972 1368 nenter
988 1345 1080 1376 postea
1098 1340 1249 1374 illuminor,
1265 1345 1292 1368 et
1305 1342 1416 1375 proﬁcio
1428 1341 1455 1369 in
1467 1343 1538 1378 ipsa.

910 1385 955 1412 98.
974 1385 1041 1413 Nam
1055 1385 1199 1412 contrariis
1213 1386 1403 1420 potestatibus,
1418 1392 1446 1414 et
1458 1387 1585 1416 omnibus
1601 1389 1657 1416 bte-

874 1431 967 1460 reticis
980 1439 1033 1459 non
1047 1431 1146 1458 dedisti
1162 1431 1243 1458 talem
1257 1431 1384 1466 gratiam,
1397 1432 1469 1460 sicut
1481 1433 1559 1468 mihi,
1571 1438 1601 1462 ut
1612 1434 1658 1462 in-

875 1478 1021 1513 telligerem
1035 1477 1160 1504 mandata
1175 1481 1230 1509 tua,
1246 1477 1375 1513 quoniam
1390 1479 1457 1506 mihi
1469 1479 1654 1508 indesinenter

840 1531 861 1560 ρ
875 1523 984 1551 donasti
998 1531 1058 1550 eam
1072 1523 1197 1558 gratiam.

915 1569 959 1597 99.
982 1568 1068 1604 Super
1083 1576 1179 1596 omnes
1199 1569 1320 1597 seniores
1342 1577 1386 1598 me
1408 1570 1578 1600 illuminatus
1596 1580 1656 1600 sum

879 1615 906 1642 in
917 1615 1032 1650 eloquiis
1047 1615 1111 1648 tuis,
1126 1615 1256 1650 quoniam
1270 1619 1350 1642 necte
1367 1623 1400 1642 ac
1417 1615 1461 1644 die
1476 1617 1504 1644 in
1519 1617 1585 1652 ipsis
1601 1625 1659 1646 me-

879 1660 960 1687 dilor.

915 1705 976 1732 100.
993 1705 1081 1740 Super
1101 1713 1206 1736 omnes.
1219 1705 1267 1740 qui
1286 1705 1481 1733 antecedebant
1502 1713 1544 1734 me
1565 1707 1659 1743 cogni-

881 1751 963 1783 tione,
991 1751 1110 1779 intellexi
1134 1752 1262 1779 virtutem
1281 1751 1496 1786 Scripturarum,
1526 1754 1658 1788 quoniam

880 1797 1006 1824 mandata
1016 1802 1061 1824 tua
1080 1796 1242 1824 desideravi.

914 1842 974 1870 101.
991 1843 1032 1869 Ab
1048 1843 1121 1870 omni
1136 1849 1219 1877 pravo
1246 1846 1356 1877 peccato
1372 1844 1486 1878 cessavi,
1510 1848 1540 1872 ut
1552 1852 1614 1880 erga
1633 1849 1660 1872 te

878 1892 906 1914 ct
924 1888 1076 1922 proximum
1088 1888 1248 1915 charitatem
1262 1888 1411 1923 implerem.

918 1933 977 1961 102.
991 1933 1019 1960 in
1030 1935 1171 1969 pratceptis
1184 1935 1238 1961 tuis
1250 1935 1361 1962 territus
1373 1935 1520 1969 ambulavi,
1529 1936 1659 1971 quoniam

880 1984 908 2005 tu
921 1980 1037 2008 dedoces
1053 1988 1097 2008 me
1110 1981 1196 2015 gratia
1209 1985 1265 2007 tua.

915 2067 975 2094 105.
994 2066 1101 2095 Primus
1125 2067 1232 2102 quidem
1258 2067 1385 2101 proprius
1414 2074 1511 2095 sensus
1538 2067 1583 2096 hic
1606 2073 1659 2102 est,

878 2113 950 2147 quod
961 2113 1040 2140 melle
1055 2113 1176 2140 dulciora
1196 2118 1259 2140 sunt
1278 2113 1386 2148 eloquia
1401 2117 1447 2140 tua
1465 2123 1472 2146 ;
1496 2113 1561 2141 illud
1586 2116 1659 2142 enim

878 2167 967 2194 neque
984 2159 1012 2186 in
1027 2166 1074 2186 cor
1085 2167 1175 2186 meum
1189 2159 1348 2193 ingreditur,
1373 2163 1399 2186 et
1418 2164 1561 2194 postquam
1581 2168 1660 2188 accc-

47 2211 110 2244 μετὰ
120 2209 214 2237 λαϐεῖν
229 2209 304 2240 αὐτὸ,
315 2208 417 2239 εὐθέως
428 2209 444 2242 ἡ
456 2206 591 2241 γλυκύτης
602 2205 684 2233 αὐτοῦ
699 2206 823 2233 παύεται·

898 2210 953 2232 tum
974 2209 1024 2236 est,
1038 2205 1128 2231 statim
1145 2209 1234 2232 cessat
1252 2204 1311 2238 ejus
1329 2204 1442 2232 dulcedo
1460 2213 1468 2237 ;
1485 2205 1541 2232 haec
1557 2211 1657 2235 autent.

45 2255 124 2283 ταῦτα
134 2256 164 2282 δὲ
181 2254 341 2290 διαμένοντα
355 2254 394 2285 εἰς
404 2253 452 2287 τὴν
469 2252 583 2288 καρδίαν
600 2260 651 2287 μου
665 2251 828 2284 πλεονάζου-

48 2309 84 2327 σιν
95 2302 135 2333 εις
147 2301 197 2336 ἐμὲ
211 2300 259 2336 τὴν
274 2299 430 2334 γλυκύτητα
446 2298 543 2325 αὐτῶν·
559 2298 591 2325 τὸ
604 2297 631 2324 δὲ
643 2297 826 2334 ἀλληγορῆσαι

46 2347 118 2374 τὸῦτό
131 2349 216 2380 ἐστιν,
231 2347 298 2382 ὅπερ
317 2345 387 2380 ὑπὲρ
402 2345 491 2371 πᾶσαν
506 2344 625 2380 ἡδύτητα
650 2343 697 2370 τοῦ
725 2343 826 2378 κόσμου

47 2392 195 2429 γλυκύτερα
210 2392 310 2419 εἰσιτὰ
332 2391 410 2425 λόγιά
431 2399 488 2422 σου,
502 2391 542 2417 ὅτι
564 2390 612 2425 τῆς
634 2389 743 2416 αἰωνίου
758 2390 826 2417 ἀπο-

47 2437 162 2470 λαύσεως
181 2438 271 2473 ἔχουσι
283 2437 333 2473 τὴν
349 2436 521 2471 προσδοκίαν.

78 2483 136 2512 104.
158 2484 224 2511 Ἀπὸ
248 2483 301 2510 τῶν
313 2482 501 2517 δικαιωμάτων
514 2489 561 2507 σου
578 2479 767 2516 συνεπείσθηψ
783 2480 826 2507 διὰ

47 2529 120 2556 τοῦτο
131 2528 309 2564 ἀπεστράφην
322 2528 411 2554 πᾶσαν
425 2525 574 2561 ἁμαρτίαν.

79 2574 138 2602 105.
151 2575 234 2602 ὀταν
253 2574 347 2605 σκότος
360 2572 461 2608 ἐπέλθῃ
475 2580 520 2607 μοι
535 2571 584 2606 τῆς
600 2570 748 2605 ἁμαρτίας,
763 2570 826 2604 φαί-

50 2629 84 2648 νει
97 2630 141 2657 μοι
160 2621 244 2656 ὄνομά
260 2628 318 2652 σου,
343 2619 379 2655 μὴ
400 2617 550 2654 προσκόψαι
563 2615 767 2652 [προσκόψαντα
780 2614 825 2651 με]

49 2668 78 2702 τῇ
103 2667 224 2702 ἁμαρτίᾳ.
245 2667 347 2697 πεσεῖν,
374 2664 392 2699 ἢ
411 2663 549 2699 πληγῆναι
572 2661 612 2689 ἔτι
629 2661 680 2697 τῆς
706 2661 825 2693 διανοίας

51 2721 95 2746 μου
111 2713 155 2749 [τῇ
166 2713 270 2748 διανοίᾳ
281 2710 356 2747 μου].
369 2710 417 2737 καὶ
426 2708 536 2744 φωτίζει
566 2716 611 2744 με,
635 2707 662 2734 τί
673 2707 788 2743 ποιήσω.

81 2759 139 2788 106.
160 2761 189 2787 '0
202 2760 282 2795 ὅρκος
296 2758 388 2790 πίστις
417 2756 487 2783 εστί-
504 2755 650 2787 πιστεύσας
669 2751 716 2781 οὗν
731 2754 770 2785 είς
784 2754 824 2787 σὲ,

52 2805 169 2842 ἑστήριξα
180 2807 228 2842 τὴν
242 2805 354 2842 καρδίαν
370 2812 431 2840 μου,
450 2802 497 2830 τοῦ
511 2802 653 2838 πληρῶσαι
673 2801 704 2828 τὸ
719 2800 826 2836 θέλημα

54 2851 264 2887 signumve;
276 2859 333 2878 σου.

201 2899 342 2940 :Pa'rnoL.
359 2898 417 2928 Gn.
435 2895 566 2928 XXVII.

877 2258 938 2278 cum
951 2254 1125 2285 perseverant
1139 2250 1165 2276 in
1177 2250 1258 2277 corde
1271 2257 1343 2282 meo,
1358 2254 1458 2286 augent
1482 2250 1509 2276 in
1525 2257 1568 2277 me
1580 2258 1658 2278 suam

877 2296 1045 2324 dulcedinem
1060 2305 1066 2323 :
1085 2295 1229 2331 allegorice
1247 2300 1336 2322 autent
1359 2295 1411 2323 hoc
1427 2296 1570 2331 signiﬁcat,
1585 2298 1658 2332 quod

877 2343 983 2378 eloquia
1005 2347 1050 2369 tua
1067 2333 1187 2370 dulciora
1211 2346 1274 2369 sunt
1295 2341 1370 2369 omni
1393 2341 1487 2369 mundi
1505 2343 1657 2374 dulcedine.

876 2389 1005 2424 quoniam
1018 2388 1246 2423 exspectationem
1264 2387 1364 2414 habent
1379 2392 1487 2415 aeterna
1500 2388 1656 2422 voluptatis.

913 2474 974 2502 101.
997 2473 1020 2500 Α
1039 2474 1283 2508 justiticatiouibus
1301 2474 1354 2501 tuis
1368 2473 1480 2501 edoctus
1498 2482 1570 2507 sum,
1592 2481 1655 2509 pro-

876 2524 968 2554 pterea
982 2519 1154 2546 abominatus
1164 2526 1224 2545 sum
1240 2526 1320 2546 omne
1331 2524 1481 2554 peccatum.

912 2565 974 2593 105.
992 2565 1059 2593 Cum
1068 2565 1169 2599 peccati
1180 2565 1299 2592 tenebrae
1310 2564 1529 2600 ingruuntmihi,
1545 2569 1657 2599 apparet

877 2611 943 2638 mihi
959 2617 1058 2638 nomen
1075 2615 1163 2642 tuum,
1184 2617 1218 2637 ne
1235 2609 1374 2637 oll'endens
1392 2609 1420 2636 in
1443 2613 1595 2643 peccatum,
1610 2616 1657 2636 ea-

876 2657 950 2688 datn,
967 2660 1014 2683 aut
1027 2655 1108 2682 etiam
1123 2660 1212 2683 mente
1233 2662 1292 2682 mea
1317 2654 1464 2689 percutiar,
1480 2658 1508 2681 et
1520 2653 1658 2680 illuminat

876 2709 929 2734 me,
944 2701 1008 2736 quid
1029 2701 1136 2727 l'aciam.

913 2741 973 2775 106.
995 2746 1184 2774 Juramentum
1211 2744 1277 2772 ﬁdes
1298 2748 1340 2772 est
1359 2753 1366 2770 :
1387 2743 1499 2770 credens
1514 2742 1605 2781 igitur
1627 2742 1655 2769 in

875 2799 912 2828 te,
930 2793 1072 2821 obtirmavi
1096 2800 1143 2820 cor
1165 2798 1266 2820 meum.
1292 2795 1320 2818 ut
1342 2789 1468 2824 itnpleam
1490 2788 1657 2816 voluntatem

876 2841 1006 2870 bonitatis
1019 2843 1082 2867 tua.

1478 2881 1517 2912 38
