1910 3048
242 143 310 172 1199

651 143 679 171 5.
701 141 889 170 ATHANASII
908 141 984 170 OPP.
1005 141 1096 170 PARS
1115 141 1159 168 Ill.
1177 156 1213 162 -—
1236 139 1441 169 EXEGETICA.

1791 140 1856 167 1200

278 202 338 229 128.
355 202 498 237 Propterea
509 202 542 230 ad
559 202 650 230 omnia
666 204 792 230 mandata
805 208 849 230 tua
864 202 1016 238 airigebar:

1106 202 1168 229 128.
1184 202 1233 229 Διὰ
1251 201 1330 229 τοῦτο
1343 201 1412 238 πρὸς
1427 201 1516 234 πάσας
1539 201 1588 233 τὰς
1611 201 1719 233 ἐντολάς
1734 210 1779 228 σου
1794 210 1853 227 κατ-

241 255 348 276 omnem
363 249 434 275 viam
455 248 575 283 iniquam
591 248 654 276 odio
667 249 759 277 habui.

276 294 337 321 129.
357 293 488 322 Mirabilia
505 295 661 323 testimonia
679 299 745 323 tua:
768 296 828 324 ideo
845 301 964 324 scrutata
983 300 1024 323 est

240 347 270 367 ea
291 339 380 367 anima
398 347 468 367 mea.

276 380 337 413 150.
356 384 508 414 Declaratio
523 393 681 415 sermonum
701 392 809 416 tuorum
828 388 974 422 illuminat,
997 392 1025 416 et

240 431 404 459 intellectum
422 432 469 459 dat
488 433 619 467 parvulis.

276 476 337 504 151.
355 476 392 504 Os
409 485 500 504 meum
519 479 625 513 aperui,
646 484 672 507 et
684 480 783 507 attraxi
799 480 926 515 spiritum
940 489 946 507 :
960 480 1023 516 quia

239 523 365 550 mandata
385 529 429 550 tua
444 523 643 552 desiderabam.

275 569 336 596 152.
357 569 452 604 Aspice
468 569 495 596 in
519 578 572 602 me,
591 575 619 598 et
643 571 772 599 miserere
795 579 849 599 met
876 572 1023 600 secundum

238 614 370 648 iudicium
387 615 558 650 diligentium
577 624 676 644 nomen
692 623 779 645 tuum.

275 661 336 688 155.
361 661 477 689 Gressus
505 670 581 690 meos
606 663 691 697 dirige
712 664 861 691 secundum
885 663 1023 699 eloquium

239 707 327 736 tuum,
345 708 370 730 et
386 711 441 730 non
458 704 613 731 dominetur
628 705 680 731 mei
695 707 784 732 omnis
802 705 943 740 injustilia.

275 748 337 775 154.
358 748 469 776 Redime
495 756 538 776 me
555 757 570 776 a
593 750 738 777 calumniis
755 750 909 782 hominum,
926 754 953 778 et
976 757 1024 777 cu-

239 794 354 822 stodiam
371 794 497 821 mandata
513 799 569 822 tua.

276 840 337 867 155.
350 839 458 867 Faciem
477 845 551 868 tuam
569 841 690 868 illumina
705 849 787 877 super
800 849 907 869 servum
935 846 1022 871 tuum.

237 889 266 913 et
281 885 348 913 doce
363 894 406 913 me
419 886 629 921 justiﬁcationes
646 891 717 914 tuas.

275 930 336 958 156.
351 930 446 958 Exitus
460 939 592 966 aquarum
604 932 775 959 deduxerunt
787 931 859 959 oculi
871 932 923 959 mei
936 940 943 959 :
959 932 1023 967 quia

239 983 294 1003 non
308 976 442 1004 custodivi
462 976 547 1012 legem
562 981 647 1004 tuam.

275 1021 336 1049 157.
361 1021 457 1049 Justus
480 1030 528 1054 es,
551 1021 683 1054 Domine,
706 1026 734 1050 et
762 1027 865 1050 rectum
889 1022 1022 1057 judicium

240 1071 315 1094 tuum
320 1087 327 1093 .

271 1113 332 1141 158.
347 1113 479 1141 Mandasti
492 1113 626 1149 justitiam
647 1114 802 1142 testimonia
821 1105 877 1148 tua,
901 1119 928 1142 et
951 1115 1022 1142 veri-

239 1162 322 1186 tatem
338 1164 413 1187 tuam
427 1159 520 1188 nimis.

1074 248 1229 284 ωρθούμην·
1250 249 1338 275 πᾶσαν
1353 248 1412 275 ὁδὸν
1427 247 1518 275 ἄδικον
1533 247 1661 283 ἐμίσησα.

1110 295 1170 322 129.
1186 295 1336 330 Θαυμαστὰ
1352 294 1386 321 τὰ
1409 293 1547 330 μαρτύριὰ
1570 301 1630 320 cou'
1649 293 1692 320 διὰ
1710 293 1787 320 τοῦτο
1816 293 1856 326 ἑξ-

1076 341 1219 377 ὲρεὺνησεν
1233 341 1302 367 αὐτὰ
1319 341 1335 376 ἡ
1354 340 1426 374 ψυχή
1445 348 1502 366 σου.

1110 387 1170 414 150.
1191 387 1222 413 Ἦ
1236 386 1351 422 δήλωσις
1363 385 1418 412 τῶν
1431 384 1519 420 λόγων
1538 394 1585 412 σου
1608 386 1712 420 φωτιεῖ,
1733 386 1778 412 καὶ
1797 393 1854 411 συν-

1074 433 1141 458 ετιεῖ
1152 433 1276 468 νηπίους.

1110 478 1171 505 151.
1187 478 1223 505 Τὸ
1239 477 1325 514 στόμα
1344 486 1396 514 μου
1416 477 1524 514 ἧνοιξα,
1545 478 1591 504 καὶ
1613 477 1726 504 annos:
1742 477 1852 511 πνεῦμα·

1074 524 1115 550 ὅτι
1130 524 1177 555 τὰς
1193 523 1302 554 ἐντολάς
1316 532 1363 550 σου
1376 523 1535 550 ὲπεπόθουν.

1110 570 1172 597 152.
1187 569 1347 604 Ἐπίϐλεψον
1369 569 1413 596 ἐπ’
1430 569 1490 604 ἐμὲ,
1503 569 1551 596 καὶ
1566 568 1677 605 ἐλέησόν
1693 577 1726 603 με
1743 568 1811 595 κατᾶ
1827 568 1853 594 τὸ

1074 617 1162 651 κρῖμα
1173 615 1226 642 τῶν
1239 615 1406 650 ἀγαπώντων
1420 615 1451 642 τὸ
1465 616 1549 651 ὂνομά
1569 623 1631 649 μου.

1110 662 1170 689 155.
1185 661 1224 688 Τὰ
1239 661 1395 697 διαϐήματά
1407 670 1457 697 μου
1473 661 1636 688 κατεύθυνον
1648 660 1720 688 κατὰ
1731 660 1761 687 τδ
1772 660 1855 694 λόγιόν

1075 717 1132 740 σου,
1149 709 1195 735 καὶ
1212 709 1247 744 μὴ
1260 709 1501 744 κατακυριευσάτω
1517 717 1567 745 μου
1582 709 1656 735 πᾶσα
1672 708 1782 743 ἀνομία.

1110 753 1171 779 154.
1193 753 1336 788 Δύτρωσαί
1362 762 1395 789 με
1419 754 1473 780 ἀπὸ
1497 752 1678 788 συκοφαντίας
1698 753 1854 788 ἀνθρώπων,

1075 799 1120 825 καὶ
1138 798 1246 833 φυλάξω
1260 799 1309 830 τὰς
1322 798 1430 830 ἐντολάς
1447 808 1506 835 μου.

1110 845 1170 872 155.
1188 845 1224 871 Τὸ
1248 846 1392 880 πρόσωπόν
1416 854 1463 873 σου
1488 846 1619 881 ὲπίφανον
1637 846 1684 872 ἐπὶ
1706 845 1752 873 τὸν
1770 845 1856 872 δοῦλόν

1075 899 1132 923 σου,
1151 891 1198 917 καὶ
1216 891 1319 922 δίδαξόν
1337 901 1370 927 με
1388 892 1421 929 τᾲ
1435 892 1606 928 δικαιώματα
1621 901 1678 919 σου.

1108 935 1168 964 156.
1186 937 1326 970 Διεξόδοιις
1340 938 1443 965 ὑδάτων
1455 939 1604 966 κατέδυσαν
1616 940 1640 965 oi
1651 939 1784 974 ὀφθαλμοί
1798 947 1854 974 μου*

1070 982 1131 1008 ἐπεὶ
1147 983 1196 1009 οὐκ
1211 984 1330 1018 ἐφύλαξα
1344 985 1390 1011 τὸν
1404 985 1485 1020 νόμον
1504 994 1560 1013 σου.

1106 1029 1167 1056 157.
1184 1029 1292 1062 Δίκαιος
1306 1029 1340 1063 εί,
1354 1031 1451 1066 Κύριε,
1468 1033 1515 1058 καὶ
1526 1032 1613 1064 εὐθεῖς
1627 1033 1653 1059 αἱ
1666 1032 1771 1068 κρίσεις
1785 1040 1838 1058 σου.

1111 1115 1171 1142 158.
1187 1115 1328 1142 Ἐνετείλω
1345 1117 1519 1153 δικαιοσύνην
1534 1118 1566 1144 τὰ
1587 1119 1726 1154 μαρτύριά
1744 1127 1802 1152 aeu,
1815 1127 1857 1145 χαι

1073 1160 1201 1196 ἀλήθειαν
1216 1161 1328 1197 σφόδρα.

797 1227 984 1255 ATllANASl!
1006 1227 1299 1256 INTERPRETATIO.

237 1286 311 1315 vitia:
333 1287 504 1321 temporaria:
527 1291 613 1320 sunt,
638 1293 728 1322 neque
753 1291 862 1321 propter
892 1287 1020 1314 mandata

237 1336 284 1360 tua
294 1337 401 1360 aeternae
410 1333 553 1366 exsistunt,
564 1333 624 1361 ideo
636 1333 723 1368 magis
730 1332 811 1360 dilexi
821 1337 954 1367 praecepta
962 1336 1020 1360 tua.

272 1422 334 1450 428.
349 1423 492 1458 Propterea
510 1422 543 1450 ad
557 1430 652 1451 omnes
669 1428 732 1451 tuas
745 1423 897 1452 voluntates
909 1427 1022 1459 paratus

1070 1287 1235 1322 πρόσκαιρός
1252 1288 1335 1319 ἐστιν,
1356 1287 1416 1314 οὐδὲ
1433 1287 1477 1314 διὰ
1496 1287 1549 1314 τῶν
1567 1288 1680 1314 ἐντολῶν
1691 1296 1739 1314 σου
1754 1289 1858 1321 αἰώνιος

1071 1333 1200 1369 ὑπάρχει,
1214 1332 1259 1359 διὰ
1273 1333 1319 1359 τοῦ
1334 1333 1436 1369 [τοῦτο]
1458 1333 1556 1368 μᾶλλον
1575 1334 1706 1370 ἠγάπησα
1721 1333 1773 1366 τὰς
1790 1336 1857 1361 ἐντο-

1070 1379 1119 1410 λάς
1136 1386 1196 1406 σου.

1086 1379 1233 1453 aliud“
1249 1423 1329 1452 τοῦτο
1344 1424 1412 1460 πρὸς
1425 1424 1513 1451 πάντα
1525 1424 1560 1451 τὰ
1575 1424 1637 1460 Θελή
1643 1425 1717 1460 ματα
1731 1433 1780 1451 σου
1794 1425 1858 1452 ἕτοι-

237 1477 323 1502 eram,
335 1475 362 1497 et
373 1476 452 1497 omne
464 1474 604 1504 peccatum
619 1469 792 1498 abominatus
803 1478 874 1504 sum,
889 1471 1019 1506 quoniam

1092 1481 1121 1503 ος
1132 1472 1218 1508 ἢμην,
1228 1472 1276 1499 καὶ
1286 1472 1373 1498 πᾶσαν
1384 1471 1520 1507 ἁμαρτίαν
1531 1472 1754 1507 ἁπεστρεφόμην,
1767 1472 1860 1507 ἐπειδὴ

237 1516 265 1543 in
279 1515 486 1543 retributionem
502 1515 628 1550 respicio.

272 1561 333 1588 129.
350 1560 518 1588 Testimonia
535 1565 580 1588 tua
596 1561 776 1588 admiratione
798 1561 878 1596 plena
895 1567 960 1590 sunt
984 1562 1019 1594 ei,

235 1606 283 1642 qui
309 1606 355 1633 illa
384 1607 533 1641 intelligere
562 1609 672 1641 potest;
698 1611 841 1642 propterea
868 1607 1019 1635 desideravi

236 1659 382 1686 agnoscere
395 1652 450 1678 vim
465 1657 572 1679 tuarum
589 1651 802 1686 Scripturarum.

272 1697 334 1725 150.
350 1697 539 1732 lnterpretatio
565 1697 768 1733 Scripturarum
788 1703 898 1726 tuarum
916 1699 1019 1726 illumi-

234 1748 292 1777 nat,
304 1749 332 1771 et
346 1744 372 1771 in
385 1744 554 1772 intellectum
571 1744 691 1777 adducit,
705 1745 753 1780 qui
774 1744 891 1772 infantes
913 1750 976 1772 sunt
990 1745 1018 1772 in

235 1789 419 1824 intelligendo.

273 1835 335 1863 151.
360 1834 460 1862 Sitiens
484 1836 597 1870 gratiam
618 1839 693 1863 tuam
717 1835 877 1870 deprecatus
894 1843 954 1863 sum
979 1840 1016 1868 te,

233 1885 261 1908 et
274 1881 372 1908 dedisti
388 1881 455 1908 mihi
479 1881 610 1916 Spiritum
633 1887 756 1910 sanctum
780 1887 867 1913 tuum.
887 1882 1017 1916 quoniam

233 1927 421 1955 desiderabam
445 1934 595 1961 agnoscere
622 1926 827 1963 Scripturarum
855 1927 1017 1962 interpreta-

233 1973 346 2000 tionem.

268 2018 329 2047 152.
353 2017 587 2051 Quemadmodum
611 2018 724 2053 respicis
748 2018 892 2052 diligentes
911 2022 937 2045 te
952 2026 1015 2046 cum

233 2062 419 2097 misericordia
435 2066 462 2090 et
477 2062 653 2090 miseratione
667 2081 675 2094 ,
692 2062 729 2089 ita
744 2062 826 2089 etiam
845 2069 888 2089 me
912 2063 1014 2097 aspice,

232 2113 260 2136 et
274 2108 403 2135 miserere
417 2108 481 2136 mei.

1073 1518 1113 1550 είς
1124 1518 1174 1553 τὴν
1187 1517 1397 1553 μισθαποδοσίαν
1412 1517 1567 1544 ἀποϐλέπω.

1109 1561 1169 1590 129.
1187 1562 1283 1598 Πάσης
1298 1561 1455 1597 ἐκπλήξεως
1473 1562 1541 1597 μετὰ
1554 1561 1664 1598 [μεστά]
1677 1563 1731 1588 εἰσι
1743 1563 1779 1589 τὰ
1793 1571 1858 1598 μαρ-

1071 1605 1154 1642 τύριά
1168 1614 1215 1633 σου
1233 1606 1374 1642 δυναμένῳ
1390 1606 1460 1633 αὐτὰ
1474 1607 1585 1641 νοῆσαι·
1596 1606 1648 1633 «διὰ
1666 1607 1745 1634 τοῦτο
1762 1607 1859 1634 ἐπεθύ-

1072 1660 1146 1687 μησα
1163 1651 1263 1686 γνῶναι
1279 1652 1329 1687 τὴν
1348 1651 1460 1686 δύναμιν
1477 1652 1530 1677 τῶν
1549 1651 1663 1686 Γραφῶν
1677 1661 1733 1679 σου.

1106 1697 1168 1725 150,
1185 1698 1218 1724 Ἦ
1231 1697 1362 1733 ἑρμηνεία
1377 1697 1429 1723 τῶν
1441 1696 1555 1732 Γραφῶν
1567 1705 1612 1722 σου
1627 1696 1749 1730 φωτίζει,
1763 1698 1811 1724 καὶ
1821 1697 1858 1727 είς

1071 1742 1177 1770 σύνεσιν
1194 1743 1256 1778 ἄγει
1273 1744 1337 1774 τοὺς
1350 1742 1461 1779 νηπίους
1474 1742 1554 1774 ὄντας
1571 1744 1635 1778 περὶ
1648 1743 1695 1769 τοῦ
1715 1743 1824 1779 νοῆσαι.

1105 1834 1166 1861 151.
1180 1834 1269 1869 Διψῶν
1282 1835 1331 1870 τὴν
1344 1835 1423 1870 χάριν
1435 1843 1481 1861 σου
1496 1834 1607 1870 ἐδεήθην
1621 1843 1679 1865 σου,
1695 1835 1743 1861 καὶ
1756 1835 1857 1866 ἔδωκάς

1071 1888 1115 1915 μοι
1134 1880 1164 1906 τὸ
1185 1880 1298 1916 ΙΙνεῦμὰ
1315 1889 1361 1917 seu
1377 1881 1407 1906 τὸ
1427 1880 1514 1914 ἅγιον,
1530 1880 1623 1914 ἐπειδὴ
1638 1879 1793 1907 ὲπεπὸθουν
1809 1883 1857 1915 την

1068 1927 1216 1962 ἑρμηνείαν
1231 1927 1333 1953 ννῶναι
1348 1926 1403 1953 τῶν
1420 1926 1546 1962 Γραφῶν.

1103 2017 1163 2045 152.
1175 2016 1274 2048 Καθὼς
1285 2016 1385 2053 ἐφορᾷς
1395 2018 1457 2048 τοὺς
1468 2017 1631 2051 ὰγαπωντάς
1643 2026 1672 2044 σε
1686 2018 1756 2053 μετά
1766 2019 1855 2050 ἐλέους

1068 2063 1115 2088 καὶ
1128 2062 1286 2099 οἰκτιρμῶν,
1299 2062 1568 2105 οὕτωςαάμὲ-ἒπιδε,
1582 2064 1630 2089 καὶ
1641 2063 1710 2090 ἐλέει
1727 2073 1772 2100 με.

268 2153 329 2181 155.
350 2152 405 2180 Fac
432 2160 480 2180 cor
501 2159 594 2180 meum
610 2156 734 2187 prompte
750 2153 829 2187 sequi
845 2152 1012 2180 voluntatem
1029 2161 1031 2188 ς

1102 2151 1161 2178 155.
1179 2151 1234 2187 Τὴν
1248 2152 1401 2188 προθυμίαν
1422 2153 1471 2188 τῆς
1483 2153 1597 2188 καρδίας
1611 2162 1662 2189 μου
1676 2155 1792 2190 ποίησον
1815 2157 1853 2189 ἑξ-

233 2203 318 2232 tuam,
333 2203 361 2226 et
372 2206 426 2226 non
438 2198 537 2234 poterit
553 2198 644 2226 omnis
667 2197 768 2226 diaboli
787 2203 909 2233 potestas
930 2198 1016 2226 abdu-

233 2251 294 2272 cere
311 2252 356 2272 me
367 2244 402 2272 ab
416 2252 510 2272 amore
522 2249 578 2272 tuo.

268 2335 330 2364 151.
347 2335 444 2363 Libera
459 2343 502 2363 me
521 2336 556 2364 ab
567 2335 642 2364 omni
666 2336 820 2365 demonum
843 2335 966 2368 incursu,
987 2340 1015 2363 et

232 2382 351 2418 implebo
366 2383 493 2410 mandata
506 2387 564 2410 tua.

267 2428 329 2455 155.
345 2427 404 2455 Lux
423 2428 515 2463 gratia:
530 2433 583 2456 tuae
605 2428 658 2461 fac,
676 2432 707 2456 ut
727 2428 867 2455 exoriatur
890 2435 917 2455 in
932 2428 1014 2456 corde

231 2479 304 2505 meo,
326 2477 354 2500 et
369 2473 436 2500 doce
449 2479 494 2500 me
516 2472 677 2507 intelligere,
694 2476 722 2500 et
734 2471 824 2499 facere
840 2471 1013 2506 justiﬁcatio-

231 2522 455 2591 :‘rluvios
471 2562 651 2598 lacrymarum
671 2562 770 2590 deduxi
786 2561 821 2589 ab
839 2562 926 2590 oculis
943 2563 1012 2591 meis

229 2617 362 2644 umens,
391 2616 418 2637 et
440 2609 563 2645 cogitans
585 2608 656 2644 quod
685 2616 739 2635 non
764 2609 896 2636 custodivi
925 2609 1012 2643 legem

229 2660 313 2683 tuam.

266 2702 326 2729 157.
342 2700 436 2728 Justus
448 2699 531 2735 judex
548 2707 588 2732 es,
603 2699 728 2732 Domine,
745 2703 772 2727 et
786 2707 839 2727 non
862 2704 903 2727 est
917 2707 1011 2734 perso-

229 2753 324 2775 narum
342 2747 462 2781 acceptio
475 2745 545 2780 apud
561 2749 597 2773 te.

265 2791 325 2819 158.
341 2791 494 2826 Praecepisti
515 2790 604 2818 facere
618 2790 752 2825 justitiam
772 2790 800 2818 in
819 2790 859 2818 tui
881 2790 1006 2819 testimo-

230 2835 317 2870 lium,
329 2840 355 2864 et
370 2836 436 2865 nihil
451 2843 499 2871 per
517 2836 726 2869 simulationem.

1064 2196 1219 2223 ακολουθεῖν
1234 2197 1272 2232 τῷ
1293 2197 1426 2233 θελήματι
1452 2206 1509 2231 σου,
1526 2199 1573 2224 καὶ
1597 2199 1635 2234 μὴ
1663 2200 1762 2237 ἰσχύσῃ
1781 2203 1856 2228 πᾶσα

1062 2242 1175 2277 δύναμις
1204 2242 1252 2269 τοῦ
1275 2243 1397 2270 διαϐόλου
1421 2243 1573 2279 ἀποστῆσαι
1600 2253 1634 2280 με
1657 2245 1709 2280 τῆς
1734 2247 1804 2282 πρὸς
1825 2248 1853 2273 σὲ

1065 2289 1184 2324 ἀγάπης.

1098 2335 1158 2362 154.
1174 2335 1317 2371 Λύτρωσαί
1333 2344 1366 2371 με
1380 2335 1434 2362 ἀπὸ
1449 2335 1539 2371 πάσης
1553 2336 1681 2372 ἀφορμῆς
1693 2337 1748 2364 τῶν
1759 2338 1853 2374 δαιμόο

1063 2390 1127 2414 νων,
1141 2383 1189 2408 καὶ
1203 2381 1340 2418 πληρώσω
1353 2382 1402 2414 τὰς
1417 2382 1525 2414 ἐντολάς
1544 2391 1602 2410 σου.

1098 2427 1158 2455 155.
1176 2427 1213 2453 To
1226 2428 1283 2462 φῶς
1297 2428 1346 2463 τῆς
1359 2428 1467 2464 χάριτός
1481 2437 1526 2454 σου
1541 2428 1681 2456 ἀνάτειλον
1695 2429 1725 2456 ἐν
1737 2432 1771 2466 τῇ
1785 2440 1851 2467 καρ-

1060 2473 1104 2509 δίᾳ
1119 2482 1180 2508 μου,
1195 2474 1243 2500 καὶ
1253 2473 1358 2508 δίδαξόν
1374 2483 1407 2509 με
1424 2476 1504 2507 νοεῖν,
1519 2475 1565 2501 καὶ
1582 2477 1668 2502 ποιεῖν
1686 2476 1722 2503 τὰ
1736 2477 1849 2504 δικαιιὶι-

1062 2519 1133 2554 ματά
1150 2528 1207 2546 σου.

1097 2563 1156 2590 156.
1170 2564 1312 2598 Ποταμοὺς
1321 2563 1444 2599 δακρύων
1456 2564 1613 2599 κατήγαγον
1626 2566 1680 2592 ἀπὸ
1688 2566 1742 2592 τῶν
1753 2566 1850 2600 ὀφθαλ-

1063 2609 1120 2644 μῶν
1138 2617 1187 2644 μου
1201 2609 1313 2642 κλαίων,
1327 2611 1374 2637 καὶ
1387 2610 1596 2646 ἐνθυμούμενος,
1608 2611 1648 2638 ὄτι
1664 2612 1715 2638 οὐκ
1728 2612 1848 2646 ἐφύλαξα

1060 2655 1105 2682 τὸν
1122 2654 1204 2689 νόμον
1220 2663 1277 2681 σου.

1095 2700 1155 2728 157.
1169 2701 1358 2737 Δικαιοκρίτης
1370 2699 1411 2734 εἷ,
1432 2702 1528 2737 Κύριε,
1543 2703 1590 2729 καὶ
1611 2704 1662 2729 οὐκ
1684 2703 1743 2730 ἔστι
1763 2711 1847 2738 προσ-

1058 2746 1200 2782 ωποληψία
1213 2755 1288 2781 παρα
1308 2747 1358 2773 σοί.

1096 2791 1157 2819 158.
1173 2792 1345 2827 Προσὲταξας
1366 2793 1406 2824 είς
1429 2793 1581 2828 μαρτυρίαν
1604 2801 1651 2820 σου
1672 2793 1845 2829 δικαιοσύνην

1059 2838 1155 2870 ποιεῖν,
1172 2837 1219 2864 καὶ
1235 2838 1317 2874 μηδὲν
1333 2837 1392 2865 καθ’
1408 2838 1562 2873 ὑπόκρισιν.
