  <div class='ocr_page' id='page_1' title='image "/cluster/home/n/w/nwhite01/storage/ocr_20150623/27/njp.32101010944609/626.png"; bbox 0 0 1910 3048; ppageno 0'>
   <div class='ocr_carea' id='block_1_1' title="bbox 49 165 122 194">
    <p class='ocr_par' dir='ltr' id='par_1_1' title="bbox 49 165 122 194">
     <span class='ocr_line' id='line_1_1' title="bbox 49 165 122 194; baseline 0 0"><span class='ocrx_word' id='word_1_1' title='bbox 49 165 122 194; x_wconf 72' lang='grc'><strong>1201</strong></span> 
     </span>
    </p>
   </div>
   <div class='ocr_carea' id='block_1_2' title="bbox 483 163 1232 195">
    <p class='ocr_par' dir='ltr' id='par_1_2' title="bbox 483 163 1232 195">
     <span class='ocr_line' id='line_1_2' title="bbox 483 163 1232 195; baseline -0.003 -2"><span class='ocrx_word' id='word_1_2' title='bbox 483 166 527 194; x_wconf 84' lang='lat' dir='ltr'><strong>DE</strong></span> <span class='ocrx_word' id='word_1_3' title='bbox 550 166 686 195; x_wconf 77' lang='lat' dir='ltr'><strong>TITULIS</strong></span> <span class='ocrx_word' id='word_1_4' title='bbox 704 165 929 194; x_wconf 80' lang='lat' dir='ltr'><strong>PSALMORUM.</strong></span> <span class='ocrx_word' id='word_1_5' title='bbox 948 181 983 186; x_wconf 95' lang='grc'><strong>--</strong></span> <span class='ocrx_word' id='word_1_6' title='bbox 1001 163 1098 192; x_wconf 81' lang='lat' dir='ltr'><strong>PSAL.</strong></span> <span class='ocrx_word' id='word_1_7' title='bbox 1117 163 1232 191; x_wconf 75' lang='lat' dir='ltr'><strong>CXVIII.</strong></span> 
     </span>
    </p>
   </div>
   <div class='ocr_carea' id='block_1_3' title="bbox 1601 159 1669 188">
    <p class='ocr_par' dir='ltr' id='par_1_3' title="bbox 1601 159 1669 188">
     <span class='ocr_line' id='line_1_3' title="bbox 1601 159 1669 188; baseline -0.029 0"><span class='ocrx_word' id='word_1_8' title='bbox 1601 159 1669 188; x_wconf 70' lang='grc'><strong>1209</strong></span> 
     </span>
    </p>
   </div>
   <div class='ocr_carea' id='block_1_4' title="bbox 92 217 852 258">
    <p class='ocr_par' dir='ltr' id='par_1_4' title="bbox 92 222 840 258">
     <span class='ocr_line' id='line_1_4' title="bbox 92 222 840 258; baseline -0.001 -8"><span class='ocrx_word' id='word_1_9' title='bbox 92 223 152 250; x_wconf 80' lang='grc'><strong>159.</strong></span> <span class='ocrx_word' id='word_1_10' title='bbox 165 223 290 258; x_wconf 78' lang='grc' dir='ltr'><strong>Ἐξέτηξέ</strong></span> <span class='ocrx_word' id='word_1_11' title='bbox 309 231 342 258; x_wconf 78' lang='grc' dir='ltr'><strong>με</strong></span> <span class='ocrx_word' id='word_1_12' title='bbox 355 223 368 249; x_wconf 78' lang='grc' dir='ltr'><strong>ὁ</strong></span> <span class='ocrx_word' id='word_1_13' title='bbox 382 222 460 256; x_wconf 74' lang='grc' dir='ltr'>ζῆλός</span> <span class='ocrx_word' id='word_1_14' title='bbox 478 231 538 249; x_wconf 82' lang='grc' dir='ltr'>σου·</span> <span class='ocrx_word' id='word_1_15' title='bbox 556 224 596 250; x_wconf 77' lang='grc' dir='ltr'>ὅτι</span> <span class='ocrx_word' id='word_1_16' title='bbox 611 223 771 251; x_wconf 68' lang='grc' dir='ltr'>ἐπελάθοντο</span> <span class='ocrx_word' id='word_1_17' title='bbox 787 222 840 249; x_wconf 85' lang='grc' dir='ltr'><strong>τῶν</strong></span> 
     </span>
    </p>
   </div>
   <div class='ocr_carea' id='block_1_5' title="bbox 911 217 1669 258">
    <p class='ocr_par' dir='ltr' id='par_1_5' title="bbox 933 217 1669 252">
     <span class='ocr_line' id='line_1_5' title="bbox 933 217 1669 252; baseline -0.005 -4"><span class='ocrx_word' id='word_1_18' title='bbox 933 221 991 249; x_wconf 83' lang='grc'><strong>159.</strong></span> <span class='ocrx_word' id='word_1_19' title='bbox 1010 221 1161 251; x_wconf 63' lang='lat' dir='ltr'><strong>fl‘abescere</strong></span> <span class='ocrx_word' id='word_1_20' title='bbox 1180 227 1223 247; x_wconf 84' lang='lat' dir='ltr'><strong>me</strong></span> <span class='ocrx_word' id='word_1_21' title='bbox 1236 218 1298 246; x_wconf 83' lang='lat' dir='ltr'><strong>fecit</strong></span> <span class='ocrx_word' id='word_1_22' title='bbox 1311 224 1385 247; x_wconf 83' lang='lat' dir='ltr'><strong>zelus</strong></span> <span class='ocrx_word' id='word_1_23' title='bbox 1398 225 1492 247; x_wconf 82' lang='lat' dir='ltr'><strong>meus:</strong></span> <span class='ocrx_word' id='word_1_24' title='bbox 1509 217 1573 252; x_wconf 85' lang='lat' dir='ltr'><strong>quia</strong></span> <span class='ocrx_word' id='word_1_25' title='bbox 1593 217 1669 244; x_wconf 92' lang='lat' dir='ltr'><strong>obliti</strong></span> 
     </span>
    </p>
   </div>
   <div class='ocr_carea' id='block_1_6' title="bbox 50 268 426 305">
    <p class='ocr_par' dir='ltr' id='par_1_6' title="bbox 50 268 426 305">
     <span class='ocr_line' id='line_1_6' title="bbox 50 268 426 305; baseline -0.008 -7"><span class='ocrx_word' id='word_1_26' title='bbox 50 271 143 304; x_wconf 68' lang='grc' dir='ltr'>λόγων</span> <span class='ocrx_word' id='word_1_27' title='bbox 155 278 202 296; x_wconf 85' lang='grc' dir='ltr'>σου</span> <span class='ocrx_word' id='word_1_28' title='bbox 219 271 244 296; x_wconf 80' lang='grc' dir='ltr'>οἰ</span> <span class='ocrx_word' id='word_1_29' title='bbox 258 268 349 305; x_wconf 82' lang='grc' dir='ltr'>ὲχθροι</span> <span class='ocrx_word' id='word_1_30' title='bbox 366 278 426 304; x_wconf 83' lang='grc' dir='ltr'>μου.</span> 
     </span>
    </p>
   </div>
   <div class='ocr_carea' id='block_1_7' title="bbox 90 314 807 350">
    <p class='ocr_par' dir='ltr' id='par_1_7' title="bbox 90 314 807 350">
     <span class='ocr_line' id='line_1_7' title="bbox 90 314 807 350; baseline -0.003 -8"><span class='ocrx_word' id='word_1_31' title='bbox 90 314 154 342; x_wconf 65' lang='grc'><strong>140.</strong></span> <span class='ocrx_word' id='word_1_32' title='bbox 168 315 369 350; x_wconf 81' lang='grc' dir='ltr'>Πεπυρωμένον</span> <span class='ocrx_word' id='word_1_33' title='bbox 385 315 415 341; x_wconf 79' lang='grc' dir='ltr'>τὸ</span> <span class='ocrx_word' id='word_1_34' title='bbox 437 315 526 349; x_wconf 86' lang='grc' dir='ltr'>λόγιόν</span> <span class='ocrx_word' id='word_1_35' title='bbox 549 323 594 341; x_wconf 87' lang='grc' dir='ltr'>σου</span> <span class='ocrx_word' id='word_1_36' title='bbox 618 315 736 350; x_wconf 80' lang='grc' dir='ltr'>σφοδρα,</span> <span class='ocrx_word' id='word_1_37' title='bbox 761 323 807 341; x_wconf 87' lang='grc' dir='ltr'><strong>και</strong></span> 
     </span>
    </p>
   </div>
   <div class='ocr_carea' id='block_1_8' title="bbox 51 359 454 394">
    <p class='ocr_par' dir='ltr' id='par_1_8' title="bbox 51 359 454 394">
     <span class='ocr_line' id='line_1_8' title="bbox 51 359 454 394; baseline -0.002 -8"><span class='ocrx_word' id='word_1_38' title='bbox 51 359 149 390; x_wconf 76' lang='grc' dir='ltr'>δοῦλός</span> <span class='ocrx_word' id='word_1_39' title='bbox 162 360 209 385; x_wconf 75' lang='grc' dir='ltr'><strong>σου</strong></span> <span class='ocrx_word' id='word_1_40' title='bbox 225 359 366 394; x_wconf 69' lang='grc' dir='ltr'>ἠγάπησεν</span> <span class='ocrx_word' id='word_1_41' title='bbox 379 359 454 385; x_wconf 78' lang='grc' dir='ltr'>αὑτό.</span> 
     </span>
    </p>
   </div>
   <div class='ocr_carea' id='block_1_9' title="bbox 89 404 841 441">
    <p class='ocr_par' dir='ltr' id='par_1_9' title="bbox 89 404 841 441">
     <span class='ocr_line' id='line_1_9' title="bbox 89 404 841 441; baseline -0.001 -9"><span class='ocrx_word' id='word_1_42' title='bbox 89 405 154 432; x_wconf 64' lang='grc'><strong>141.</strong></span> <span class='ocrx_word' id='word_1_43' title='bbox 169 404 310 440; x_wconf 78' lang='grc' dir='ltr'>Νεώτερος</span> <span class='ocrx_word' id='word_1_44' title='bbox 323 404 376 438; x_wconf 83' lang='grc' dir='ltr'><strong>ἐγὼ</strong></span> <span class='ocrx_word' id='word_1_45' title='bbox 390 405 446 440; x_wconf 74' lang='grc' dir='ltr'>ειμι</span> <span class='ocrx_word' id='word_1_46' title='bbox 461 405 506 431; x_wconf 78' lang='grc' dir='ltr'>καὶ</span> <span class='ocrx_word' id='word_1_47' title='bbox 522 404 740 441; x_wconf 78' lang='grc' dir='ltr'>ὲξουδενωμένος,</span> <span class='ocrx_word' id='word_1_48' title='bbox 757 405 791 431; x_wconf 86' lang='grc' dir='ltr'>τὰ</span> <span class='ocrx_word' id='word_1_49' title='bbox 803 404 841 431; x_wconf 89' lang='grc' dir='ltr'>δι-</span> 
     </span>
    </p>
   </div>
   <div class='ocr_carea' id='block_1_10' title="bbox 52 448 528 485">
    <p class='ocr_par' dir='ltr' id='par_1_10' title="bbox 52 448 528 485">
     <span class='ocr_line' id='line_1_10' title="bbox 52 448 528 485; baseline 0.002 -10"><span class='ocrx_word' id='word_1_50' title='bbox 52 448 204 484; x_wconf 76' lang='grc' dir='ltr'>καιώματά</span> <span class='ocrx_word' id='word_1_51' title='bbox 220 457 266 475; x_wconf 87' lang='grc' dir='ltr'>σου</span> <span class='ocrx_word' id='word_1_52' title='bbox 282 449 331 475; x_wconf 84' lang='grc' dir='ltr'>οὐκ</span> <span class='ocrx_word' id='word_1_53' title='bbox 346 449 528 485; x_wconf 72' lang='grc' dir='ltr'>ἐπελαθόμην.</span> 
     </span>
    </p>
   </div>
   <div class='ocr_carea' id='block_1_11' title="bbox 88 494 839 531">
    <p class='ocr_par' dir='ltr' id='par_1_11' title="bbox 88 494 839 531">
     <span class='ocr_line' id='line_1_11' title="bbox 88 494 839 531; baseline 0.003 -11"><span class='ocrx_word' id='word_1_54' title='bbox 88 495 154 521; x_wconf 68' lang='grc'><strong>112,</strong></span> <span class='ocrx_word' id='word_1_55' title='bbox 174 495 207 521; x_wconf 86' lang='grc' dir='ltr'>Ἡ</span> <span class='ocrx_word' id='word_1_56' title='bbox 225 494 383 530; x_wconf 76' lang='grc' dir='ltr'><strong>δικαιοσύνη</strong></span> <span class='ocrx_word' id='word_1_57' title='bbox 399 503 445 521; x_wconf 89' lang='grc' dir='ltr'>σου</span> <span class='ocrx_word' id='word_1_58' title='bbox 462 495 618 531; x_wconf 79' lang='grc' dir='ltr'><strong>δικαιοσύνη</strong></span> <span class='ocrx_word' id='word_1_59' title='bbox 633 496 673 528; x_wconf 82' lang='grc' dir='ltr'>εις</span> <span class='ocrx_word' id='word_1_60' title='bbox 685 496 730 523; x_wconf 84' lang='grc' dir='ltr'>τὸν</span> <span class='ocrx_word' id='word_1_61' title='bbox 744 495 839 528; x_wconf 78' lang='grc' dir='ltr'>αἰῶνα,</span> 
     </span>
    </p>
   </div>
   <div class='ocr_carea' id='block_1_12' title="bbox 53 540 419 576">
    <p class='ocr_par' dir='ltr' id='par_1_12' title="bbox 53 540 419 576">
     <span class='ocr_line' id='line_1_12' title="bbox 53 540 419 576; baseline 0.003 -10"><span class='ocrx_word' id='word_1_62' title='bbox 53 540 101 566; x_wconf 70' lang='grc' dir='ltr'>καὶ</span> <span class='ocrx_word' id='word_1_63' title='bbox 113 541 129 566; x_wconf 83' lang='grc' dir='ltr'>ὁ</span> <span class='ocrx_word' id='word_1_64' title='bbox 144 540 225 575; x_wconf 82' lang='grc' dir='ltr'>νόμος</span> <span class='ocrx_word' id='word_1_65' title='bbox 238 549 283 566; x_wconf 89' lang='grc' dir='ltr'>σου</span> <span class='ocrx_word' id='word_1_66' title='bbox 297 540 419 576; x_wconf 83' lang='grc' dir='ltr'>ἀλήθεια.</span> 
     </span>
    </p>
   </div>
   <div class='ocr_carea' id='block_1_13' title="bbox 89 586 840 623">
    <p class='ocr_par' dir='ltr' id='par_1_13' title="bbox 89 586 840 623">
     <span class='ocr_line' id='line_1_13' title="bbox 89 586 840 623; baseline 0.003 -11"><span class='ocrx_word' id='word_1_67' title='bbox 89 586 153 612; x_wconf 76' lang='lat' dir='ltr'><strong>H3.</strong></span> <span class='ocrx_word' id='word_1_68' title='bbox 176 586 285 621; x_wconf 76' lang='grc' dir='ltr'>Θλίψεις</span> <span class='ocrx_word' id='word_1_69' title='bbox 308 586 355 614; x_wconf 73' lang='grc' dir='ltr'>καὶ</span> <span class='ocrx_word' id='word_1_70' title='bbox 371 587 486 621; x_wconf 82' lang='grc' dir='ltr'><strong>ἀνάγκαι</strong></span> <span class='ocrx_word' id='word_1_71' title='bbox 503 587 617 622; x_wconf 83' lang='grc' dir='ltr'>ε’ύροσάν</span> <span class='ocrx_word' id='word_1_72' title='bbox 633 596 676 623; x_wconf 81' lang='grc' dir='ltr'><strong>με,</strong></span> <span class='ocrx_word' id='word_1_73' title='bbox 693 589 721 615; x_wconf 77' lang='grc' dir='ltr'>αἱ</span> <span class='ocrx_word' id='word_1_74' title='bbox 737 588 840 615; x_wconf 82' lang='grc' dir='ltr'>ὲντολαί</span> 
     </span>
    </p>
   </div>
   <div class='ocr_carea' id='block_1_14' title="bbox 53 632 298 667">
    <p class='ocr_par' dir='ltr' id='par_1_14' title="bbox 53 632 298 667">
     <span class='ocr_line' id='line_1_14' title="bbox 53 632 298 667; baseline 0.008 -9"><span class='ocrx_word' id='word_1_75' title='bbox 53 641 101 658; x_wconf 80' lang='grc' dir='ltr'><strong>σου</strong></span> <span class='ocrx_word' id='word_1_76' title='bbox 119 632 220 667; x_wconf 83' lang='grc' dir='ltr'><strong>μελέτη</strong></span> <span class='ocrx_word' id='word_1_77' title='bbox 237 641 298 667; x_wconf 85' lang='grc' dir='ltr'>μου.</span> 
     </span>
    </p>
   </div>
   <div class='ocr_carea' id='block_1_15' title="bbox 89 674 839 713">
    <p class='ocr_par' dir='ltr' id='par_1_15' title="bbox 89 674 839 713">
     <span class='ocr_line' id='line_1_15' title="bbox 89 674 839 713; baseline 0.005 -12"><span class='ocrx_word' id='word_1_78' title='bbox 89 674 153 701; x_wconf 64' lang='lat' dir='ltr'><strong>iu.</strong></span> <span class='ocrx_word' id='word_1_79' title='bbox 171 676 331 712; x_wconf 78' lang='grc' dir='ltr'><strong>Δικαιοσύνη</strong></span> <span class='ocrx_word' id='word_1_80' title='bbox 347 677 382 703; x_wconf 79' lang='grc' dir='ltr'>τὰ</span> <span class='ocrx_word' id='word_1_81' title='bbox 400 678 535 713; x_wconf 83' lang='grc' dir='ltr'>μαρτύριὰ</span> <span class='ocrx_word' id='word_1_82' title='bbox 559 686 604 704; x_wconf 82' lang='grc' dir='ltr'>σου</span> <span class='ocrx_word' id='word_1_83' title='bbox 626 678 666 710; x_wconf 78' lang='grc' dir='ltr'><strong>εἰς</strong></span> <span class='ocrx_word' id='word_1_84' title='bbox 679 678 726 704; x_wconf 80' lang='grc' dir='ltr'><strong>τὸν</strong></span> <span class='ocrx_word' id='word_1_85' title='bbox 744 677 839 710; x_wconf 78' lang='grc' dir='ltr'>αἰῶνα,</span> 
     </span>
    </p>
   </div>
   <div class='ocr_carea' id='block_1_16' title="bbox 53 721 460 758">
    <p class='ocr_par' dir='ltr' id='par_1_16' title="bbox 53 721 460 758">
     <span class='ocr_line' id='line_1_16' title="bbox 53 721 460 758; baseline 0.007 -13"><span class='ocrx_word' id='word_1_86' title='bbox 53 721 196 747; x_wconf 64' lang='grc' dir='ltr'>οηδνὲτισόν</span> <span class='ocrx_word' id='word_1_87' title='bbox 213 730 256 756; x_wconf 83' lang='grc' dir='ltr'><strong>με,</strong></span> <span class='ocrx_word' id='word_1_88' title='bbox 276 722 321 748; x_wconf 73' lang='grc' dir='ltr'>καὶ</span> <span class='ocrx_word' id='word_1_89' title='bbox 333 722 460 758; x_wconf 76' lang='grc' dir='ltr'>ζήσομαι.</span> 
     </span>
    </p>
   </div>
   <div class='ocr_carea' id='block_1_17' title="bbox 90 765 840 804">
    <p class='ocr_par' dir='ltr' id='par_1_17' title="bbox 90 765 840 804">
     <span class='ocr_line' id='line_1_17' title="bbox 90 765 840 804; baseline 0.005 -13"><span class='ocrx_word' id='word_1_90' title='bbox 90 765 154 792; x_wconf 75' lang='grc'><strong>1-15.</strong></span> <span class='ocrx_word' id='word_1_91' title='bbox 170 767 323 802; x_wconf 76' lang='grc' dir='ltr'>Ἔκὲκραξα</span> <span class='ocrx_word' id='word_1_92' title='bbox 349 768 378 794; x_wconf 80' lang='grc' dir='ltr'>ὲν</span> <span class='ocrx_word' id='word_1_93' title='bbox 405 767 454 804; x_wconf 81' lang='grc' dir='ltr'><strong>ὅλῃ</strong></span> <span class='ocrx_word' id='word_1_94' title='bbox 475 767 572 803; x_wconf 75' lang='grc' dir='ltr'>καρδία</span> <span class='ocrx_word' id='word_1_95' title='bbox 596 776 665 803; x_wconf 80' lang='grc' dir='ltr'>μου,</span> <span class='ocrx_word' id='word_1_96' title='bbox 688 767 840 795; x_wconf 74' lang='grc' dir='ltr'>ἐπάκουσον</span> 
     </span>
    </p>
   </div>
   <div class='ocr_carea' id='block_1_18' title="bbox 53 811 692 848">
    <p class='ocr_par' dir='ltr' id='par_1_18' title="bbox 53 811 692 848">
     <span class='ocr_line' id='line_1_18' title="bbox 53 811 692 848; baseline 0.006 -12"><span class='ocrx_word' id='word_1_97' title='bbox 53 819 119 846; x_wconf 84' lang='grc' dir='ltr'><strong>μου,</strong></span> <span class='ocrx_word' id='word_1_98' title='bbox 139 811 235 846; x_wconf 79' lang='grc' dir='ltr'>Κύριε,</span> <span class='ocrx_word' id='word_1_99' title='bbox 249 812 282 839; x_wconf 78' lang='grc' dir='ltr'><strong>τὰ</strong></span> <span class='ocrx_word' id='word_1_100' title='bbox 296 812 466 846; x_wconf 81' lang='grc' dir='ltr'>δικαιώματα</span> <span class='ocrx_word' id='word_1_101' title='bbox 483 822 529 840; x_wconf 85' lang='grc' dir='ltr'>σου</span> <span class='ocrx_word' id='word_1_102' title='bbox 541 813 692 848; x_wconf 81' lang='grc' dir='ltr'>ὲκζητήσω.</span> 
     </span>
    </p>
   </div>
   <div class='ocr_carea' id='block_1_19' title="bbox 88 856 841 895">
    <p class='ocr_par' dir='ltr' id='par_1_19' title="bbox 88 856 841 895">
     <span class='ocr_line' id='line_1_19' title="bbox 88 856 841 895; baseline 0.005 -13"><span class='ocrx_word' id='word_1_103' title='bbox 88 856 154 883; x_wconf 79' lang='grc'><strong>1-16.</strong></span> <span class='ocrx_word' id='word_1_104' title='bbox 171 857 323 893; x_wconf 80' lang='grc' dir='ltr'>Ἐκέκραξά</span> <span class='ocrx_word' id='word_1_105' title='bbox 335 867 386 891; x_wconf 86' lang='grc' dir='ltr'>σοι,</span> <span class='ocrx_word' id='word_1_106' title='bbox 399 859 484 886; x_wconf 84' lang='grc' dir='ltr'>σῶσόν</span> <span class='ocrx_word' id='word_1_107' title='bbox 494 867 538 894; x_wconf 85' lang='grc' dir='ltr'><strong>με,</strong></span> <span class='ocrx_word' id='word_1_108' title='bbox 551 859 598 886; x_wconf 79' lang='grc' dir='ltr'>καὶ</span> <span class='ocrx_word' id='word_1_109' title='bbox 610 858 718 894; x_wconf 79' lang='grc' dir='ltr'><strong>φυλάξω</strong></span> <span class='ocrx_word' id='word_1_110' title='bbox 729 858 764 886; x_wconf 84' lang='grc' dir='ltr'><strong>τὰ</strong></span> <span class='ocrx_word' id='word_1_111' title='bbox 775 867 841 895; x_wconf 84' lang='grc' dir='ltr'>μαρ-</span> 
     </span>
    </p>
   </div>
   <div class='ocr_carea' id='block_1_20' title="bbox 51 900 210 937">
    <p class='ocr_par' dir='ltr' id='par_1_20' title="bbox 51 900 210 937">
     <span class='ocr_line' id='line_1_20' title="bbox 51 900 210 937; baseline 0.006 -10"><span class='ocrx_word' id='word_1_112' title='bbox 51 900 137 937; x_wconf 68' lang='grc' dir='ltr'>τύριά</span> <span class='ocrx_word' id='word_1_113' title='bbox 154 910 210 928; x_wconf 87' lang='grc' dir='ltr'>σου.</span> 
     </span>
    </p>
   </div>
   <div class='ocr_carea' id='block_1_21' title="bbox 87 946 842 985">
    <p class='ocr_par' dir='ltr' id='par_1_21' title="bbox 87 946 842 985">
     <span class='ocr_line' id='line_1_21' title="bbox 87 946 842 985; baseline 0.004 -12"><span class='ocrx_word' id='word_1_114' title='bbox 87 946 153 973; x_wconf 73' lang='grc'><strong>14⁵1.</strong></span> <span class='ocrx_word' id='word_1_115' title='bbox 170 947 334 982; x_wconf 79' lang='grc' dir='ltr'>Προέφοασα</span> <span class='ocrx_word' id='word_1_116' title='bbox 349 950 378 976; x_wconf 77' lang='grc' dir='ltr'>ἐν</span> <span class='ocrx_word' id='word_1_117' title='bbox 392 949 482 985; x_wconf 82' lang='grc' dir='ltr'>ἀωρια</span> <span class='ocrx_word' id='word_1_118' title='bbox 497 948 544 977; x_wconf 73' lang='grc' dir='ltr'>καὶ</span> <span class='ocrx_word' id='word_1_119' title='bbox 561 949 708 983; x_wconf 76' lang='grc' dir='ltr'>ἐκέκραξα,</span> <span class='ocrx_word' id='word_1_120' title='bbox 722 950 763 982; x_wconf 71' lang='grc' dir='ltr'><strong>εἰς</strong></span> <span class='ocrx_word' id='word_1_121' title='bbox 777 949 842 982; x_wconf 82' lang='grc' dir='ltr'>τοὺς</span> 
     </span>
    </p>
   </div>
   <div class='ocr_carea' id='block_1_22' title="bbox 51 991 377 1026">
    <p class='ocr_par' dir='ltr' id='par_1_22' title="bbox 51 991 377 1026">
     <span class='ocr_line' id='line_1_22' title="bbox 51 991 377 1026; baseline 0.009 -7"><span class='ocrx_word' id='word_1_122' title='bbox 51 991 151 1026; x_wconf 72' lang='grc' dir='ltr'>λόγους</span> <span class='ocrx_word' id='word_1_123' title='bbox 166 1001 212 1020; x_wconf 85' lang='grc' dir='ltr'>σου</span> <span class='ocrx_word' id='word_1_124' title='bbox 229 994 377 1022; x_wconf 61' lang='grc' dir='ltr'>ἐπήλπισα.</span> 
     </span>
    </p>
   </div>
   <div class='ocr_carea' id='block_1_23' title="bbox 891 265 1295 295">
    <p class='ocr_par' dir='ltr' id='par_1_23' title="bbox 891 265 1295 295">
     <span class='ocr_line' id='line_1_23' title="bbox 891 265 1295 295; baseline -0.007 -1"><span class='ocrx_word' id='word_1_125' title='bbox 891 272 954 295; x_wconf 85' lang='lat' dir='ltr'><strong>sunt</strong></span> <span class='ocrx_word' id='word_1_126' title='bbox 967 266 1046 294; x_wconf 87' lang='lat' dir='ltr'><strong>verba</strong></span> <span class='ocrx_word' id='word_1_127' title='bbox 1060 271 1105 293; x_wconf 85' lang='lat' dir='ltr'><strong>tua</strong></span> <span class='ocrx_word' id='word_1_128' title='bbox 1118 265 1219 293; x_wconf 89' lang='lat' dir='ltr'><strong>inimici</strong></span> <span class='ocrx_word' id='word_1_129' title='bbox 1233 265 1295 292; x_wconf 89' lang='lat' dir='ltr'><strong>mei.</strong></span> 
     </span>
    </p>
   </div>
   <div class='ocr_carea' id='block_1_24' title="bbox 928 311 1671 346">
    <p class='ocr_par' dir='ltr' id='par_1_24' title="bbox 928 311 1671 346">
     <span class='ocr_line' id='line_1_24' title="bbox 928 311 1671 346; baseline -0.005 -8"><span class='ocrx_word' id='word_1_130' title='bbox 928 312 990 339; x_wconf 75' lang='lat' dir='ltr'><strong>MO.</strong></span> <span class='ocrx_word' id='word_1_131' title='bbox 1008 312 1124 346; x_wconf 82' lang='lat' dir='ltr'><strong>Ignitum</strong></span> <span class='ocrx_word' id='word_1_132' title='bbox 1140 311 1277 344; x_wconf 86' lang='lat' dir='ltr'><strong>eloquium</strong></span> <span class='ocrx_word' id='word_1_133' title='bbox 1291 314 1366 337; x_wconf 91' lang='lat' dir='ltr'><strong>tuum</strong></span> <span class='ocrx_word' id='word_1_134' title='bbox 1383 311 1564 341; x_wconf 76' lang='lat' dir='ltr'><strong>vehementer,</strong></span> <span class='ocrx_word' id='word_1_135' title='bbox 1579 313 1605 335; x_wconf 89' lang='lat' dir='ltr'><strong>et</strong></span> <span class='ocrx_word' id='word_1_136' title='bbox 1613 315 1671 335; x_wconf 86' lang='lat' dir='ltr'><strong>ser-</strong></span> 
     </span>
    </p>
   </div>
   <div class='ocr_carea' id='block_1_25' title="bbox 892 356 1219 385">
    <p class='ocr_par' dir='ltr' id='par_1_25' title="bbox 892 356 1219 385">
     <span class='ocr_line' id='line_1_25' title="bbox 892 356 1219 385; baseline -0.006 -1"><span class='ocrx_word' id='word_1_137' title='bbox 892 365 942 384; x_wconf 72' lang='lat' dir='ltr'><strong>vus</strong></span> <span class='ocrx_word' id='word_1_138' title='bbox 957 362 1019 385; x_wconf 85' lang='lat' dir='ltr'><strong>tuus</strong></span> <span class='ocrx_word' id='word_1_139' title='bbox 1035 357 1128 383; x_wconf 81' lang='lat' dir='ltr'><strong>dilexit</strong></span> <span class='ocrx_word' id='word_1_140' title='bbox 1144 356 1219 383; x_wconf 89' lang='lat' dir='ltr'><strong>illud.</strong></span> 
     </span>
    </p>
   </div>
   <div class='ocr_carea' id='block_1_26' title="bbox 928 397 1672 434">
    <p class='ocr_par' dir='ltr' id='par_1_26' title="bbox 928 397 1672 434">
     <span class='ocr_line' id='line_1_26' title="bbox 928 397 1672 434; baseline -0.007 -5"><span class='ocrx_word' id='word_1_141' title='bbox 928 403 989 430; x_wconf 75' lang='lat' dir='ltr'><strong>Mi.</strong></span> <span class='ocrx_word' id='word_1_142' title='bbox 1013 401 1243 429; x_wconf 84' lang='lat' dir='ltr'><strong>Adolescentulus</strong></span> <span class='ocrx_word' id='word_1_143' title='bbox 1257 407 1316 427; x_wconf 84' lang='lat' dir='ltr'><strong>sum</strong></span> <span class='ocrx_word' id='word_1_144' title='bbox 1331 407 1381 434; x_wconf 81' lang='lat' dir='ltr'><strong>ego</strong></span> <span class='ocrx_word' id='word_1_145' title='bbox 1393 404 1421 427; x_wconf 84' lang='lat' dir='ltr'><strong>et</strong></span> <span class='ocrx_word' id='word_1_146' title='bbox 1437 403 1616 433; x_wconf 76' lang='lat' dir='ltr'><strong>contemptus,</strong></span> <span class='ocrx_word' id='word_1_147' title='bbox 1627 397 1672 432; x_wconf 59' lang='grc' dir='ltr'><strong>ξυ-</strong></span> 
     </span>
    </p>
   </div>
   <div class='ocr_carea' id='block_1_27' title="bbox 893 446 1410 477">
    <p class='ocr_par' dir='ltr' id='par_1_27' title="bbox 893 446 1410 477">
     <span class='ocr_line' id='line_1_27' title="bbox 893 446 1410 477; baseline -0.006 -1"><span class='ocrx_word' id='word_1_148' title='bbox 893 448 1071 477; x_wconf 78' lang='lat' dir='ltr'><strong>stiﬁcationes</strong></span> <span class='ocrx_word' id='word_1_149' title='bbox 1083 452 1143 475; x_wconf 85' lang='lat' dir='ltr'><strong>tuas</strong></span> <span class='ocrx_word' id='word_1_150' title='bbox 1157 455 1210 474; x_wconf 91' lang='lat' dir='ltr'><strong>non</strong></span> <span class='ocrx_word' id='word_1_151' title='bbox 1230 455 1290 474; x_wconf 86' lang='lat' dir='ltr'><strong>sum</strong></span> <span class='ocrx_word' id='word_1_152' title='bbox 1301 446 1410 474; x_wconf 88' lang='lat' dir='ltr'><strong>oblitus.</strong></span> 
     </span>
    </p>
   </div>
   <div class='ocr_carea' id='block_1_28' title="bbox 927 490 1671 529">
    <p class='ocr_par' dir='ltr' id='par_1_28' title="bbox 927 490 1671 529">
     <span class='ocr_line' id='line_1_28' title="bbox 927 490 1671 529; baseline -0.007 -8"><span class='ocrx_word' id='word_1_153' title='bbox 927 494 990 522; x_wconf 72' lang='grc'><strong>142.</strong></span> <span class='ocrx_word' id='word_1_154' title='bbox 1014 493 1125 522; x_wconf 70' lang='lat' dir='ltr'><strong>Justiti:</strong></span> <span class='ocrx_word' id='word_1_155' title='bbox 1141 498 1196 527; x_wconf 90' lang='lat' dir='ltr'><strong>tua,</strong></span> <span class='ocrx_word' id='word_1_156' title='bbox 1208 493 1312 529; x_wconf 83' lang='lat' dir='ltr'><strong>justitia</strong></span> <span class='ocrx_word' id='word_1_157' title='bbox 1327 493 1353 520; x_wconf 93' lang='lat' dir='ltr'><strong>in</strong></span> <span class='ocrx_word' id='word_1_158' title='bbox 1369 496 1510 524; x_wconf 68' lang='lat' dir='ltr'><strong>aeternum,</strong></span> <span class='ocrx_word' id='word_1_159' title='bbox 1526 494 1554 518; x_wconf 91' lang='lat' dir='ltr'><strong>et</strong></span> <span class='ocrx_word' id='word_1_160' title='bbox 1565 490 1606 517; x_wconf 83' lang='lat' dir='ltr'><strong>lex</strong></span> <span class='ocrx_word' id='word_1_161' title='bbox 1625 494 1671 517; x_wconf 76' lang='lat' dir='ltr'><strong>tua</strong></span> 
     </span>
    </p>
   </div>
   <div class='ocr_carea' id='block_1_29' title="bbox 891 540 998 568">
    <p class='ocr_par' dir='ltr' id='par_1_29' title="bbox 891 540 998 568">
     <span class='ocr_line' id='line_1_29' title="bbox 891 540 998 568; baseline -0.009 0"><span class='ocrx_word' id='word_1_162' title='bbox 891 540 944 568; x_wconf 77' lang='lat' dir='ltr'><strong>reri</strong></span> <span class='ocrx_word' id='word_1_163' title='bbox 949 546 998 568; x_wconf 86' lang='lat' dir='ltr'><strong>tas.</strong></span> 
     </span>
    </p>
   </div>
   <div class='ocr_carea' id='block_1_30' title="bbox 927 580 1672 619">
    <p class='ocr_par' dir='ltr' id='par_1_30' title="bbox 927 580 1672 619">
     <span class='ocr_line' id='line_1_30' title="bbox 927 580 1672 619; baseline -0.005 -6"><span class='ocrx_word' id='word_1_164' title='bbox 927 580 1158 613; x_wconf 42' lang='lat' dir='ltr'><strong>M5.‘Tribulatio</strong></span> <span class='ocrx_word' id='word_1_165' title='bbox 1168 589 1195 611; x_wconf 83' lang='lat' dir='ltr'><strong>et</strong></span> <span class='ocrx_word' id='word_1_166' title='bbox 1207 583 1336 619; x_wconf 66' lang='lat' dir='ltr'><strong>angustia:</strong></span> <span class='ocrx_word' id='word_1_167' title='bbox 1352 583 1511 610; x_wconf 85' lang='lat' dir='ltr'><strong>invenerunt</strong></span> <span class='ocrx_word' id='word_1_168' title='bbox 1525 589 1576 614; x_wconf 88' lang='lat' dir='ltr'><strong>me,</strong></span> <span class='ocrx_word' id='word_1_169' title='bbox 1595 589 1672 610; x_wconf 79' lang='lat' dir='ltr'><strong>man-</strong></span> 
     </span>
    </p>
   </div>
   <div class='ocr_carea' id='block_1_31' title="bbox 891 631 1314 658">
    <p class='ocr_par' dir='ltr' id='par_1_31' title="bbox 891 631 1314 658">
     <span class='ocr_line' id='line_1_31' title="bbox 891 631 1314 658; baseline -0.005 0"><span class='ocrx_word' id='word_1_170' title='bbox 891 631 954 658; x_wconf 87' lang='lat' dir='ltr'><strong>data</strong></span> <span class='ocrx_word' id='word_1_171' title='bbox 971 636 1017 658; x_wconf 89' lang='lat' dir='ltr'><strong>tua</strong></span> <span class='ocrx_word' id='word_1_172' title='bbox 1035 631 1174 658; x_wconf 85' lang='lat' dir='ltr'><strong>meditatio</strong></span> <span class='ocrx_word' id='word_1_173' title='bbox 1192 638 1252 657; x_wconf 83' lang='lat' dir='ltr'><strong>mea</strong></span> <span class='ocrx_word' id='word_1_174' title='bbox 1263 634 1314 658; x_wconf 84' lang='lat' dir='ltr'><strong>est.</strong></span> 
     </span>
    </p>
   </div>
   <div class='ocr_carea' id='block_1_32' title="bbox 927 673 1671 707">
    <p class='ocr_par' dir='ltr' id='par_1_32' title="bbox 927 673 1671 707">
     <span class='ocr_line' id='line_1_32' title="bbox 927 673 1671 707; baseline -0.003 -5"><span class='ocrx_word' id='word_1_175' title='bbox 927 676 990 703; x_wconf 70' lang='grc'><strong>144.</strong></span> <span class='ocrx_word' id='word_1_176' title='bbox 1008 676 1118 704; x_wconf 74' lang='lat' dir='ltr'><strong>Iustitia</strong></span> <span class='ocrx_word' id='word_1_177' title='bbox 1140 676 1294 704; x_wconf 85' lang='lat' dir='ltr'><strong>testimonia</strong></span> <span class='ocrx_word' id='word_1_178' title='bbox 1308 679 1354 702; x_wconf 92' lang='lat' dir='ltr'><strong>tua</strong></span> <span class='ocrx_word' id='word_1_179' title='bbox 1376 675 1404 702; x_wconf 92' lang='lat' dir='ltr'><strong>in</strong></span> <span class='ocrx_word' id='word_1_180' title='bbox 1428 678 1569 707; x_wconf 67' lang='lat' dir='ltr'><strong>aeternum,</strong></span> <span class='ocrx_word' id='word_1_181' title='bbox 1593 673 1671 701; x_wconf 91' lang='lat' dir='ltr'><strong>intel-</strong></span> 
     </span>
    </p>
   </div>
   <div class='ocr_carea' id='block_1_33' title="bbox 891 721 1553 754">
    <p class='ocr_par' dir='ltr' id='par_1_33' title="bbox 891 721 1553 754">
     <span class='ocr_line' id='line_1_33' title="bbox 891 721 1553 754; baseline 0 -6"><span class='ocrx_word' id='word_1_182' title='bbox 891 721 993 750; x_wconf 88' lang='lat' dir='ltr'><strong>lectum</strong></span> <span class='ocrx_word' id='word_1_183' title='bbox 1008 721 1041 748; x_wconf 93' lang='lat' dir='ltr'><strong>da</strong></span> <span class='ocrx_word' id='word_1_184' title='bbox 1058 721 1134 754; x_wconf 87' lang='lat' dir='ltr'><strong>mihi,</strong></span> <span class='ocrx_word' id='word_1_185' title='bbox 1149 726 1177 749; x_wconf 86' lang='lat' dir='ltr'><strong>et</strong></span> <span class='ocrx_word' id='word_1_186' title='bbox 1192 722 1292 748; x_wconf 79' lang='lat' dir='ltr'><strong>vivam.</strong></span> <span class='ocrx_word' id='word_1_187' title='bbox 1550 726 1553 727; x_wconf 71' lang='lat'><strong><em>&#39;</em></strong></span> 
     </span>
    </p>
   </div>
   <div class='ocr_carea' id='block_1_34' title="bbox 928 759 1672 800">
    <p class='ocr_par' dir='ltr' id='par_1_34' title="bbox 928 759 1672 800">
     <span class='ocr_line' id='line_1_34' title="bbox 928 759 1672 800; baseline 0.003 -8"><span class='ocrx_word' id='word_1_188' title='bbox 928 766 989 793; x_wconf 72' lang='grc'><strong>145.</strong></span> <span class='ocrx_word' id='word_1_189' title='bbox 1003 765 1124 793; x_wconf 80' lang='lat' dir='ltr'><strong>Clamavi</strong></span> <span class='ocrx_word' id='word_1_190' title='bbox 1141 766 1168 793; x_wconf 94' lang='lat' dir='ltr'><strong>in</strong></span> <span class='ocrx_word' id='word_1_191' title='bbox 1182 771 1238 794; x_wconf 90' lang='lat' dir='ltr'><strong>toto</strong></span> <span class='ocrx_word' id='word_1_192' title='bbox 1252 766 1334 794; x_wconf 83' lang='lat' dir='ltr'><strong>corde</strong></span> <span class='ocrx_word' id='word_1_193' title='bbox 1343 773 1413 800; x_wconf 81' lang='lat' dir='ltr'><strong>meo.</strong></span> <span class='ocrx_word' id='word_1_194' title='bbox 1433 766 1531 794; x_wconf 79' lang='lat' dir='ltr'><strong>exaudi</strong></span> <span class='ocrx_word' id='word_1_195' title='bbox 1549 774 1602 798; x_wconf 83' lang='lat' dir='ltr'><strong>me,</strong></span> <span class='ocrx_word' id='word_1_196' title='bbox 1618 759 1672 793; x_wconf 75' lang='grc' dir='ltr'><strong>ῦὸ-</strong></span> 
     </span>
    </p>
   </div>
   <div class='ocr_carea' id='block_1_35' title="bbox 892 811 1429 847">
    <p class='ocr_par' dir='ltr' id='par_1_35' title="bbox 892 811 1429 847">
     <span class='ocr_line' id='line_1_35' title="bbox 892 811 1429 847; baseline 0.002 -8"><span class='ocrx_word' id='word_1_197' title='bbox 892 811 974 843; x_wconf 89' lang='lat' dir='ltr'><strong>mine,</strong></span> <span class='ocrx_word' id='word_1_198' title='bbox 985 811 1193 845; x_wconf 83' lang='lat' dir='ltr'><strong>justiﬁcationes</strong></span> <span class='ocrx_word' id='word_1_199' title='bbox 1210 815 1270 839; x_wconf 85' lang='lat' dir='ltr'><strong>tuas</strong></span> <span class='ocrx_word' id='word_1_200' title='bbox 1282 812 1429 847; x_wconf 84' lang='lat' dir='ltr'><strong>requiram.</strong></span> 
     </span>
    </p>
   </div>
   <div class='ocr_carea' id='block_1_36' title="bbox 927 857 1670 892">
    <p class='ocr_par' dir='ltr' id='par_1_36' title="bbox 927 857 1670 892">
     <span class='ocr_line' id='line_1_36' title="bbox 927 857 1670 892; baseline 0.003 -8"><span class='ocrx_word' id='word_1_201' title='bbox 927 857 989 884; x_wconf 71' lang='grc'><strong>146.</strong></span> <span class='ocrx_word' id='word_1_202' title='bbox 1004 857 1124 884; x_wconf 79' lang='lat' dir='ltr'><strong>Clamavi</strong></span> <span class='ocrx_word' id='word_1_203' title='bbox 1142 857 1176 885; x_wconf 91' lang='lat' dir='ltr'><strong>ad</strong></span> <span class='ocrx_word' id='word_1_204' title='bbox 1191 863 1227 892; x_wconf 87' lang='lat' dir='ltr'><strong>te,</strong></span> <span class='ocrx_word' id='word_1_205' title='bbox 1240 858 1344 886; x_wconf 76' lang='lat' dir='ltr'><strong>salvum</strong></span> <span class='ocrx_word' id='word_1_206' title='bbox 1355 866 1398 886; x_wconf 90' lang='lat' dir='ltr'><strong>me</strong></span> <span class='ocrx_word' id='word_1_207' title='bbox 1411 858 1465 890; x_wconf 71' lang='lat' dir='ltr'><strong>fac,</strong></span> <span class='ocrx_word' id='word_1_208' title='bbox 1481 863 1508 886; x_wconf 92' lang='lat' dir='ltr'><strong>et</strong></span> <span class='ocrx_word' id='word_1_209' title='bbox 1521 859 1670 886; x_wconf 75' lang='lat' dir='ltr'><strong>custodiant</strong></span> 
     </span>
    </p>
   </div>
   <div class='ocr_carea' id='block_1_37' title="bbox 891 904 1083 931">
    <p class='ocr_par' dir='ltr' id='par_1_37' title="bbox 891 904 1083 931">
     <span class='ocr_line' id='line_1_37' title="bbox 891 904 1083 931; baseline -0.005 0"><span class='ocrx_word' id='word_1_210' title='bbox 891 904 1015 931; x_wconf 84' lang='lat' dir='ltr'><strong>mandata</strong></span> <span class='ocrx_word' id='word_1_211' title='bbox 1028 907 1083 930; x_wconf 88' lang='lat' dir='ltr'><strong>tua.</strong></span> 
     </span>
    </p>
   </div>
   <div class='ocr_carea' id='block_1_38' title="bbox 927 947 1672 984">
    <p class='ocr_par' dir='ltr' id='par_1_38' title="bbox 927 947 1672 984">
     <span class='ocr_line' id='line_1_38' title="bbox 927 947 1672 984; baseline 0.004 -9"><span class='ocrx_word' id='word_1_212' title='bbox 927 948 990 976; x_wconf 73' lang='lat' dir='ltr'><strong>H7.</strong></span> <span class='ocrx_word' id='word_1_213' title='bbox 1007 947 1126 976; x_wconf 83' lang='lat' dir='ltr'><strong>Praeveni</strong></span> <span class='ocrx_word' id='word_1_214' title='bbox 1141 949 1167 976; x_wconf 91' lang='lat' dir='ltr'><strong>in</strong></span> <span class='ocrx_word' id='word_1_215' title='bbox 1187 949 1353 978; x_wconf 81' lang='lat' dir='ltr'><strong>maturitate.</strong></span> <span class='ocrx_word' id='word_1_216' title='bbox 1367 952 1394 977; x_wconf 84' lang='lat' dir='ltr'><strong>et</strong></span> <span class='ocrx_word' id='word_1_217' title='bbox 1411 949 1544 977; x_wconf 71' lang='lat' dir='ltr'><strong>clamavi:</strong></span> <span class='ocrx_word' id='word_1_218' title='bbox 1562 949 1625 984; x_wconf 75' lang='lat' dir='ltr'><strong>quia</strong></span> <span class='ocrx_word' id='word_1_219' title='bbox 1643 950 1672 978; x_wconf 83' lang='lat' dir='ltr'><strong>in</strong></span> 
     </span>
    </p>
   </div>
   <div class='ocr_carea' id='block_1_39' title="bbox 895 994 1252 1030">
    <p class='ocr_par' dir='ltr' id='par_1_39' title="bbox 895 994 1252 1030">
     <span class='ocr_line' id='line_1_39' title="bbox 895 994 1252 1030; baseline 0 -8"><span class='ocrx_word' id='word_1_220' title='bbox 895 994 979 1022; x_wconf 85' lang='lat' dir='ltr'><strong>verba</strong></span> <span class='ocrx_word' id='word_1_221' title='bbox 994 998 1040 1022; x_wconf 79' lang='lat' dir='ltr'><strong>tua</strong></span> <span class='ocrx_word' id='word_1_222' title='bbox 1054 995 1252 1030; x_wconf 86' lang='lat' dir='ltr'><strong>supersperavi.</strong></span> 
     </span>
    </p>
   </div>
   <div class='ocr_carea' id='block_1_40' title="bbox 621 1074 1114 1111">
    <p class='ocr_par' dir='ltr' id='par_1_40' title="bbox 621 1074 1114 1111">
     <span class='ocr_line' id='line_1_40' title="bbox 621 1074 1114 1111; baseline 0 -9"><span class='ocrx_word' id='word_1_223' title='bbox 621 1074 1114 1111; x_wconf 66' lang='lat' dir='ltr'><strong>ATHANASIIIJNTERPBETATIO.</strong></span> 
     </span>
    </p>
   </div>
   <div class='ocr_carea' id='block_1_41' title="bbox 89 1143 842 1182">
    <p class='ocr_par' dir='ltr' id='par_1_41' title="bbox 89 1143 842 1182">
     <span class='ocr_line' id='line_1_41' title="bbox 89 1143 842 1182; baseline 0.003 -12"><span class='ocrx_word' id='word_1_224' title='bbox 89 1143 153 1171; x_wconf 76' lang='grc'><strong>139.</strong></span> <span class='ocrx_word' id='word_1_225' title='bbox 172 1144 344 1180; x_wconf 84' lang='grc' dir='ltr'>Ἐμαράνθην</span> <span class='ocrx_word' id='word_1_226' title='bbox 364 1144 423 1176; x_wconf 83' lang='grc' dir='ltr'>ὅλος</span> <span class='ocrx_word' id='word_1_227' title='bbox 438 1145 492 1172; x_wconf 79' lang='grc' dir='ltr'>ἀπὺ</span> <span class='ocrx_word' id='word_1_228' title='bbox 512 1144 560 1172; x_wconf 81' lang='grc' dir='ltr'><strong>τοῦ</strong></span> <span class='ocrx_word' id='word_1_229' title='bbox 573 1144 654 1181; x_wconf 78' lang='grc' dir='ltr'>ζήλου</span> <span class='ocrx_word' id='word_1_230' title='bbox 669 1154 731 1182; x_wconf 84' lang='grc' dir='ltr'>περ.</span> <span class='ocrx_word' id='word_1_231' title='bbox 745 1153 785 1177; x_wconf 84' lang='grc' dir='ltr'><strong>σε,</strong></span> <span class='ocrx_word' id='word_1_232' title='bbox 801 1145 842 1172; x_wconf 80' lang='grc' dir='ltr'><strong>δτι</strong></span> 
     </span>
    </p>
   </div>
   <div class='ocr_carea' id='block_1_42' title="bbox 54 1191 842 1228">
    <p class='ocr_par' dir='ltr' id='par_1_42' title="bbox 54 1191 842 1228">
     <span class='ocr_line' id='line_1_42' title="bbox 54 1191 842 1228; baseline 0.004 -12"><span class='ocrx_word' id='word_1_233' title='bbox 54 1191 111 1225; x_wconf 68' lang='grc' dir='ltr'><strong>6ρῶ</strong></span> <span class='ocrx_word' id='word_1_234' title='bbox 130 1192 194 1223; x_wconf 81' lang='grc' dir='ltr'>τοὺς</span> <span class='ocrx_word' id='word_1_235' title='bbox 218 1192 372 1227; x_wconf 85' lang='grc' dir='ltr'>αἱρετικοὺς</span> <span class='ocrx_word' id='word_1_236' title='bbox 395 1191 504 1218; x_wconf 69' lang='grc' dir='ltr'>ἐναντία</span> <span class='ocrx_word' id='word_1_237' title='bbox 526 1191 580 1219; x_wconf 83' lang='grc' dir='ltr'><strong>τῶν</strong></span> <span class='ocrx_word' id='word_1_238' title='bbox 594 1192 710 1228; x_wconf 79' lang='grc' dir='ltr'>Γραφῶν</span> <span class='ocrx_word' id='word_1_239' title='bbox 730 1200 776 1218; x_wconf 86' lang='grc' dir='ltr'><strong>σου</strong></span> <span class='ocrx_word' id='word_1_240' title='bbox 793 1192 842 1219; x_wconf 81' lang='grc' dir='ltr'>λα-</span> 
     </span>
    </p>
   </div>
   <div class='ocr_carea' id='block_1_43' title="bbox 54 1236 496 1272">
    <p class='ocr_par' dir='ltr' id='par_1_43' title="bbox 54 1236 496 1272">
     <span class='ocr_line' id='line_1_43' title="bbox 54 1236 496 1272; baseline 0.005 -10"><span class='ocrx_word' id='word_1_241' title='bbox 54 1236 153 1268; x_wconf 73' lang='grc' dir='ltr'>ϐόντας</span> <span class='ocrx_word' id='word_1_242' title='bbox 169 1237 234 1272; x_wconf 77' lang='grc' dir='ltr'>περὶ</span> <span class='ocrx_word' id='word_1_243' title='bbox 249 1237 298 1272; x_wconf 86' lang='grc' dir='ltr'>τῆς</span> <span class='ocrx_word' id='word_1_244' title='bbox 313 1237 429 1269; x_wconf 81' lang='grc' dir='ltr'>πίστεώς</span> <span class='ocrx_word' id='word_1_245' title='bbox 440 1247 496 1265; x_wconf 90' lang='grc' dir='ltr'>σου.</span> 
     </span>
    </p>
   </div>
   <div class='ocr_carea' id='block_1_44' title="bbox 91 1281 844 1319">
    <p class='ocr_par' dir='ltr' id='par_1_44' title="bbox 91 1281 844 1319">
     <span class='ocr_line' id='line_1_44' title="bbox 91 1281 844 1319; baseline 0.001 -11"><span class='ocrx_word' id='word_1_246' title='bbox 91 1281 153 1309; x_wconf 73' lang='grc'><strong>140.</strong></span> <span class='ocrx_word' id='word_1_247' title='bbox 163 1282 270 1318; x_wconf 79' lang='grc' dir='ltr'><strong>Ἐπειδὴ</strong></span> <span class='ocrx_word' id='word_1_248' title='bbox 285 1283 340 1318; x_wconf 81' lang='grc' dir='ltr'>πῦρ</span> <span class='ocrx_word' id='word_1_249' title='bbox 355 1283 433 1315; x_wconf 80' lang='grc' dir='ltr'>αὐτὸς</span> <span class='ocrx_word' id='word_1_250' title='bbox 447 1283 563 1319; x_wconf 81' lang='grc' dir='ltr'>ὑπάρχει</span> <span class='ocrx_word' id='word_1_251' title='bbox 575 1282 741 1319; x_wconf 82' lang='grc' dir='ltr'><strong>[ὑπάρχεις],</strong></span> <span class='ocrx_word' id='word_1_252' title='bbox 760 1291 844 1309; x_wconf 74' lang='grc' dir='ltr'>πεπυ-</span> 
     </span>
    </p>
   </div>
   <div class='ocr_carea' id='block_1_45' title="bbox 57 1328 842 1365">
    <p class='ocr_par' dir='ltr' id='par_1_45' title="bbox 57 1328 842 1365">
     <span class='ocr_line' id='line_1_45' title="bbox 57 1328 842 1365; baseline 0 -11"><span class='ocrx_word' id='word_1_253' title='bbox 57 1328 221 1362; x_wconf 81' lang='grc' dir='ltr'>ρακτωμένα</span> <span class='ocrx_word' id='word_1_254' title='bbox 232 1329 279 1355; x_wconf 72' lang='grc' dir='ltr'>καὶ</span> <span class='ocrx_word' id='word_1_255' title='bbox 293 1328 327 1355; x_wconf 86' lang='grc' dir='ltr'><strong>τὰ</strong></span> <span class='ocrx_word' id='word_1_256' title='bbox 341 1328 419 1363; x_wconf 80' lang='grc' dir='ltr'>λόγια</span> <span class='ocrx_word' id='word_1_257' title='bbox 435 1329 481 1355; x_wconf 86' lang='grc' dir='ltr'><strong>σού</strong></span> <span class='ocrx_word' id='word_1_258' title='bbox 496 1330 549 1356; x_wconf 82' lang='grc' dir='ltr'>εισι</span> <span class='ocrx_word' id='word_1_259' title='bbox 563 1329 631 1365; x_wconf 81' lang='grc' dir='ltr'>πρὸς</span> <span class='ocrx_word' id='word_1_260' title='bbox 642 1329 673 1355; x_wconf 81' lang='grc' dir='ltr'><strong>τὸ</strong></span> <span class='ocrx_word' id='word_1_261' title='bbox 685 1328 842 1356; x_wconf 81' lang='grc' dir='ltr'>κατακαίειν</span> 
     </span>
    </p>
   </div>
   <div class='ocr_carea' id='block_1_46' title="bbox 55 1373 843 1410">
    <p class='ocr_par' dir='ltr' id='par_1_46' title="bbox 55 1373 843 1410">
     <span class='ocr_line' id='line_1_46' title="bbox 55 1373 843 1410; baseline 0.003 -11"><span class='ocrx_word' id='word_1_262' title='bbox 55 1373 133 1406; x_wconf 77' lang='grc' dir='ltr'>ξύλα,</span> <span class='ocrx_word' id='word_1_263' title='bbox 152 1373 267 1409; x_wconf 83' lang='grc' dir='ltr'>χόρτον,</span> <span class='ocrx_word' id='word_1_264' title='bbox 289 1373 412 1409; x_wconf 84' lang='grc' dir='ltr'>καλάμου</span> <span class='ocrx_word' id='word_1_265' title='bbox 442 1373 610 1410; x_wconf 85' lang='grc' dir='ltr'>[καλάμην],</span> <span class='ocrx_word' id='word_1_266' title='bbox 636 1375 756 1401; x_wconf 78' lang='grc' dir='ltr'>τουτέστι</span> <span class='ocrx_word' id='word_1_267' title='bbox 783 1375 843 1406; x_wconf 87' lang='grc' dir='ltr'>ταῖς</span> 
     </span>
    </p>
   </div>
   <div class='ocr_carea' id='block_1_47' title="bbox 56 1419 844 1456">
    <p class='ocr_par' dir='ltr' id='par_1_47' title="bbox 56 1419 844 1456">
     <span class='ocr_line' id='line_1_47' title="bbox 56 1419 844 1456; baseline 0.001 -12"><span class='ocrx_word' id='word_1_268' title='bbox 56 1421 189 1454; x_wconf 74' lang='grc' dir='ltr'>πονηραῖς</span> <span class='ocrx_word' id='word_1_269' title='bbox 200 1419 314 1454; x_wconf 80' lang='grc' dir='ltr'>πράξεσι</span> <span class='ocrx_word' id='word_1_270' title='bbox 329 1419 389 1456; x_wconf 84' lang='grc' dir='ltr'>[τὰς</span> <span class='ocrx_word' id='word_1_271' title='bbox 400 1420 519 1456; x_wconf 81' lang='grc' dir='ltr'>πονηρὰς</span> <span class='ocrx_word' id='word_1_272' title='bbox 529 1420 664 1456; x_wconf 79' lang='grc' dir='ltr'>πράξεις].</span> <span class='ocrx_word' id='word_1_273' title='bbox 674 1421 702 1447; x_wconf 87' lang='grc' dir='ltr'>Ὀ</span> <span class='ocrx_word' id='word_1_274' title='bbox 711 1421 740 1447; x_wconf 79' lang='grc' dir='ltr'>δὲ</span> <span class='ocrx_word' id='word_1_275' title='bbox 752 1420 844 1452; x_wconf 73' lang='grc' dir='ltr'>δοῦλός</span> 
     </span>
    </p>
   </div>
   <div class='ocr_carea' id='block_1_48' title="bbox 57 1464 845 1501">
    <p class='ocr_par' dir='ltr' id='par_1_48' title="bbox 57 1464 845 1501">
     <span class='ocr_line' id='line_1_48' title="bbox 57 1464 845 1501; baseline 0.004 -11"><span class='ocrx_word' id='word_1_276' title='bbox 57 1472 103 1490; x_wconf 81' lang='grc' dir='ltr'><strong>σου</strong></span> <span class='ocrx_word' id='word_1_277' title='bbox 121 1464 252 1500; x_wconf 76' lang='grc' dir='ltr'><strong>ὑπάρχων</strong></span> <span class='ocrx_word' id='word_1_278' title='bbox 266 1466 360 1501; x_wconf 76' lang='grc' dir='ltr'>ἀγαπᾷ</span> <span class='ocrx_word' id='word_1_279' title='bbox 373 1465 403 1492; x_wconf 81' lang='grc' dir='ltr'><strong>τὺ</strong></span> <span class='ocrx_word' id='word_1_280' title='bbox 418 1466 506 1500; x_wconf 82' lang='grc' dir='ltr'>λόγιόν</span> <span class='ocrx_word' id='word_1_281' title='bbox 523 1474 581 1497; x_wconf 81' lang='grc' dir='ltr'>σου,</span> <span class='ocrx_word' id='word_1_282' title='bbox 606 1466 699 1501; x_wconf 75' lang='grc' dir='ltr'>ἐπειδὴ</span> <span class='ocrx_word' id='word_1_283' title='bbox 715 1474 845 1501; x_wconf 68' lang='grc' dir='ltr'>πεπυρωι-</span> 
     </span>
    </p>
   </div>
   <div class='ocr_carea' id='block_1_49' title="bbox 58 1508 814 1545">
    <p class='ocr_par' dir='ltr' id='par_1_49' title="bbox 58 1508 814 1545">
     <span class='ocr_line' id='line_1_49' title="bbox 58 1508 814 1545; baseline 0.003 -11"><span class='ocrx_word' id='word_1_284' title='bbox 58 1509 139 1542; x_wconf 82' lang='grc' dir='ltr'>μένον</span> <span class='ocrx_word' id='word_1_285' title='bbox 156 1508 285 1544; x_wconf 80' lang='grc' dir='ltr'>ὑπάρχων</span> <span class='ocrx_word' id='word_1_286' title='bbox 300 1510 476 1545; x_wconf 79' lang='grc' dir='ltr'>καταφθείρει</span> <span class='ocrx_word' id='word_1_287' title='bbox 491 1510 540 1542; x_wconf 82' lang='grc' dir='ltr'><strong>τὰς</strong></span> <span class='ocrx_word' id='word_1_288' title='bbox 553 1509 673 1541; x_wconf 80' lang='grc' dir='ltr'>ἀκάνθας</span> <span class='ocrx_word' id='word_1_289' title='bbox 685 1509 732 1536; x_wconf 79' lang='grc' dir='ltr'><strong>τοῦ</strong></span> <span class='ocrx_word' id='word_1_290' title='bbox 747 1509 814 1544; x_wconf 83' lang='grc' dir='ltr'>βίου.</span> 
     </span>
    </p>
   </div>
   <div class='ocr_carea' id='block_1_50' title="bbox 926 1141 1670 1177">
    <p class='ocr_par' dir='ltr' id='par_1_50' title="bbox 926 1141 1670 1177">
     <span class='ocr_line' id='line_1_50' title="bbox 926 1141 1670 1177; baseline -0.004 -5"><span class='ocrx_word' id='word_1_291' title='bbox 926 1144 987 1172; x_wconf 76' lang='grc'><strong>159.</strong></span> <span class='ocrx_word' id='word_1_292' title='bbox 1004 1143 1129 1171; x_wconf 86' lang='lat' dir='ltr'><strong>Emarcui</strong></span> <span class='ocrx_word' id='word_1_293' title='bbox 1145 1147 1218 1171; x_wconf 87' lang='lat' dir='ltr'><strong>totus</strong></span> <span class='ocrx_word' id='word_1_294' title='bbox 1241 1142 1276 1170; x_wconf 87' lang='lat' dir='ltr'><strong>ob</strong></span> <span class='ocrx_word' id='word_1_295' title='bbox 1294 1141 1381 1170; x_wconf 81' lang='lat' dir='ltr'><strong>zelum</strong></span> <span class='ocrx_word' id='word_1_296' title='bbox 1399 1149 1462 1177; x_wconf 77' lang='lat' dir='ltr'><strong>erga</strong></span> <span class='ocrx_word' id='word_1_297' title='bbox 1481 1145 1517 1174; x_wconf 89' lang='lat' dir='ltr'><strong>te,</strong></span> <span class='ocrx_word' id='word_1_298' title='bbox 1542 1141 1670 1176; x_wconf 75' lang='lat' dir='ltr'><strong>quoniam</strong></span> 
     </span>
    </p>
   </div>
   <div class='ocr_carea' id='block_1_51' title="bbox 891 1188 1678 1218">
    <p class='ocr_par' dir='ltr' id='par_1_51' title="bbox 891 1188 1678 1218">
     <span class='ocr_line' id='line_1_51' title="bbox 891 1188 1678 1218; baseline -0.001 -1"><span class='ocrx_word' id='word_1_299' title='bbox 891 1189 970 1217; x_wconf 86' lang='lat' dir='ltr'><strong>video</strong></span> <span class='ocrx_word' id='word_1_300' title='bbox 996 1189 1138 1218; x_wconf 83' lang='lat' dir='ltr'><strong>haereticos</strong></span> <span class='ocrx_word' id='word_1_301' title='bbox 1163 1189 1300 1217; x_wconf 87' lang='lat' dir='ltr'><strong>contraria</strong></span> <span class='ocrx_word' id='word_1_302' title='bbox 1331 1188 1394 1216; x_wconf 78' lang='lat' dir='ltr'><strong>ﬁdei</strong></span> <span class='ocrx_word' id='word_1_303' title='bbox 1418 1193 1471 1216; x_wconf 64' lang='lat' dir='ltr'><strong>tua</strong></span> <span class='ocrx_word' id='word_1_304' title='bbox 1492 1192 1631 1216; x_wconf 82' lang='lat' dir='ltr'><strong>sumentes</strong></span> <span class='ocrx_word' id='word_1_305' title='bbox 1656 1195 1678 1216; x_wconf 58' lang='grc' dir='ltr'>ον</span> 
     </span>
    </p>
   </div>
   <div class='ocr_carea' id='block_1_52' title="bbox 892 1235 1120 1270">
    <p class='ocr_par' dir='ltr' id='par_1_52' title="bbox 892 1235 1120 1270">
     <span class='ocr_line' id='line_1_52' title="bbox 892 1235 1120 1270; baseline -0.004 -7"><span class='ocrx_word' id='word_1_306' title='bbox 892 1235 1039 1270; x_wconf 84' lang='lat' dir='ltr'><strong>Scripturis</strong></span> <span class='ocrx_word' id='word_1_307' title='bbox 1054 1235 1120 1262; x_wconf 88' lang='lat' dir='ltr'><strong>tuis.</strong></span> 
     </span>
    </p>
   </div>
   <div class='ocr_carea' id='block_1_53' title="bbox 930 1279 1677 1315">
    <p class='ocr_par' dir='ltr' id='par_1_53' title="bbox 930 1279 1677 1315">
     <span class='ocr_line' id='line_1_53' title="bbox 930 1279 1677 1315; baseline -0.004 -7"><span class='ocrx_word' id='word_1_308' title='bbox 930 1280 991 1308; x_wconf 73' lang='grc'><strong>140.</strong></span> <span class='ocrx_word' id='word_1_309' title='bbox 1006 1280 1140 1313; x_wconf 81' lang='lat' dir='ltr'><strong>Quoniam</strong></span> <span class='ocrx_word' id='word_1_310' title='bbox 1154 1279 1224 1315; x_wconf 80' lang='lat' dir='ltr'><strong>ignis</strong></span> <span class='ocrx_word' id='word_1_311' title='bbox 1238 1287 1296 1315; x_wconf 81' lang='lat' dir='ltr'><strong>Ipse</strong></span> <span class='ocrx_word' id='word_1_312' title='bbox 1314 1286 1354 1312; x_wconf 87' lang='lat' dir='ltr'><strong>es,</strong></span> <span class='ocrx_word' id='word_1_313' title='bbox 1368 1283 1395 1306; x_wconf 89' lang='lat' dir='ltr'><strong>et</strong></span> <span class='ocrx_word' id='word_1_314' title='bbox 1408 1279 1489 1314; x_wconf 82' lang='lat' dir='ltr'><strong>ignita</strong></span> <span class='ocrx_word' id='word_1_315' title='bbox 1506 1279 1612 1313; x_wconf 86' lang='lat' dir='ltr'><strong>eloquia</strong></span> <span class='ocrx_word' id='word_1_316' title='bbox 1626 1282 1677 1305; x_wconf 14' lang='lat' dir='ltr'><strong>tua,</strong></span> 
     </span>
    </p>
   </div>
   <div class='ocr_carea' id='block_1_54' title="bbox 894 1324 1672 1359">
    <p class='ocr_par' dir='ltr' id='par_1_54' title="bbox 894 1324 1672 1359">
     <span class='ocr_line' id='line_1_54' title="bbox 894 1324 1672 1359; baseline -0.004 -6"><span class='ocrx_word' id='word_1_317' title='bbox 894 1331 957 1354; x_wconf 84' lang='lat' dir='ltr'><strong>sunt</strong></span> <span class='ocrx_word' id='word_1_318' title='bbox 970 1326 1002 1353; x_wconf 90' lang='lat' dir='ltr'><strong>ad</strong></span> <span class='ocrx_word' id='word_1_319' title='bbox 1028 1325 1241 1353; x_wconf 89' lang='lat' dir='ltr'><strong>comburendum</strong></span> <span class='ocrx_word' id='word_1_320' title='bbox 1265 1325 1348 1359; x_wconf 83' lang='lat' dir='ltr'><strong>ligna,</strong></span> <span class='ocrx_word' id='word_1_321' title='bbox 1374 1324 1476 1357; x_wconf 84' lang='lat' dir='ltr'><strong>fenum,</strong></span> <span class='ocrx_word' id='word_1_322' title='bbox 1499 1324 1626 1359; x_wconf 87' lang='lat' dir='ltr'><strong>stipulam</strong></span> <span class='ocrx_word' id='word_1_323' title='bbox 1638 1324 1672 1356; x_wconf 80' lang='lat'><strong>&quot;,</strong></span> 
     </span>
    </p>
   </div>
   <div class='ocr_carea' id='block_1_55' title="bbox 894 1368 1673 1406">
    <p class='ocr_par' dir='ltr' id='par_1_55' title="bbox 894 1368 1673 1406">
     <span class='ocr_line' id='line_1_55' title="bbox 894 1368 1673 1406; baseline -0.005 -8"><span class='ocrx_word' id='word_1_324' title='bbox 894 1371 946 1398; x_wconf 87' lang='lat' dir='ltr'><strong>hoc</strong></span> <span class='ocrx_word' id='word_1_325' title='bbox 960 1375 1003 1398; x_wconf 87' lang='lat' dir='ltr'><strong>est</strong></span> <span class='ocrx_word' id='word_1_326' title='bbox 1017 1370 1155 1406; x_wconf 79' lang='lat' dir='ltr'><strong>improbas</strong></span> <span class='ocrx_word' id='word_1_327' title='bbox 1170 1370 1299 1397; x_wconf 82' lang='lat' dir='ltr'><strong>actiones.</strong></span> <span class='ocrx_word' id='word_1_328' title='bbox 1325 1368 1376 1402; x_wconf 86' lang='lat' dir='ltr'><strong>Qui</strong></span> <span class='ocrx_word' id='word_1_329' title='bbox 1395 1373 1482 1395; x_wconf 86' lang='lat' dir='ltr'><strong>autem</strong></span> <span class='ocrx_word' id='word_1_330' title='bbox 1498 1375 1593 1396; x_wconf 84' lang='lat' dir='ltr'><strong>servus</strong></span> <span class='ocrx_word' id='word_1_331' title='bbox 1610 1373 1673 1395; x_wconf 70' lang='lat' dir='ltr'><strong>tuus</strong></span> 
     </span>
    </p>
   </div>
   <div class='ocr_carea' id='block_1_56' title="bbox 893 1414 1672 1451">
    <p class='ocr_par' dir='ltr' id='par_1_56' title="bbox 893 1414 1672 1451">
     <span class='ocr_line' id='line_1_56' title="bbox 893 1414 1672 1451; baseline -0.004 -7"><span class='ocrx_word' id='word_1_332' title='bbox 893 1421 945 1449; x_wconf 83' lang='lat' dir='ltr'><strong>est,</strong></span> <span class='ocrx_word' id='word_1_333' title='bbox 965 1417 1051 1451; x_wconf 75' lang='lat' dir='ltr'><strong>diligit</strong></span> <span class='ocrx_word' id='word_1_334' title='bbox 1071 1416 1210 1451; x_wconf 86' lang='lat' dir='ltr'><strong>eloquium</strong></span> <span class='ocrx_word' id='word_1_335' title='bbox 1228 1420 1315 1449; x_wconf 90' lang='lat' dir='ltr'><strong>tuum,</strong></span> <span class='ocrx_word' id='word_1_336' title='bbox 1329 1415 1469 1450; x_wconf 82' lang='lat' dir='ltr'><strong>quoniam,</strong></span> <span class='ocrx_word' id='word_1_337' title='bbox 1482 1422 1544 1442; x_wconf 92' lang='lat' dir='ltr'><strong>cum</strong></span> <span class='ocrx_word' id='word_1_338' title='bbox 1559 1414 1672 1448; x_wconf 79' lang='lat' dir='ltr'><strong>ignitum</strong></span> 
     </span>
    </p>
   </div>
   <div class='ocr_carea' id='block_1_57' title="bbox 894 1460 1285 1496">
    <p class='ocr_par' dir='ltr' id='par_1_57' title="bbox 894 1460 1285 1496">
     <span class='ocr_line' id='line_1_57' title="bbox 894 1460 1285 1496; baseline -0.003 -8"><span class='ocrx_word' id='word_1_339' title='bbox 894 1461 939 1494; x_wconf 82' lang='lat' dir='ltr'><strong>sit,</strong></span> <span class='ocrx_word' id='word_1_340' title='bbox 956 1461 1018 1489; x_wconf 66' lang='lat' dir='ltr'><strong>vitae</strong></span> <span class='ocrx_word' id='word_1_341' title='bbox 1034 1461 1126 1496; x_wconf 75' lang='lat' dir='ltr'><strong>spinas</strong></span> <span class='ocrx_word' id='word_1_342' title='bbox 1141 1460 1285 1488; x_wconf 88' lang='lat' dir='ltr'><strong>comburit.</strong></span> 
     </span>
    </p>
   </div>
   <div class='ocr_carea' id='block_1_58' title="bbox 91 1539 852 1592">
    <p class='ocr_par' dir='ltr' id='par_1_58' title="bbox 91 1539 842 1592">
     <span class='ocr_line' id='line_1_58' title="bbox 91 1539 842 1592; baseline 0.003 -12"><span class='ocrx_word' id='word_1_343' title='bbox 91 1554 154 1581; x_wconf 73' lang='lat' dir='ltr'><strong>Hi.</strong></span> <span class='ocrx_word' id='word_1_344' title='bbox 171 1539 247 1589; x_wconf 51' lang='grc' dir='ltr'><strong>Ἐγίιῖ</strong></span> <span class='ocrx_word' id='word_1_345' title='bbox 265 1555 312 1582; x_wconf 82' lang='grc' dir='ltr'>νῦν</span> <span class='ocrx_word' id='word_1_346' title='bbox 335 1539 460 1592; x_wconf 61' lang='grc' dir='ltr'>ἠρξάμην</span> <span class='ocrx_word' id='word_1_347' title='bbox 482 1539 537 1582; x_wconf 63' lang='grc' dir='ltr'><strong>τοῦ⁷</strong></span> <span class='ocrx_word' id='word_1_348' title='bbox 548 1539 708 1591; x_wconf 37' lang='grc' dir='ltr'>ἐπιστρέψαι</span> <span class='ocrx_word' id='word_1_349' title='bbox 726 1539 794 1591; x_wconf 76' lang='grc' dir='ltr'>πρὸς</span> <span class='ocrx_word' id='word_1_350' title='bbox 813 1555 842 1582; x_wconf 81' lang='grc' dir='ltr'>σὲ</span> 
     </span>
    </p>
   </div>
   <div class='ocr_carea' id='block_1_59' title="bbox 911 1539 1675 1592">
    <p class='ocr_par' dir='ltr' id='par_1_59' title="bbox 931 1544 1675 1584">
     <span class='ocr_line' id='line_1_59' title="bbox 931 1544 1675 1584; baseline -0.005 -8"><span class='ocrx_word' id='word_1_351' title='bbox 931 1549 992 1576; x_wconf 76' lang='grc'><strong>111.</strong></span> <span class='ocrx_word' id='word_1_352' title='bbox 1018 1549 1073 1584; x_wconf 83' lang='lat' dir='ltr'><strong>Ego</strong></span> <span class='ocrx_word' id='word_1_353' title='bbox 1094 1556 1166 1576; x_wconf 90' lang='lat' dir='ltr'><strong>nunc</strong></span> <span class='ocrx_word' id='word_1_354' title='bbox 1182 1548 1251 1583; x_wconf 87' lang='lat' dir='ltr'><strong>ccepi</strong></span> <span class='ocrx_word' id='word_1_355' title='bbox 1272 1553 1429 1575; x_wconf 82' lang='lat' dir='ltr'><strong>convertere</strong></span> <span class='ocrx_word' id='word_1_356' title='bbox 1454 1554 1497 1574; x_wconf 87' lang='lat' dir='ltr'><strong>me</strong></span> <span class='ocrx_word' id='word_1_357' title='bbox 1519 1553 1533 1572; x_wconf 89' lang='lat' dir='ltr'><strong>a</strong></span> <span class='ocrx_word' id='word_1_358' title='bbox 1558 1544 1675 1581; x_wconf 83' lang='lat' dir='ltr'><strong>peccatis</strong></span> 
     </span>
    </p>
   </div>
   <div class='ocr_carea' id='block_1_60' title="bbox 57 1599 843 1637">
    <p class='ocr_par' dir='ltr' id='par_1_60' title="bbox 57 1599 843 1637">
     <span class='ocr_line' id='line_1_60' title="bbox 57 1599 843 1637; baseline 0.001 -11"><span class='ocrx_word' id='word_1_359' title='bbox 57 1600 109 1626; x_wconf 79' lang='grc' dir='ltr'><strong>ἀπὸ</strong></span> <span class='ocrx_word' id='word_1_360' title='bbox 123 1599 180 1626; x_wconf 80' lang='grc' dir='ltr'>τῶν</span> <span class='ocrx_word' id='word_1_361' title='bbox 194 1601 336 1636; x_wconf 82' lang='grc' dir='ltr'>ἁμαρτιῶν</span> <span class='ocrx_word' id='word_1_362' title='bbox 349 1610 410 1636; x_wconf 82' lang='grc' dir='ltr'>μου,</span> <span class='ocrx_word' id='word_1_363' title='bbox 423 1602 469 1628; x_wconf 73' lang='grc' dir='ltr'>καὶ</span> <span class='ocrx_word' id='word_1_364' title='bbox 485 1601 584 1633; x_wconf 78' lang='grc' dir='ltr'>πάντες</span> <span class='ocrx_word' id='word_1_365' title='bbox 599 1601 698 1633; x_wconf 69' lang='grc' dir='ltr'>ὄνειδός</span> <span class='ocrx_word' id='word_1_366' title='bbox 715 1610 748 1636; x_wconf 84' lang='grc' dir='ltr'><strong>με</strong></span> <span class='ocrx_word' id='word_1_367' title='bbox 768 1601 843 1637; x_wconf 81' lang='grc' dir='ltr'><strong>ἔχου-</strong></span> 
     </span>
    </p>
   </div>
   <div class='ocr_carea' id='block_1_61' title="bbox 58 1645 843 1682">
    <p class='ocr_par' dir='ltr' id='par_1_61' title="bbox 58 1645 843 1682">
     <span class='ocr_line' id='line_1_61' title="bbox 58 1645 843 1682; baseline 0.003 -11"><span class='ocrx_word' id='word_1_368' title='bbox 58 1654 98 1671; x_wconf 87' lang='grc' dir='ltr'><strong>σιν</strong></span> <span class='ocrx_word' id='word_1_369' title='bbox 112 1645 152 1676; x_wconf 85' lang='grc' dir='ltr'>ὡς</span> <span class='ocrx_word' id='word_1_370' title='bbox 167 1646 343 1681; x_wconf 77' lang='grc' dir='ltr'>ἁμαρτωλὸν·</span> <span class='ocrx_word' id='word_1_371' title='bbox 366 1647 421 1681; x_wconf 84' lang='grc' dir='ltr'><strong>ἐγὼ</strong></span> <span class='ocrx_word' id='word_1_372' title='bbox 436 1647 463 1673; x_wconf 81' lang='grc' dir='ltr'>δὲ</span> <span class='ocrx_word' id='word_1_373' title='bbox 480 1646 673 1682; x_wconf 78' lang='grc' dir='ltr'>ὀνειδιζόμενος</span> <span class='ocrx_word' id='word_1_374' title='bbox 692 1647 736 1673; x_wconf 78' lang='grc' dir='ltr'><strong>ὑπ’</strong></span> <span class='ocrx_word' id='word_1_375' title='bbox 754 1646 843 1673; x_wconf 77' lang='grc' dir='ltr'>αὐτῶν</span> 
     </span>
    </p>
   </div>
   <div class='ocr_carea' id='block_1_62' title="bbox 57 1690 513 1727">
    <p class='ocr_par' dir='ltr' id='par_1_62' title="bbox 57 1690 513 1727">
     <span class='ocr_line' id='line_1_62' title="bbox 57 1690 513 1727; baseline 0.007 -11"><span class='ocrx_word' id='word_1_376' title='bbox 57 1690 90 1717; x_wconf 67' lang='grc' dir='ltr'><strong>τὰ</strong></span> <span class='ocrx_word' id='word_1_377' title='bbox 106 1691 282 1727; x_wconf 81' lang='grc' dir='ltr'>δικαιώματά</span> <span class='ocrx_word' id='word_1_378' title='bbox 297 1701 342 1719; x_wconf 83' lang='grc' dir='ltr'>σου</span> <span class='ocrx_word' id='word_1_379' title='bbox 358 1692 513 1727; x_wconf 77' lang='grc' dir='ltr'>ἐφύλαττον.</span> 
     </span>
    </p>
   </div>
   <div class='ocr_carea' id='block_1_63' title="bbox 91 1737 842 1774">
    <p class='ocr_par' dir='ltr' id='par_1_63' title="bbox 91 1737 842 1774">
     <span class='ocr_line' id='line_1_63' title="bbox 91 1737 842 1774; baseline 0.003 -11"><span class='ocrx_word' id='word_1_380' title='bbox 91 1737 155 1763; x_wconf 68' lang='grc'><strong>142.</strong></span> <span class='ocrx_word' id='word_1_381' title='bbox 173 1737 203 1764; x_wconf 84' lang='lat'><strong>&#39;0</strong></span> <span class='ocrx_word' id='word_1_382' title='bbox 218 1738 302 1764; x_wconf 83' lang='grc' dir='ltr'>ποιῶν</span> <span class='ocrx_word' id='word_1_383' title='bbox 322 1738 371 1774; x_wconf 86' lang='grc' dir='ltr'>τὴν</span> <span class='ocrx_word' id='word_1_384' title='bbox 385 1739 556 1774; x_wconf 78' lang='grc' dir='ltr'>δικαιοσύνην</span> <span class='ocrx_word' id='word_1_385' title='bbox 583 1739 687 1771; x_wconf 83' lang='grc' dir='ltr'>δίκαιός</span> <span class='ocrx_word' id='word_1_386' title='bbox 710 1739 783 1766; x_wconf 75' lang='grc' dir='ltr'>ἐστιν</span> <span class='ocrx_word' id='word_1_387' title='bbox 803 1739 842 1771; x_wconf 78' lang='grc' dir='ltr'><strong>εις</strong></span> 
     </span>
    </p>
   </div>
   <div class='ocr_carea' id='block_1_64' title="bbox 57 1782 843 1821">
    <p class='ocr_par' dir='ltr' id='par_1_64' title="bbox 57 1782 843 1821">
     <span class='ocr_line' id='line_1_64' title="bbox 57 1782 843 1821; baseline 0.004 -13"><span class='ocrx_word' id='word_1_388' title='bbox 57 1782 100 1809; x_wconf 73' lang='grc' dir='ltr'><strong>τὸν</strong></span> <span class='ocrx_word' id='word_1_389' title='bbox 115 1783 213 1815; x_wconf 82' lang='grc' dir='ltr'>αἰῶνα,</span> <span class='ocrx_word' id='word_1_390' title='bbox 229 1784 275 1810; x_wconf 79' lang='grc' dir='ltr'>καὶ</span> <span class='ocrx_word' id='word_1_391' title='bbox 291 1783 378 1810; x_wconf 81' lang='grc' dir='ltr'>πάντα</span> <span class='ocrx_word' id='word_1_392' title='bbox 393 1785 442 1811; x_wconf 72' lang='grc' dir='ltr'>ὅσα</span> <span class='ocrx_word' id='word_1_393' title='bbox 454 1785 609 1820; x_wconf 78' lang='grc' dir='ltr'>ἐπηγγείλω</span> <span class='ocrx_word' id='word_1_394' title='bbox 622 1785 687 1821; x_wconf 79' lang='grc' dir='ltr'>περὶ</span> <span class='ocrx_word' id='word_1_395' title='bbox 704 1784 758 1812; x_wconf 86' lang='grc' dir='ltr'><strong>τῶν</strong></span> <span class='ocrx_word' id='word_1_396' title='bbox 780 1785 843 1821; x_wconf 85' lang='grc' dir='ltr'><strong>μελ-</strong></span> 
     </span>
    </p>
   </div>
   <div class='ocr_carea' id='block_1_65' title="bbox 57 1828 505 1865">
    <p class='ocr_par' dir='ltr' id='par_1_65' title="bbox 57 1828 505 1865">
     <span class='ocr_line' id='line_1_65' title="bbox 57 1828 505 1865; baseline 0.004 -10"><span class='ocrx_word' id='word_1_397' title='bbox 57 1828 157 1856; x_wconf 80' lang='grc' dir='ltr'>λόντων</span> <span class='ocrx_word' id='word_1_398' title='bbox 171 1829 280 1863; x_wconf 79' lang='grc' dir='ltr'>ἀγαθῶν</span> <span class='ocrx_word' id='word_1_399' title='bbox 293 1829 405 1865; x_wconf 80' lang='grc' dir='ltr'>ἁλήθειά</span> <span class='ocrx_word' id='word_1_400' title='bbox 421 1831 505 1857; x_wconf 79' lang='grc' dir='ltr'>ἐστιν.</span> 
     </span>
    </p>
   </div>
   <div class='ocr_carea' id='block_1_66' title="bbox 91 1874 844 1913">
    <p class='ocr_par' dir='ltr' id='par_1_66' title="bbox 91 1874 844 1913">
     <span class='ocr_line' id='line_1_66' title="bbox 91 1874 844 1913; baseline 0.001 -12"><span class='ocrx_word' id='word_1_401' title='bbox 91 1874 155 1902; x_wconf 66' lang='grc'><strong>145.</strong></span> <span class='ocrx_word' id='word_1_402' title='bbox 171 1875 286 1906; x_wconf 76' lang='grc' dir='ltr'>Ἐνδεια,</span> <span class='ocrx_word' id='word_1_403' title='bbox 298 1876 345 1902; x_wconf 76' lang='grc' dir='ltr'>καὶ</span> <span class='ocrx_word' id='word_1_404' title='bbox 360 1875 478 1911; x_wconf 77' lang='grc' dir='ltr'>διωγμὸς</span> <span class='ocrx_word' id='word_1_405' title='bbox 488 1876 601 1913; x_wconf 82' lang='grc' dir='ltr'>εὓροσάν</span> <span class='ocrx_word' id='word_1_406' title='bbox 614 1884 658 1912; x_wconf 86' lang='grc' dir='ltr'><strong>με,</strong></span> <span class='ocrx_word' id='word_1_407' title='bbox 674 1875 729 1910; x_wconf 72' lang='grc' dir='ltr'><strong>ἐγὼ</strong></span> <span class='ocrx_word' id='word_1_408' title='bbox 747 1876 775 1903; x_wconf 81' lang='grc' dir='ltr'>δὲ</span> <span class='ocrx_word' id='word_1_409' title='bbox 792 1877 844 1903; x_wconf 79' lang='grc' dir='ltr'><strong>ὑπ-</strong></span> 
     </span>
    </p>
   </div>
   <div class='ocr_carea' id='block_1_67' title="bbox 59 1920 843 1957">
    <p class='ocr_par' dir='ltr' id='par_1_67' title="bbox 59 1920 843 1957">
     <span class='ocr_line' id='line_1_67' title="bbox 59 1920 843 1957; baseline 0.006 -13"><span class='ocrx_word' id='word_1_410' title='bbox 59 1920 236 1955; x_wconf 82' lang='grc' dir='ltr'>ιμνησκόμην</span> <span class='ocrx_word' id='word_1_411' title='bbox 249 1920 297 1955; x_wconf 84' lang='lat' dir='ltr'><strong>(a),</strong></span> <span class='ocrx_word' id='word_1_412' title='bbox 309 1921 350 1947; x_wconf 81' lang='grc' dir='ltr'>ὃτι</span> <span class='ocrx_word' id='word_1_413' title='bbox 363 1923 515 1957; x_wconf 82' lang='grc' dir='ltr'>περιείπας·</span> <span class='ocrx_word' id='word_1_414' title='bbox 527 1921 671 1956; x_wconf 81' lang='grc' dir='ltr'>Μακάριοι</span> <span class='ocrx_word' id='word_1_415' title='bbox 682 1923 709 1949; x_wconf 85' lang='grc' dir='ltr'><strong>οι</strong></span> <span class='ocrx_word' id='word_1_416' title='bbox 721 1922 843 1949; x_wconf 83' lang='grc' dir='ltr'>πεινῶν-</span> 
     </span>
    </p>
   </div>
   <div class='ocr_carea' id='block_1_68' title="bbox 59 1963 844 2002">
    <p class='ocr_par' dir='ltr' id='par_1_68' title="bbox 59 1963 844 2002">
     <span class='ocr_line' id='line_1_68' title="bbox 59 1963 844 2002; baseline 0.003 -12"><span class='ocrx_word' id='word_1_417' title='bbox 59 1973 106 1996; x_wconf 85' lang='grc' dir='ltr'><strong>τες</strong></span> <span class='ocrx_word' id='word_1_418' title='bbox 120 1963 184 2000; x_wconf 69' lang='lat' dir='ltr'><strong>[xui</strong></span> <span class='ocrx_word' id='word_1_419' title='bbox 204 1964 349 1998; x_wconf 74' lang='grc' dir='ltr'>διψῶντες</span> <span class='ocrx_word' id='word_1_420' title='bbox 363 1965 421 1999; x_wconf 79' lang='grc' dir='ltr'>τὴν</span> <span class='ocrx_word' id='word_1_421' title='bbox 439 1965 664 2002; x_wconf 54' lang='lat' dir='ltr'><strong>(imamque-nr],</strong></span> <span class='ocrx_word' id='word_1_422' title='bbox 684 1965 733 1992; x_wconf 80' lang='grc' dir='ltr'>καὶ</span> <span class='ocrx_word' id='word_1_423' title='bbox 749 1965 844 2000; x_wconf 82' lang='grc' dir='ltr'>μακά-</span> 
     </span>
    </p>
   </div>
   <div class='ocr_carea' id='block_1_69' title="bbox 55 2010 824 2047">
    <p class='ocr_par' dir='ltr' id='par_1_69' title="bbox 55 2010 824 2047">
     <span class='ocr_line' id='line_1_69' title="bbox 55 2010 824 2047; baseline 0.007 -12"><span class='ocrx_word' id='word_1_424' title='bbox 55 2011 116 2042; x_wconf 79' lang='grc' dir='ltr'>ριοι</span> <span class='ocrx_word' id='word_1_425' title='bbox 132 2010 213 2041; x_wconf 80' lang='grc' dir='ltr'>ἐστε,</span> <span class='ocrx_word' id='word_1_426' title='bbox 230 2010 303 2037; x_wconf 73' lang='grc' dir='ltr'>ὅταν</span> <span class='ocrx_word' id='word_1_427' title='bbox 319 2011 509 2039; x_wconf 79' lang='grc' dir='ltr'>ὀνειδίσωσιν</span> <span class='ocrx_word' id='word_1_428' title='bbox 523 2011 612 2047; x_wconf 80' lang='grc' dir='ltr'><em>ὑμᾶς,</em></span> <span class='ocrx_word' id='word_1_429' title='bbox 627 2012 675 2039; x_wconf 78' lang='grc' dir='ltr'>καὶ</span> <span class='ocrx_word' id='word_1_430' title='bbox 688 2012 824 2044; x_wconf 84' lang='grc' dir='ltr'><strong>ὃιώξωσι,</strong></span> 
     </span>
    </p>
   </div>
   <div class='ocr_carea' id='block_1_70' title="bbox 92 2054 844 2095">
    <p class='ocr_par' dir='ltr' id='par_1_70' title="bbox 92 2054 844 2095">
     <span class='ocr_line' id='line_1_70' title="bbox 92 2054 844 2095; baseline 0.007 -14"><span class='ocrx_word' id='word_1_431' title='bbox 92 2054 156 2082; x_wconf 68' lang='grc'><strong>144.</strong></span> <span class='ocrx_word' id='word_1_432' title='bbox 173 2056 333 2092; x_wconf 78' lang='grc' dir='ltr'>Δικαιοσύνη</span> <span class='ocrx_word' id='word_1_433' title='bbox 350 2058 408 2084; x_wconf 75' lang='grc' dir='ltr'>ἐστὶ</span> <span class='ocrx_word' id='word_1_434' title='bbox 423 2059 458 2085; x_wconf 75' lang='grc' dir='ltr'><strong>τὰ</strong></span> <span class='ocrx_word' id='word_1_435' title='bbox 474 2058 611 2095; x_wconf 84' lang='grc' dir='ltr'>μαρτύριά</span> <span class='ocrx_word' id='word_1_436' title='bbox 625 2068 672 2086; x_wconf 87' lang='grc' dir='ltr'>σου</span> <span class='ocrx_word' id='word_1_437' title='bbox 688 2060 734 2086; x_wconf 79' lang='grc' dir='ltr'>καὶ</span> <span class='ocrx_word' id='word_1_438' title='bbox 749 2060 844 2091; x_wconf 76' lang='grc' dir='ltr'>ειςτὺν</span> 
     </span>
    </p>
   </div>
   <div class='ocr_carea' id='block_1_71' title="bbox 59 2102 844 2139">
    <p class='ocr_par' dir='ltr' id='par_1_71' title="bbox 59 2102 844 2139">
     <span class='ocr_line' id='line_1_71' title="bbox 59 2102 844 2139; baseline 0.004 -11"><span class='ocrx_word' id='word_1_439' title='bbox 59 2102 115 2135; x_wconf 79' lang='grc' dir='ltr'>νῦν,</span> <span class='ocrx_word' id='word_1_440' title='bbox 132 2103 181 2129; x_wconf 81' lang='grc' dir='ltr'><strong>καὶ</strong></span> <span class='ocrx_word' id='word_1_441' title='bbox 197 2104 237 2135; x_wconf 84' lang='grc' dir='ltr'><strong>εις</strong></span> <span class='ocrx_word' id='word_1_442' title='bbox 251 2103 380 2138; x_wconf 87' lang='grc' dir='ltr'>μέλλοντα</span> <span class='ocrx_word' id='word_1_443' title='bbox 395 2104 491 2131; x_wconf 79' lang='grc' dir='ltr'>αἰῶνα·</span> <span class='ocrx_word' id='word_1_444' title='bbox 509 2105 645 2132; x_wconf 82' lang='grc' dir='ltr'>συνέτισόν</span> <span class='ocrx_word' id='word_1_445' title='bbox 661 2113 694 2139; x_wconf 88' lang='grc' dir='ltr'><strong>με</strong></span> <span class='ocrx_word' id='word_1_446' title='bbox 706 2105 784 2137; x_wconf 76' lang='grc' dir='ltr'>αὐτὰ,</span> <span class='ocrx_word' id='word_1_447' title='bbox 797 2105 844 2131; x_wconf 76' lang='grc' dir='ltr'>καὶ</span> 
     </span>
    </p>
   </div>
   <div class='ocr_carea' id='block_1_72' title="bbox 59 2146 343 2183">
    <p class='ocr_par' dir='ltr' id='par_1_72' title="bbox 59 2146 343 2183">
     <span class='ocr_line' id='line_1_72' title="bbox 59 2146 343 2183; baseline 0.007 -9"><span class='ocrx_word' id='word_1_448' title='bbox 59 2146 179 2183; x_wconf 80' lang='grc' dir='ltr'>ζήσομαι</span> <span class='ocrx_word' id='word_1_449' title='bbox 195 2148 228 2174; x_wconf 83' lang='grc' dir='ltr'><strong>δι’</strong></span> <span class='ocrx_word' id='word_1_450' title='bbox 243 2148 343 2176; x_wconf 76' lang='grc' dir='ltr'>αὐτῶν.</span> 
     </span>
    </p>
   </div>
   <div class='ocr_carea' id='block_1_73' title="bbox 93 2192 883 2240">
    <p class='ocr_par' dir='ltr' id='par_1_73' title="bbox 93 2192 883 2240">
     <span class='ocr_line' id='line_1_73' title="bbox 93 2192 883 2240; baseline 0.001 -21"><span class='ocrx_word' id='word_1_451' title='bbox 93 2192 158 2240; x_wconf 57' lang='lat'><strong>14$.</strong></span> <span class='ocrx_word' id='word_1_452' title='bbox 175 2193 271 2240; x_wconf 59' lang='grc' dir='ltr'>Ῐςύριε,</span> <span class='ocrx_word' id='word_1_453' title='bbox 295 2194 507 2230; x_wconf 83' lang='grc' dir='ltr'>μακροθύμησον</span> <span class='ocrx_word' id='word_1_454' title='bbox 525 2194 569 2221; x_wconf 78' lang='grc' dir='ltr'><strong>ἐπ’</strong></span> <span class='ocrx_word' id='word_1_455' title='bbox 589 2194 664 2229; x_wconf 76' lang='grc' dir='ltr'>ἐμοὶ,</span> <span class='ocrx_word' id='word_1_456' title='bbox 690 2194 737 2220; x_wconf 80' lang='grc' dir='ltr'>καὶ</span> <span class='ocrx_word' id='word_1_457' title='bbox 758 2194 846 2221; x_wconf 84' lang='grc' dir='ltr'>πάντα</span> <span class='ocrx_word' id='word_1_458' title='bbox 858 2211 883 2240; x_wconf 74' lang='lat' dir='ltr'><strong><em>D</em></strong></span> 
     </span>
    </p>
   </div>
   <div class='ocr_carea' id='block_1_74' title="bbox 60 2238 844 2275">
    <p class='ocr_par' dir='ltr' id='par_1_74' title="bbox 60 2238 844 2275">
     <span class='ocr_line' id='line_1_74' title="bbox 60 2238 844 2275; baseline 0.001 -11"><span class='ocrx_word' id='word_1_459' title='bbox 60 2246 99 2264; x_wconf 81' lang='grc' dir='ltr'><strong>σοι</strong></span> <span class='ocrx_word' id='word_1_460' title='bbox 129 2238 261 2265; x_wconf 83' lang='grc' dir='ltr'>ἀποδώσω</span> <span class='ocrx_word' id='word_1_461' title='bbox 273 2248 279 2254; x_wconf 95' lang='grc'><strong>·</strong></span> <span class='ocrx_word' id='word_1_462' title='bbox 299 2239 437 2274; x_wconf 75' lang='grc' dir='ltr'>ὲπιὸλέψω</span> <span class='ocrx_word' id='word_1_463' title='bbox 463 2239 517 2275; x_wconf 83' lang='grc' dir='ltr'>γὰρ</span> <span class='ocrx_word' id='word_1_464' title='bbox 533 2241 573 2272; x_wconf 79' lang='grc' dir='ltr'>εις</span> <span class='ocrx_word' id='word_1_465' title='bbox 589 2240 639 2271; x_wconf 84' lang='grc' dir='ltr'><strong>τὰς</strong></span> <span class='ocrx_word' id='word_1_466' title='bbox 655 2239 766 2275; x_wconf 82' lang='grc' dir='ltr'>Γραφάς</span> <span class='ocrx_word' id='word_1_467' title='bbox 786 2248 844 2270; x_wconf 82' lang='grc' dir='ltr'>σου,</span> 
     </span>
    </p>
   </div>
   <div class='ocr_carea' id='block_1_75' title="bbox 59 2283 847 2321">
    <p class='ocr_par' dir='ltr' id='par_1_75' title="bbox 59 2283 847 2321">
     <span class='ocr_line' id='line_1_75' title="bbox 59 2283 847 2321; baseline 0.003 -12"><span class='ocrx_word' id='word_1_468' title='bbox 59 2284 103 2310; x_wconf 76' lang='grc' dir='ltr'><strong>καὶ</strong></span> <span class='ocrx_word' id='word_1_469' title='bbox 123 2283 171 2310; x_wconf 67' lang='grc' dir='ltr'><strong>ἐπὶ</strong></span> <span class='ocrx_word' id='word_1_470' title='bbox 187 2283 286 2318; x_wconf 87' lang='grc' dir='ltr'>γνῶσιν</span> <span class='ocrx_word' id='word_1_471' title='bbox 303 2284 329 2310; x_wconf 84' lang='grc' dir='ltr'><strong>τί</strong></span> <span class='ocrx_word' id='word_1_472' title='bbox 348 2283 407 2320; x_wconf 80' lang='grc' dir='ltr'>[καὶ</span> <span class='ocrx_word' id='word_1_473' title='bbox 424 2285 567 2319; x_wconf 80' lang='grc' dir='ltr'>ὲπέγνωκα</span> <span class='ocrx_word' id='word_1_474' title='bbox 586 2283 624 2321; x_wconf 77' lang='grc' dir='ltr'><strong>τί]</strong></span> <span class='ocrx_word' id='word_1_475' title='bbox 636 2284 686 2311; x_wconf 83' lang='grc' dir='ltr'>οὐκ</span> <span class='ocrx_word' id='word_1_476' title='bbox 699 2284 847 2320; x_wconf 75' lang='grc' dir='ltr'>ὲπλήρωσα</span> 
     </span>
    </p>
   </div>
   <div class='ocr_carea' id='block_1_76' title="bbox 59 2329 629 2365">
    <p class='ocr_par' dir='ltr' id='par_1_76' title="bbox 59 2329 629 2365">
     <span class='ocr_line' id='line_1_76' title="bbox 59 2329 629 2365; baseline 0.004 -11"><span class='ocrx_word' id='word_1_477' title='bbox 59 2329 86 2354; x_wconf 71' lang='grc' dir='ltr'>ἐν</span> <span class='ocrx_word' id='word_1_478' title='bbox 97 2329 207 2360; x_wconf 83' lang='grc' dir='ltr'>αὑταῖς,</span> <span class='ocrx_word' id='word_1_479' title='bbox 221 2330 267 2355; x_wconf 78' lang='grc' dir='ltr'>καὶ</span> <span class='ocrx_word' id='word_1_480' title='bbox 278 2329 356 2356; x_wconf 80' lang='grc' dir='ltr'><strong>τοῦτό</strong></span> <span class='ocrx_word' id='word_1_481' title='bbox 370 2338 410 2356; x_wconf 88' lang='grc' dir='ltr'><strong>σοι</strong></span> <span class='ocrx_word' id='word_1_482' title='bbox 428 2330 534 2365; x_wconf 84' lang='grc' dir='ltr'>ὰποπλη</span> <span class='ocrx_word' id='word_1_483' title='bbox 540 2329 629 2365; x_wconf 87' lang='grc' dir='ltr'>ρώσω.</span> 
     </span>
    </p>
   </div>
   <div class='ocr_carea' id='block_1_77' title="bbox 92 2373 844 2411">
    <p class='ocr_par' dir='ltr' id='par_1_77' title="bbox 92 2373 844 2411">
     <span class='ocr_line' id='line_1_77' title="bbox 92 2373 844 2411; baseline 0.001 -11"><span class='ocrx_word' id='word_1_484' title='bbox 92 2373 156 2400; x_wconf 68' lang='grc'><strong>146.</strong></span> <span class='ocrx_word' id='word_1_485' title='bbox 173 2373 218 2400; x_wconf 82' lang='grc' dir='ltr'>Ἐν</span> <span class='ocrx_word' id='word_1_486' title='bbox 233 2373 312 2410; x_wconf 85' lang='grc' dir='ltr'>ὀδύνῃ</span> <span class='ocrx_word' id='word_1_487' title='bbox 322 2374 372 2409; x_wconf 86' lang='grc' dir='ltr'>τῆς</span> <span class='ocrx_word' id='word_1_488' title='bbox 386 2374 498 2410; x_wconf 85' lang='grc' dir='ltr'>καρδίας</span> <span class='ocrx_word' id='word_1_489' title='bbox 515 2383 566 2410; x_wconf 80' lang='grc' dir='ltr'><strong>μου</strong></span> <span class='ocrx_word' id='word_1_490' title='bbox 586 2375 654 2411; x_wconf 81' lang='grc' dir='ltr'>πρὸς</span> <span class='ocrx_word' id='word_1_491' title='bbox 674 2375 704 2401; x_wconf 87' lang='grc' dir='ltr'><em>σέ</em></span> <span class='ocrx_word' id='word_1_492' title='bbox 715 2382 721 2390; x_wconf 91' lang='grc'><strong>·</strong></span> <span class='ocrx_word' id='word_1_493' title='bbox 737 2374 844 2410; x_wconf 60' lang='lat'><strong>$5600:-</strong></span> 
     </span>
    </p>
   </div>
   <div class='ocr_carea' id='block_1_78' title="bbox 61 2419 844 2455">
    <p class='ocr_par' dir='ltr' id='par_1_78' title="bbox 61 2419 844 2455">
     <span class='ocr_line' id='line_1_78' title="bbox 61 2419 844 2455; baseline 0.003 -11"><span class='ocrx_word' id='word_1_494' title='bbox 61 2419 158 2452; x_wconf 74' lang='grc' dir='ltr'>σμένον</span> <span class='ocrx_word' id='word_1_495' title='bbox 171 2419 235 2445; x_wconf 74' lang='grc' dir='ltr'>ὅντα</span> <span class='ocrx_word' id='word_1_496' title='bbox 255 2428 288 2455; x_wconf 81' lang='grc' dir='ltr'><strong>με</strong></span> <span class='ocrx_word' id='word_1_497' title='bbox 310 2420 362 2447; x_wconf 73' lang='grc' dir='ltr'><strong>ὑπὸ</strong></span> <span class='ocrx_word' id='word_1_498' title='bbox 379 2420 428 2455; x_wconf 81' lang='grc' dir='ltr'>τῆς</span> <span class='ocrx_word' id='word_1_499' title='bbox 447 2420 584 2455; x_wconf 79' lang='grc' dir='ltr'>ἁμαρτίας</span> <span class='ocrx_word' id='word_1_500' title='bbox 602 2420 699 2453; x_wconf 84' lang='grc' dir='ltr'>σῶσον,</span> <span class='ocrx_word' id='word_1_501' title='bbox 719 2421 757 2451; x_wconf 84' lang='grc' dir='ltr'>ὼς</span> <span class='ocrx_word' id='word_1_502' title='bbox 776 2419 844 2446; x_wconf 74' lang='grc' dir='ltr'>ἐσω-</span> 
     </span>
    </p>
   </div>
   <div class='ocr_carea' id='block_1_79' title="bbox 61 2465 847 2502">
    <p class='ocr_par' dir='ltr' id='par_1_79' title="bbox 61 2465 847 2502">
     <span class='ocr_line' id='line_1_79' title="bbox 61 2465 847 2502; baseline 0.001 -12"><span class='ocrx_word' id='word_1_503' title='bbox 61 2472 108 2496; x_wconf 84' lang='grc' dir='ltr'><strong>σας</strong></span> <span class='ocrx_word' id='word_1_504' title='bbox 139 2465 184 2491; x_wconf 80' lang='grc' dir='ltr'>τὸν</span> <span class='ocrx_word' id='word_1_505' title='bbox 202 2465 304 2500; x_wconf 79' lang='grc' dir='ltr'>Πέτρον</span> <span class='ocrx_word' id='word_1_506' title='bbox 323 2466 352 2492; x_wconf 81' lang='grc' dir='ltr'>ἐν</span> <span class='ocrx_word' id='word_1_507' title='bbox 371 2466 410 2500; x_wconf 87' lang='grc' dir='ltr'>τῷ</span> <span class='ocrx_word' id='word_1_508' title='bbox 429 2466 541 2492; x_wconf 83' lang='grc' dir='ltr'>κλύδωνι</span> <span class='ocrx_word' id='word_1_509' title='bbox 566 2466 615 2502; x_wconf 87' lang='grc' dir='ltr'>τῆς</span> <span class='ocrx_word' id='word_1_510' title='bbox 632 2465 786 2501; x_wconf 81' lang='grc' dir='ltr'>θαλάσσης,</span> <span class='ocrx_word' id='word_1_511' title='bbox 801 2465 847 2491; x_wconf 74' lang='grc' dir='ltr'>καὶ</span> 
     </span>
    </p>
   </div>
   <div class='ocr_carea' id='block_1_80' title="bbox 61 2508 530 2547">
    <p class='ocr_par' dir='ltr' id='par_1_80' title="bbox 61 2508 530 2547">
     <span class='ocr_line' id='line_1_80' title="bbox 61 2508 530 2547; baseline 0.011 -13"><span class='ocrx_word' id='word_1_512' title='bbox 61 2510 109 2535; x_wconf 71' lang='grc' dir='ltr'>οὐκ</span> <span class='ocrx_word' id='word_1_513' title='bbox 131 2509 164 2536; x_wconf 80' lang='grc' dir='ltr'>ἂν</span> <span class='ocrx_word' id='word_1_514' title='bbox 184 2508 257 2536; x_wconf 70' lang='grc' dir='ltr'>ἐάσω</span> <span class='ocrx_word' id='word_1_515' title='bbox 270 2510 304 2537; x_wconf 76' lang='grc' dir='ltr'><strong>τὰ</strong></span> <span class='ocrx_word' id='word_1_516' title='bbox 319 2510 456 2547; x_wconf 84' lang='grc' dir='ltr'>μαρτύριά</span> <span class='ocrx_word' id='word_1_517' title='bbox 471 2520 530 2539; x_wconf 81' lang='grc' dir='ltr'>σου.</span> 
     </span>
    </p>
   </div>
   <div class='ocr_carea' id='block_1_81' title="bbox 94 2554 846 2592">
    <p class='ocr_par' dir='ltr' id='par_1_81' title="bbox 94 2554 846 2592">
     <span class='ocr_line' id='line_1_81' title="bbox 94 2554 846 2592; baseline 0.001 -11"><span class='ocrx_word' id='word_1_518' title='bbox 94 2554 157 2582; x_wconf 78' lang='lat' dir='ltr'><strong>M7.</strong></span> <span class='ocrx_word' id='word_1_519' title='bbox 183 2556 225 2587; x_wconf 85' lang='grc' dir='ltr'><strong>Ὡς</strong></span> <span class='ocrx_word' id='word_1_520' title='bbox 241 2555 349 2591; x_wconf 76' lang='grc' dir='ltr'>ἑώρακα</span> <span class='ocrx_word' id='word_1_521' title='bbox 360 2557 547 2592; x_wconf 74' lang='grc' dir='ltr'>ἡσυχάζουσαν</span> <span class='ocrx_word' id='word_1_522' title='bbox 561 2556 609 2592; x_wconf 88' lang='grc' dir='ltr'>τὴν</span> <span class='ocrx_word' id='word_1_523' title='bbox 625 2556 714 2592; x_wconf 73' lang='grc' dir='ltr'>ψυχήν</span> <span class='ocrx_word' id='word_1_524' title='bbox 731 2565 780 2591; x_wconf 88' lang='grc' dir='ltr'><strong>μου</strong></span> <span class='ocrx_word' id='word_1_525' title='bbox 793 2556 846 2582; x_wconf 75' lang='grc' dir='ltr'><strong>ἀπὸ</strong></span> 
     </span>
    </p>
   </div>
   <div class='ocr_carea' id='block_1_82' title="bbox 62 2600 846 2638">
    <p class='ocr_par' dir='ltr' id='par_1_82' title="bbox 62 2600 846 2638">
     <span class='ocr_line' id='line_1_82' title="bbox 62 2600 846 2638; baseline 0.003 -12"><span class='ocrx_word' id='word_1_526' title='bbox 62 2600 112 2627; x_wconf 80' lang='grc' dir='ltr'>τῶν</span> <span class='ocrx_word' id='word_1_527' title='bbox 123 2602 290 2636; x_wconf 82' lang='grc' dir='ltr'>ἐνοχλουσῶν</span> <span class='ocrx_word' id='word_1_528' title='bbox 303 2602 397 2638; x_wconf 75' lang='grc' dir='ltr'>αὐτὴν,</span> <span class='ocrx_word' id='word_1_529' title='bbox 409 2602 576 2638; x_wconf 73' lang='grc' dir='ltr'>ὲξωμολθγού</span> <span class='ocrx_word' id='word_1_530' title='bbox 581 2611 633 2637; x_wconf 89' lang='grc' dir='ltr'>μην</span> <span class='ocrx_word' id='word_1_531' title='bbox 645 2611 686 2628; x_wconf 85' lang='grc' dir='ltr'>σοι.</span> <span class='ocrx_word' id='word_1_532' title='bbox 697 2602 746 2634; x_wconf 78' lang='grc' dir='ltr'><strong>τὰς</strong></span> <span class='ocrx_word' id='word_1_533' title='bbox 759 2603 846 2637; x_wconf 84' lang='grc' dir='ltr'>ἀμαρ-</span> 
     </span>
    </p>
   </div>
   <div class='ocr_carea' id='block_1_83' title="bbox 62 2646 842 2684">
    <p class='ocr_par' dir='ltr' id='par_1_83' title="bbox 62 2646 842 2684">
     <span class='ocr_line' id='line_1_83' title="bbox 62 2646 842 2684; baseline 0.001 -11"><span class='ocrx_word' id='word_1_534' title='bbox 62 2648 120 2679; x_wconf 84' lang='grc' dir='ltr'>τῑας</span> <span class='ocrx_word' id='word_1_535' title='bbox 137 2657 198 2683; x_wconf 83' lang='grc' dir='ltr'>μου·</span> <span class='ocrx_word' id='word_1_536' title='bbox 218 2649 320 2684; x_wconf 83' lang='grc' dir='ltr'>ἦλπισα</span> <span class='ocrx_word' id='word_1_537' title='bbox 340 2649 394 2684; x_wconf 81' lang='grc' dir='ltr'><strong>γὰρ</strong></span> <span class='ocrx_word' id='word_1_538' title='bbox 416 2650 456 2680; x_wconf 76' lang='grc' dir='ltr'><strong>εἰς</strong></span> <span class='ocrx_word' id='word_1_539' title='bbox 477 2650 540 2680; x_wconf 83' lang='grc' dir='ltr'>τοὺς</span> <span class='ocrx_word' id='word_1_540' title='bbox 558 2648 653 2682; x_wconf 83' lang='grc' dir='ltr'>λόγους</span> <span class='ocrx_word' id='word_1_541' title='bbox 673 2657 730 2679; x_wconf 76' lang='grc' dir='ltr'>σου,</span> <span class='ocrx_word' id='word_1_542' title='bbox 751 2648 790 2674; x_wconf 79' lang='grc' dir='ltr'>ὅτι</span> <span class='ocrx_word' id='word_1_543' title='bbox 809 2646 842 2683; x_wconf 86' lang='grc' dir='ltr'>ἦς</span> 
     </span>
    </p>
   </div>
   <div class='ocr_carea' id='block_1_84' title="bbox 63 2692 841 2728">
    <p class='ocr_par' dir='ltr' id='par_1_84' title="bbox 63 2692 841 2728">
     <span class='ocr_line' id='line_1_84' title="bbox 63 2692 841 2728; baseline -0.003 -8"><span class='ocrx_word' id='word_1_544' title='bbox 63 2693 178 2728; x_wconf 74' lang='grc' dir='ltr'>εἰρηκώς</span> <span class='ocrx_word' id='word_1_545' title='bbox 189 2701 196 2708; x_wconf 92' lang='grc'>·</span> <span class='ocrx_word' id='word_1_546' title='bbox 212 2693 300 2720; x_wconf 82' lang='grc' dir='ltr'><strong>Δεῦτε</strong></span> <span class='ocrx_word' id='word_1_547' title='bbox 315 2695 389 2728; x_wconf 76' lang='grc' dir='ltr'>πρός</span> <span class='ocrx_word' id='word_1_548' title='bbox 400 2702 438 2728; x_wconf 81' lang='grc' dir='ltr'><strong>με</strong></span> <span class='ocrx_word' id='word_1_549' title='bbox 451 2693 561 2726; x_wconf 81' lang='grc' dir='ltr'>πάντες</span> <span class='ocrx_word' id='word_1_550' title='bbox 577 2694 603 2720; x_wconf 80' lang='grc' dir='ltr'>οὶ</span> <span class='ocrx_word' id='word_1_551' title='bbox 617 2692 779 2725; x_wconf 81' lang='grc' dir='ltr'>κοπιῶντες</span> <span class='ocrx_word' id='word_1_552' title='bbox 793 2693 841 2719; x_wconf 80' lang='grc' dir='ltr'>καὶ</span> 
     </span>
    </p>
   </div>
   <div class='ocr_carea' id='block_1_85' title="bbox 63 2737 682 2774">
    <p class='ocr_par' dir='ltr' id='par_1_85' title="bbox 63 2737 682 2774">
     <span class='ocr_line' id='line_1_85' title="bbox 63 2737 682 2774; baseline 0.002 -10"><span class='ocrx_word' id='word_1_553' title='bbox 63 2738 302 2773; x_wconf 69' lang='grc' dir='ltr'>πεφορτισμένοι,</span> <span class='ocrx_word' id='word_1_554' title='bbox 321 2739 401 2774; x_wconf 81' lang='grc' dir='ltr'><strong>κάγὼ</strong></span> <span class='ocrx_word' id='word_1_555' title='bbox 415 2739 580 2766; x_wconf 78' lang='grc' dir='ltr'>ἀναπαύσω</span> <span class='ocrx_word' id='word_1_556' title='bbox 596 2737 682 2773; x_wconf 80' lang='grc' dir='ltr'><strong>ὑμᾶς.</strong></span> 
     </span>
    </p>
   </div>
   <div class='ocr_carea' id='block_1_86' title="bbox 98 2795 669 2829">
    <p class='ocr_par' dir='ltr' id='par_1_86' title="bbox 98 2795 669 2829">
     <span class='ocr_line' id='line_1_86' title="bbox 98 2795 669 2829; baseline -0.002 -7"><span class='ocrx_word' id='word_1_557' title='bbox 98 2795 139 2822; x_wconf 75' lang='grc'><strong>⁸⁸1</strong></span> <span class='ocrx_word' id='word_1_558' title='bbox 158 2795 222 2823; x_wconf 87' lang='lat' dir='ltr'><strong>Cor.</strong></span> <span class='ocrx_word' id='word_1_559' title='bbox 242 2803 283 2826; x_wconf 84' lang='grc' dir='ltr'>ιιι,</span> <span class='ocrx_word' id='word_1_560' title='bbox 302 2795 345 2823; x_wconf 67' lang='grc'><strong>12.</strong></span> <span class='ocrx_word' id='word_1_561' title='bbox 385 2796 407 2811; x_wconf 81' lang='grc'><strong>⁸⁵</strong></span> <span class='ocrx_word' id='word_1_562' title='bbox 421 2795 515 2823; x_wconf 83' lang='lat' dir='ltr'><strong>Matth.</strong></span> <span class='ocrx_word' id='word_1_563' title='bbox 536 2803 563 2829; x_wconf 85' lang='grc' dir='ltr'>ν,</span> <span class='ocrx_word' id='word_1_564' title='bbox 580 2795 607 2828; x_wconf 87' lang='grc'><strong>6,</strong></span> <span class='ocrx_word' id='word_1_565' title='bbox 625 2795 669 2822; x_wconf 89' lang='grc'><strong>11.</strong></span> 
     </span>
    </p>
   </div>
   <div class='ocr_carea' id='block_1_87' title="bbox 893 1592 1671 1628">
    <p class='ocr_par' dir='ltr' id='par_1_87' title="bbox 893 1592 1671 1628">
     <span class='ocr_line' id='line_1_87' title="bbox 893 1592 1671 1628; baseline -0.005 -6"><span class='ocrx_word' id='word_1_566' title='bbox 893 1595 961 1623; x_wconf 88' lang='lat' dir='ltr'><strong>meis</strong></span> <span class='ocrx_word' id='word_1_567' title='bbox 982 1595 1015 1622; x_wconf 88' lang='lat' dir='ltr'><strong>ad</strong></span> <span class='ocrx_word' id='word_1_568' title='bbox 1039 1599 1075 1626; x_wconf 86' lang='lat' dir='ltr'><strong>te,</strong></span> <span class='ocrx_word' id='word_1_569' title='bbox 1092 1599 1119 1622; x_wconf 88' lang='lat' dir='ltr'><strong>et</strong></span> <span class='ocrx_word' id='word_1_570' title='bbox 1142 1602 1237 1621; x_wconf 86' lang='lat' dir='ltr'><strong>omnes</strong></span> <span class='ocrx_word' id='word_1_571' title='bbox 1252 1601 1296 1621; x_wconf 92' lang='lat' dir='ltr'><strong>me</strong></span> <span class='ocrx_word' id='word_1_572' title='bbox 1320 1593 1465 1628; x_wconf 90' lang='lat' dir='ltr'><strong>opprobrio</strong></span> <span class='ocrx_word' id='word_1_573' title='bbox 1481 1592 1591 1624; x_wconf 85' lang='lat' dir='ltr'><strong>habent,</strong></span> <span class='ocrx_word' id='word_1_574' title='bbox 1612 1596 1671 1618; x_wconf 74' lang='lat' dir='ltr'><strong>tan-</strong></span> 
     </span>
    </p>
   </div>
   <div class='ocr_carea' id='block_1_88' title="bbox 893 1637 1674 1676">
    <p class='ocr_par' dir='ltr' id='par_1_88' title="bbox 893 1637 1674 1676">
     <span class='ocr_line' id='line_1_88' title="bbox 893 1637 1674 1676; baseline -0.004 -9"><span class='ocrx_word' id='word_1_575' title='bbox 893 1648 975 1676; x_wconf 84' lang='lat' dir='ltr'><strong>quam</strong></span> <span class='ocrx_word' id='word_1_576' title='bbox 992 1644 1161 1675; x_wconf 78' lang='lat' dir='ltr'><strong>peccatorem</strong></span> <span class='ocrx_word' id='word_1_577' title='bbox 1176 1649 1183 1673; x_wconf 88' lang='lat'><strong>;</strong></span> <span class='ocrx_word' id='word_1_578' title='bbox 1200 1646 1249 1674; x_wconf 72' lang='lat' dir='ltr'><strong>ego</strong></span> <span class='ocrx_word' id='word_1_579' title='bbox 1263 1643 1353 1666; x_wconf 91' lang='lat' dir='ltr'><strong>autem</strong></span> <span class='ocrx_word' id='word_1_580' title='bbox 1368 1638 1546 1673; x_wconf 85' lang='lat' dir='ltr'><strong>opprobratus</strong></span> <span class='ocrx_word' id='word_1_581' title='bbox 1558 1637 1591 1664; x_wconf 87' lang='lat' dir='ltr'><strong>ab</strong></span> <span class='ocrx_word' id='word_1_582' title='bbox 1607 1637 1674 1672; x_wconf 70' lang='lat' dir='ltr'><strong>ipsis</strong></span> 
     </span>
    </p>
   </div>
   <div class='ocr_carea' id='block_1_89' title="bbox 889 1685 1338 1721">
    <p class='ocr_par' dir='ltr' id='par_1_89' title="bbox 889 1685 1338 1721">
     <span class='ocr_line' id='line_1_89' title="bbox 889 1685 1338 1721; baseline -0.004 -7"><span class='ocrx_word' id='word_1_583' title='bbox 889 1686 1100 1721; x_wconf 70' lang='lat' dir='ltr'><strong>iustiﬁcationes</strong></span> <span class='ocrx_word' id='word_1_584' title='bbox 1117 1690 1178 1713; x_wconf 84' lang='lat' dir='ltr'><strong>tuas</strong></span> <span class='ocrx_word' id='word_1_585' title='bbox 1194 1685 1338 1713; x_wconf 87' lang='lat' dir='ltr'><strong>custodivi.</strong></span> 
     </span>
    </p>
   </div>
   <div class='ocr_carea' id='block_1_90' title="bbox 929 1729 1674 1766">
    <p class='ocr_par' dir='ltr' id='par_1_90' title="bbox 929 1729 1674 1766">
     <span class='ocr_line' id='line_1_90' title="bbox 929 1729 1674 1766; baseline -0.005 -7"><span class='ocrx_word' id='word_1_586' title='bbox 929 1732 991 1759; x_wconf 70' lang='lat'><strong>“2.</strong></span> <span class='ocrx_word' id='word_1_587' title='bbox 1003 1731 1117 1758; x_wconf 86' lang='lat' dir='ltr'><strong>Faciens</strong></span> <span class='ocrx_word' id='word_1_588' title='bbox 1134 1731 1267 1766; x_wconf 82' lang='lat' dir='ltr'><strong>justitiam</strong></span> <span class='ocrx_word' id='word_1_589' title='bbox 1283 1730 1375 1765; x_wconf 89' lang='lat' dir='ltr'><strong>justus</strong></span> <span class='ocrx_word' id='word_1_590' title='bbox 1390 1735 1430 1757; x_wconf 88' lang='lat' dir='ltr'><strong>est</strong></span> <span class='ocrx_word' id='word_1_591' title='bbox 1445 1729 1472 1756; x_wconf 94' lang='lat' dir='ltr'><strong>in</strong></span> <span class='ocrx_word' id='word_1_592' title='bbox 1489 1733 1632 1760; x_wconf 69' lang='lat' dir='ltr'><strong>aeternum,</strong></span> <span class='ocrx_word' id='word_1_593' title='bbox 1647 1733 1674 1756; x_wconf 90' lang='lat' dir='ltr'><strong>et</strong></span> 
     </span>
    </p>
   </div>
   <div class='ocr_carea' id='block_1_91' title="bbox 892 1775 1673 1812">
    <p class='ocr_par' dir='ltr' id='par_1_91' title="bbox 892 1775 1673 1812">
     <span class='ocr_line' id='line_1_91' title="bbox 892 1775 1673 1812; baseline -0.004 -8"><span class='ocrx_word' id='word_1_594' title='bbox 892 1785 923 1805; x_wconf 85' lang='lat' dir='ltr'><strong>ea</strong></span> <span class='ocrx_word' id='word_1_595' title='bbox 945 1777 1047 1810; x_wconf 88' lang='lat' dir='ltr'><strong>omnia,</strong></span> <span class='ocrx_word' id='word_1_596' title='bbox 1064 1784 1125 1812; x_wconf 70' lang='lat' dir='ltr'><strong>qua:</strong></span> <span class='ocrx_word' id='word_1_597' title='bbox 1137 1777 1170 1804; x_wconf 86' lang='lat' dir='ltr'><strong>de</strong></span> <span class='ocrx_word' id='word_1_598' title='bbox 1190 1777 1308 1804; x_wconf 78' lang='lat' dir='ltr'><strong>venturis</strong></span> <span class='ocrx_word' id='word_1_599' title='bbox 1331 1775 1410 1804; x_wconf 86' lang='lat' dir='ltr'><strong>bonis</strong></span> <span class='ocrx_word' id='word_1_600' title='bbox 1430 1775 1589 1810; x_wconf 86' lang='lat' dir='ltr'><strong>promisisti,</strong></span> <span class='ocrx_word' id='word_1_601' title='bbox 1605 1775 1673 1802; x_wconf 81' lang='lat' dir='ltr'><strong>veri—</strong></span> 
     </span>
    </p>
   </div>
   <div class='ocr_carea' id='block_1_92' title="bbox 891 1826 1021 1850">
    <p class='ocr_par' dir='ltr' id='par_1_92' title="bbox 891 1826 1021 1850">
     <span class='ocr_line' id='line_1_92' title="bbox 891 1826 1021 1850; baseline -0.015 0"><span class='ocrx_word' id='word_1_602' title='bbox 891 1826 933 1850; x_wconf 88' lang='lat' dir='ltr'><strong>tas</strong></span> <span class='ocrx_word' id='word_1_603' title='bbox 948 1826 1021 1850; x_wconf 89' lang='lat' dir='ltr'><strong>sunt.</strong></span> 
     </span>
    </p>
   </div>
   <div class='ocr_carea' id='block_1_93' title="bbox 928 1867 1674 1902">
    <p class='ocr_par' dir='ltr' id='par_1_93' title="bbox 928 1867 1674 1902">
     <span class='ocr_line' id='line_1_93' title="bbox 928 1867 1674 1902; baseline -0.004 -8"><span class='ocrx_word' id='word_1_604' title='bbox 928 1868 989 1894; x_wconf 77' lang='lat' dir='ltr'><strong>M5.</strong></span> <span class='ocrx_word' id='word_1_605' title='bbox 1016 1867 1166 1902; x_wconf 81' lang='lat' dir='ltr'><strong>lndigentia</strong></span> <span class='ocrx_word' id='word_1_606' title='bbox 1195 1871 1222 1894; x_wconf 89' lang='lat' dir='ltr'><strong>et</strong></span> <span class='ocrx_word' id='word_1_607' title='bbox 1250 1867 1403 1901; x_wconf 82' lang='lat' dir='ltr'><strong>persecutio</strong></span> <span class='ocrx_word' id='word_1_608' title='bbox 1428 1867 1589 1892; x_wconf 87' lang='lat' dir='ltr'><strong>invenerunt</strong></span> <span class='ocrx_word' id='word_1_609' title='bbox 1619 1872 1674 1897; x_wconf 86' lang='lat' dir='ltr'><strong>me,</strong></span> 
     </span>
    </p>
   </div>
   <div class='ocr_carea' id='block_1_94' title="bbox 892 1910 1674 1949">
    <p class='ocr_par' dir='ltr' id='par_1_94' title="bbox 892 1910 1674 1949">
     <span class='ocr_line' id='line_1_94' title="bbox 892 1910 1674 1949; baseline -0.005 -8"><span class='ocrx_word' id='word_1_610' title='bbox 892 1921 942 1949; x_wconf 88' lang='lat' dir='ltr'><strong>ego</strong></span> <span class='ocrx_word' id='word_1_611' title='bbox 959 1919 1050 1941; x_wconf 84' lang='lat' dir='ltr'><strong>autem</strong></span> <span class='ocrx_word' id='word_1_612' title='bbox 1068 1913 1225 1941; x_wconf 85' lang='lat' dir='ltr'><strong>recordatus</strong></span> <span class='ocrx_word' id='word_1_613' title='bbox 1239 1921 1310 1945; x_wconf 85' lang='lat' dir='ltr'><strong>sum,</strong></span> <span class='ocrx_word' id='word_1_614' title='bbox 1325 1913 1454 1948; x_wconf 86' lang='lat' dir='ltr'><strong>quoniam</strong></span> <span class='ocrx_word' id='word_1_615' title='bbox 1471 1911 1562 1938; x_wconf 81' lang='lat' dir='ltr'><strong>dixisti</strong></span> <span class='ocrx_word' id='word_1_616' title='bbox 1576 1920 1582 1938; x_wconf 87' lang='lat'><strong>:</strong></span> <span class='ocrx_word' id='word_1_617' title='bbox 1598 1910 1674 1938; x_wconf 80' lang='lat' dir='ltr'><strong>Beati</strong></span> 
     </span>
    </p>
   </div>
   <div class='ocr_carea' id='block_1_95' title="bbox 893 1957 1674 1995">
    <p class='ocr_par' dir='ltr' id='par_1_95' title="bbox 893 1957 1674 1995">
     <span class='ocr_line' id='line_1_95' title="bbox 893 1957 1674 1995; baseline -0.004 -9"><span class='ocrx_word' id='word_1_618' title='bbox 893 1960 939 1995; x_wconf 86' lang='lat' dir='ltr'><strong>qui</strong></span> <span class='ocrx_word' id='word_1_619' title='bbox 953 1959 1074 1986; x_wconf 77' lang='lat' dir='ltr'><strong>esuriant</strong></span> <span class='ocrx_word' id='word_1_620' title='bbox 1091 1958 1126 1995; x_wconf 87' lang='lat' dir='ltr'><strong>[et</strong></span> <span class='ocrx_word' id='word_1_621' title='bbox 1137 1959 1230 1985; x_wconf 83' lang='lat' dir='ltr'><strong>sitiunt</strong></span> <span class='ocrx_word' id='word_1_622' title='bbox 1241 1957 1396 1993; x_wconf 77' lang='lat' dir='ltr'><strong>iustitiam],</strong></span> <span class='ocrx_word' id='word_1_623' title='bbox 1411 1963 1435 1984; x_wconf 84' lang='lat' dir='ltr'><strong>et</strong></span> <span class='ocrx_word' id='word_1_624' title='bbox 1450 1958 1518 1985; x_wconf 82' lang='lat' dir='ltr'><strong>beati</strong></span> <span class='ocrx_word' id='word_1_625' title='bbox 1528 1958 1600 1989; x_wconf 75' lang='lat' dir='ltr'><strong>estis,</strong></span> <span class='ocrx_word' id='word_1_626' title='bbox 1615 1963 1674 1984; x_wconf 74' lang='lat' dir='ltr'><strong>cum</strong></span> 
     </span>
    </p>
   </div>
   <div class='ocr_carea' id='block_1_96' title="bbox 894 2001 1569 2038">
    <p class='ocr_par' dir='ltr' id='par_1_96' title="bbox 894 2001 1569 2038">
     <span class='ocr_line' id='line_1_96' title="bbox 894 2001 1569 2038; baseline -0.004 -8"><span class='ocrx_word' id='word_1_627' title='bbox 894 2004 1081 2031; x_wconf 71' lang='lat' dir='ltr'><strong>maledizeriut</strong></span> <span class='ocrx_word' id='word_1_628' title='bbox 1097 2003 1178 2036; x_wconf 76' lang='lat' dir='ltr'><strong>vobis,</strong></span> <span class='ocrx_word' id='word_1_629' title='bbox 1193 2007 1218 2030; x_wconf 80' lang='lat' dir='ltr'><strong>et</strong></span> <span class='ocrx_word' id='word_1_630' title='bbox 1231 2003 1358 2038; x_wconf 71' lang='lat' dir='ltr'><strong>persecuti</strong></span> <span class='ocrx_word' id='word_1_631' title='bbox 1372 2010 1415 2029; x_wconf 78' lang='lat' dir='ltr'><strong>vos</strong></span> <span class='ocrx_word' id='word_1_632' title='bbox 1432 2001 1569 2036; x_wconf 78' lang='lat' dir='ltr'><strong>fuerint“.</strong></span> 
     </span>
    </p>
   </div>
   <div class='ocr_carea' id='block_1_97' title="bbox 929 2046 1673 2081">
    <p class='ocr_par' dir='ltr' id='par_1_97' title="bbox 929 2046 1673 2081">
     <span class='ocr_line' id='line_1_97' title="bbox 929 2046 1673 2081; baseline -0.007 -4"><span class='ocrx_word' id='word_1_633' title='bbox 929 2050 991 2077; x_wconf 68' lang='grc'><strong>144.</strong></span> <span class='ocrx_word' id='word_1_634' title='bbox 1009 2049 1119 2077; x_wconf 67' lang='lat' dir='ltr'><strong>Iustitia</strong></span> <span class='ocrx_word' id='word_1_635' title='bbox 1137 2053 1201 2077; x_wconf 91' lang='lat' dir='ltr'><strong>sunt</strong></span> <span class='ocrx_word' id='word_1_636' title='bbox 1214 2048 1366 2076; x_wconf 84' lang='lat' dir='ltr'><strong>testimonia</strong></span> <span class='ocrx_word' id='word_1_637' title='bbox 1383 2053 1438 2080; x_wconf 87' lang='lat' dir='ltr'><strong>tua,</strong></span> <span class='ocrx_word' id='word_1_638' title='bbox 1454 2047 1521 2074; x_wconf 87' lang='lat' dir='ltr'><strong>etin</strong></span> <span class='ocrx_word' id='word_1_639' title='bbox 1537 2046 1673 2081; x_wconf 54' lang='lat' dir='ltr'><strong>praesenti,</strong></span> 
     </span>
    </p>
   </div>
   <div class='ocr_carea' id='block_1_98' title="bbox 894 2093 1674 2129">
    <p class='ocr_par' dir='ltr' id='par_1_98' title="bbox 894 2093 1674 2129">
     <span class='ocr_line' id='line_1_98' title="bbox 894 2093 1674 2129; baseline -0.005 -6"><span class='ocrx_word' id='word_1_640' title='bbox 894 2101 921 2123; x_wconf 91' lang='lat' dir='ltr'><strong>et</strong></span> <span class='ocrx_word' id='word_1_641' title='bbox 936 2096 963 2123; x_wconf 90' lang='lat' dir='ltr'><strong>in</strong></span> <span class='ocrx_word' id='word_1_642' title='bbox 981 2095 1073 2123; x_wconf 80' lang='lat' dir='ltr'><strong>futuro</strong></span> <span class='ocrx_word' id='word_1_643' title='bbox 1090 2096 1200 2129; x_wconf 80' lang='lat' dir='ltr'><strong>saeculo,</strong></span> <span class='ocrx_word' id='word_1_644' title='bbox 1226 2095 1269 2123; x_wconf 84' lang='lat' dir='ltr'><strong>fac</strong></span> <span class='ocrx_word' id='word_1_645' title='bbox 1287 2099 1317 2123; x_wconf 91' lang='lat' dir='ltr'><strong>ut</strong></span> <span class='ocrx_word' id='word_1_646' title='bbox 1344 2101 1375 2122; x_wconf 90' lang='lat' dir='ltr'><strong>ea</strong></span> <span class='ocrx_word' id='word_1_647' title='bbox 1401 2093 1558 2128; x_wconf 80' lang='lat' dir='ltr'><strong>intelligam,</strong></span> <span class='ocrx_word' id='word_1_648' title='bbox 1574 2097 1602 2120; x_wconf 84' lang='lat' dir='ltr'><strong>et</strong></span> <span class='ocrx_word' id='word_1_649' title='bbox 1626 2099 1674 2127; x_wconf 89' lang='lat' dir='ltr'><strong>per</strong></span> 
     </span>
    </p>
   </div>
   <div class='ocr_carea' id='block_1_99' title="bbox 895 2141 1066 2176">
    <p class='ocr_par' dir='ltr' id='par_1_99' title="bbox 895 2141 1066 2176">
     <span class='ocr_line' id='line_1_99' title="bbox 895 2141 1066 2176; baseline -0.012 -7"><span class='ocrx_word' id='word_1_650' title='bbox 895 2142 953 2176; x_wconf 86' lang='lat' dir='ltr'><strong>ipsa</strong></span> <span class='ocrx_word' id='word_1_651' title='bbox 968 2141 1066 2168; x_wconf 85' lang='lat' dir='ltr'><strong>vivam.</strong></span> 
     </span>
    </p>
   </div>
   <div class='ocr_carea' id='block_1_100' title="bbox 933 2183 1674 2220">
    <p class='ocr_par' dir='ltr' id='par_1_100' title="bbox 933 2183 1674 2220">
     <span class='ocr_line' id='line_1_100' title="bbox 933 2183 1674 2220; baseline -0.005 -7"><span class='ocrx_word' id='word_1_652' title='bbox 933 2187 995 2214; x_wconf 75' lang='grc'><strong>145,</strong></span> <span class='ocrx_word' id='word_1_653' title='bbox 1018 2186 1141 2218; x_wconf 83' lang='lat' dir='ltr'><strong>Domine,</strong></span> <span class='ocrx_word' id='word_1_654' title='bbox 1166 2185 1299 2220; x_wconf 79' lang='lat' dir='ltr'><strong>patienter</strong></span> <span class='ocrx_word' id='word_1_655' title='bbox 1321 2191 1427 2212; x_wconf 90' lang='lat' dir='ltr'><strong>mecum</strong></span> <span class='ocrx_word' id='word_1_656' title='bbox 1449 2191 1509 2215; x_wconf 72' lang='lat' dir='ltr'><strong>age.</strong></span> <span class='ocrx_word' id='word_1_657' title='bbox 1534 2187 1560 2210; x_wconf 91' lang='lat' dir='ltr'><strong>et</strong></span> <span class='ocrx_word' id='word_1_658' title='bbox 1584 2183 1674 2210; x_wconf 81' lang='lat' dir='ltr'><strong>omnia</strong></span> 
     </span>
    </p>
   </div>
   <div class='ocr_carea' id='block_1_101' title="bbox 895 2229 1674 2266">
    <p class='ocr_par' dir='ltr' id='par_1_101' title="bbox 895 2229 1674 2266">
     <span class='ocr_line' id='line_1_101' title="bbox 895 2229 1674 2266; baseline -0.005 -7"><span class='ocrx_word' id='word_1_659' title='bbox 895 2233 1006 2259; x_wconf 86' lang='lat' dir='ltr'><strong>reddam</strong></span> <span class='ocrx_word' id='word_1_660' title='bbox 1029 2231 1101 2258; x_wconf 86' lang='lat' dir='ltr'><strong>tibi:</strong></span> <span class='ocrx_word' id='word_1_661' title='bbox 1125 2231 1267 2266; x_wconf 89' lang='lat' dir='ltr'><strong>respiciam</strong></span> <span class='ocrx_word' id='word_1_662' title='bbox 1282 2231 1354 2258; x_wconf 91' lang='lat' dir='ltr'><strong>enim</strong></span> <span class='ocrx_word' id='word_1_663' title='bbox 1379 2230 1405 2257; x_wconf 91' lang='lat' dir='ltr'><strong>in</strong></span> <span class='ocrx_word' id='word_1_664' title='bbox 1427 2229 1582 2264; x_wconf 86' lang='lat' dir='ltr'><strong>Scripturas</strong></span> <span class='ocrx_word' id='word_1_665' title='bbox 1603 2233 1674 2260; x_wconf 81' lang='lat' dir='ltr'><strong>tuas.</strong></span> 
     </span>
    </p>
   </div>
   <div class='ocr_carea' id='block_1_102' title="bbox 894 2275 1676 2312">
    <p class='ocr_par' dir='ltr' id='par_1_102' title="bbox 894 2275 1676 2312">
     <span class='ocr_line' id='line_1_102' title="bbox 894 2275 1676 2312; baseline -0.004 -8"><span class='ocrx_word' id='word_1_666' title='bbox 894 2281 921 2305; x_wconf 79' lang='lat' dir='ltr'><strong>et</strong></span> <span class='ocrx_word' id='word_1_667' title='bbox 938 2284 1100 2312; x_wconf 79' lang='lat' dir='ltr'><strong>cognoscam</strong></span> <span class='ocrx_word' id='word_1_668' title='bbox 1129 2277 1194 2312; x_wconf 89' lang='lat' dir='ltr'><strong>quid</strong></span> <span class='ocrx_word' id='word_1_669' title='bbox 1224 2284 1278 2304; x_wconf 91' lang='lat' dir='ltr'><strong>non</strong></span> <span class='ocrx_word' id='word_1_670' title='bbox 1302 2275 1409 2311; x_wconf 87' lang='lat' dir='ltr'><strong>implevi</strong></span> <span class='ocrx_word' id='word_1_671' title='bbox 1424 2275 1452 2302; x_wconf 91' lang='lat' dir='ltr'><strong>iu</strong></span> <span class='ocrx_word' id='word_1_672' title='bbox 1472 2275 1548 2310; x_wconf 86' lang='lat' dir='ltr'><strong>ipsis,</strong></span> <span class='ocrx_word' id='word_1_673' title='bbox 1574 2279 1601 2302; x_wconf 85' lang='lat' dir='ltr'><strong>et</strong></span> <span class='ocrx_word' id='word_1_674' title='bbox 1624 2275 1676 2302; x_wconf 90' lang='lat' dir='ltr'><strong>hoc</strong></span> 
     </span>
    </p>
   </div>
   <div class='ocr_carea' id='block_1_103' title="bbox 895 2323 1118 2356">
    <p class='ocr_par' dir='ltr' id='par_1_103' title="bbox 895 2323 1118 2356">
     <span class='ocr_line' id='line_1_103' title="bbox 895 2323 1118 2356; baseline -0.004 -6"><span class='ocrx_word' id='word_1_675' title='bbox 895 2323 942 2350; x_wconf 86' lang='lat' dir='ltr'><strong>tibi</strong></span> <span class='ocrx_word' id='word_1_676' title='bbox 956 2323 1118 2356; x_wconf 84' lang='lat' dir='ltr'><strong>adimplebo.</strong></span> 
     </span>
    </p>
   </div>
   <div class='ocr_carea' id='block_1_104' title="bbox 932 2366 1677 2399">
    <p class='ocr_par' dir='ltr' id='par_1_104' title="bbox 932 2366 1677 2399">
     <span class='ocr_line' id='line_1_104' title="bbox 932 2366 1677 2399; baseline -0.003 -5"><span class='ocrx_word' id='word_1_677' title='bbox 932 2367 993 2395; x_wconf 73' lang='grc'><strong>116.</strong></span> <span class='ocrx_word' id='word_1_678' title='bbox 1012 2367 1132 2394; x_wconf 80' lang='lat' dir='ltr'><strong>Clamavi</strong></span> <span class='ocrx_word' id='word_1_679' title='bbox 1149 2367 1175 2394; x_wconf 93' lang='lat' dir='ltr'><strong>in</strong></span> <span class='ocrx_word' id='word_1_680' title='bbox 1204 2367 1296 2394; x_wconf 90' lang='lat' dir='ltr'><strong>dolore</strong></span> <span class='ocrx_word' id='word_1_681' title='bbox 1318 2366 1409 2394; x_wconf 88' lang='lat' dir='ltr'><strong>cordis</strong></span> <span class='ocrx_word' id='word_1_682' title='bbox 1423 2366 1477 2393; x_wconf 89' lang='lat' dir='ltr'><strong>mei</strong></span> <span class='ocrx_word' id='word_1_683' title='bbox 1493 2366 1525 2393; x_wconf 89' lang='lat' dir='ltr'><strong>ad</strong></span> <span class='ocrx_word' id='word_1_684' title='bbox 1542 2369 1586 2399; x_wconf 89' lang='lat' dir='ltr'><strong>te;</strong></span> <span class='ocrx_word' id='word_1_685' title='bbox 1610 2366 1677 2392; x_wconf 65' lang='grc' dir='ltr'>σιὼ-</span> 
     </span>
    </p>
   </div>
   <div class='ocr_carea' id='block_1_105' title="bbox 896 2410 1678 2447">
    <p class='ocr_par' dir='ltr' id='par_1_105' title="bbox 896 2410 1678 2447">
     <span class='ocr_line' id='line_1_105' title="bbox 896 2410 1678 2447; baseline -0.004 -7"><span class='ocrx_word' id='word_1_686' title='bbox 896 2420 1016 2440; x_wconf 85' lang='lat' dir='ltr'><strong>mersum</strong></span> <span class='ocrx_word' id='word_1_687' title='bbox 1037 2420 1082 2440; x_wconf 86' lang='lat' dir='ltr'><strong>me</strong></span> <span class='ocrx_word' id='word_1_688' title='bbox 1102 2420 1117 2439; x_wconf 92' lang='lat' dir='ltr'><strong>a</strong></span> <span class='ocrx_word' id='word_1_689' title='bbox 1135 2417 1244 2447; x_wconf 84' lang='lat' dir='ltr'><strong>peccato</strong></span> <span class='ocrx_word' id='word_1_690' title='bbox 1269 2412 1354 2444; x_wconf 82' lang='lat' dir='ltr'><strong>salva,</strong></span> <span class='ocrx_word' id='word_1_691' title='bbox 1379 2411 1607 2447; x_wconf 86' lang='lat' dir='ltr'><strong>quemadmodum</strong></span> <span class='ocrx_word' id='word_1_692' title='bbox 1624 2410 1678 2437; x_wconf 84' lang='lat' dir='ltr'><strong>sal-</strong></span> 
     </span>
    </p>
   </div>
   <div class='ocr_carea' id='block_1_106' title="bbox 895 2456 1675 2491">
    <p class='ocr_par' dir='ltr' id='par_1_106' title="bbox 895 2456 1675 2491">
     <span class='ocr_line' id='line_1_106' title="bbox 895 2456 1675 2491; baseline -0.004 -7"><span class='ocrx_word' id='word_1_693' title='bbox 895 2459 965 2486; x_wconf 71' lang='lat' dir='ltr'><strong>vasti</strong></span> <span class='ocrx_word' id='word_1_694' title='bbox 991 2458 1101 2485; x_wconf 86' lang='lat' dir='ltr'><strong>Petrum</strong></span> <span class='ocrx_word' id='word_1_695' title='bbox 1117 2458 1145 2485; x_wconf 90' lang='lat' dir='ltr'><strong>in</strong></span> <span class='ocrx_word' id='word_1_696' title='bbox 1167 2457 1251 2485; x_wconf 82' lang='lat' dir='ltr'><strong>ﬂuctu</strong></span> <span class='ocrx_word' id='word_1_697' title='bbox 1273 2457 1368 2491; x_wconf 85' lang='lat' dir='ltr'><strong>maris,</strong></span> <span class='ocrx_word' id='word_1_698' title='bbox 1394 2461 1421 2485; x_wconf 93' lang='lat' dir='ltr'><strong>et</strong></span> <span class='ocrx_word' id='word_1_699' title='bbox 1447 2464 1500 2485; x_wconf 90' lang='lat' dir='ltr'><strong>non</strong></span> <span class='ocrx_word' id='word_1_700' title='bbox 1527 2456 1675 2490; x_wconf 84' lang='lat' dir='ltr'><strong>relinquam</strong></span> 
     </span>
    </p>
   </div>
   <div class='ocr_carea' id='block_1_107' title="bbox 896 2505 1124 2532">
    <p class='ocr_par' dir='ltr' id='par_1_107' title="bbox 896 2505 1124 2532">
     <span class='ocr_line' id='line_1_107' title="bbox 896 2505 1124 2532; baseline -0.009 0"><span class='ocrx_word' id='word_1_701' title='bbox 896 2505 1052 2532; x_wconf 86' lang='lat' dir='ltr'><strong>testimonia</strong></span> <span class='ocrx_word' id='word_1_702' title='bbox 1068 2508 1124 2531; x_wconf 87' lang='lat' dir='ltr'><strong>tua.</strong></span> 
     </span>
    </p>
   </div>
   <div class='ocr_carea' id='block_1_108' title="bbox 931 2548 1676 2583">
    <p class='ocr_par' dir='ltr' id='par_1_108' title="bbox 931 2548 1676 2583">
     <span class='ocr_line' id='line_1_108' title="bbox 931 2548 1676 2583; baseline -0.008 -6"><span class='ocrx_word' id='word_1_703' title='bbox 931 2551 993 2578; x_wconf 77' lang='grc'><strong>147.</strong></span> <span class='ocrx_word' id='word_1_704' title='bbox 1010 2549 1045 2578; x_wconf 89' lang='lat' dir='ltr'><strong>Ut</strong></span> <span class='ocrx_word' id='word_1_705' title='bbox 1061 2550 1114 2577; x_wconf 75' lang='lat' dir='ltr'><strong>ridi</strong></span> <span class='ocrx_word' id='word_1_706' title='bbox 1131 2549 1248 2576; x_wconf 87' lang='lat' dir='ltr'><strong>animam</strong></span> <span class='ocrx_word' id='word_1_707' title='bbox 1270 2557 1357 2576; x_wconf 79' lang='lat' dir='ltr'><strong>meam</strong></span> <span class='ocrx_word' id='word_1_708' title='bbox 1375 2548 1558 2583; x_wconf 89' lang='lat' dir='ltr'><strong>quiescentem</strong></span> <span class='ocrx_word' id='word_1_709' title='bbox 1577 2553 1592 2573; x_wconf 83' lang='lat' dir='ltr'><strong>a</strong></span> <span class='ocrx_word' id='word_1_710' title='bbox 1615 2552 1676 2580; x_wconf 87' lang='lat' dir='ltr'><strong>per-</strong></span> 
     </span>
    </p>
   </div>
   <div class='ocr_carea' id='block_1_109' title="bbox 896 2595 1673 2629">
    <p class='ocr_par' dir='ltr' id='par_1_109' title="bbox 896 2595 1673 2629">
     <span class='ocr_line' id='line_1_109' title="bbox 896 2595 1673 2629; baseline -0.009 -5"><span class='ocrx_word' id='word_1_711' title='bbox 896 2597 1070 2625; x_wconf 85' lang='lat' dir='ltr'><strong>turbantibus</strong></span> <span class='ocrx_word' id='word_1_712' title='bbox 1087 2604 1157 2628; x_wconf 87' lang='lat' dir='ltr'><strong>eam,</strong></span> <span class='ocrx_word' id='word_1_713' title='bbox 1172 2595 1314 2623; x_wconf 80' lang='lat' dir='ltr'><strong>confessus</strong></span> <span class='ocrx_word' id='word_1_714' title='bbox 1333 2603 1393 2622; x_wconf 88' lang='lat' dir='ltr'><strong>sum</strong></span> <span class='ocrx_word' id='word_1_715' title='bbox 1411 2595 1458 2622; x_wconf 90' lang='lat' dir='ltr'><strong>tibi</strong></span> <span class='ocrx_word' id='word_1_716' title='bbox 1481 2597 1589 2629; x_wconf 87' lang='lat' dir='ltr'><strong>peccata</strong></span> <span class='ocrx_word' id='word_1_717' title='bbox 1604 2598 1673 2622; x_wconf 81' lang='lat' dir='ltr'><strong>mea;</strong></span> 
     </span>
    </p>
   </div>
   <div class='ocr_carea' id='block_1_110' title="bbox 899 2637 1672 2679">
    <p class='ocr_par' dir='ltr' id='par_1_110' title="bbox 899 2637 1672 2679">
     <span class='ocr_line' id='line_1_110' title="bbox 899 2637 1672 2679; baseline -0.013 -7"><span class='ocrx_word' id='word_1_718' title='bbox 899 2644 1003 2679; x_wconf 82' lang='lat' dir='ltr'><strong>speravi</strong></span> <span class='ocrx_word' id='word_1_719' title='bbox 1020 2643 1090 2670; x_wconf 90' lang='lat' dir='ltr'><strong>enim</strong></span> <span class='ocrx_word' id='word_1_720' title='bbox 1108 2643 1134 2669; x_wconf 92' lang='lat' dir='ltr'><strong>in</strong></span> <span class='ocrx_word' id='word_1_721' title='bbox 1155 2643 1325 2670; x_wconf 83' lang='lat' dir='ltr'><strong>sermonibus</strong></span> <span class='ocrx_word' id='word_1_722' title='bbox 1343 2642 1406 2674; x_wconf 78' lang='lat' dir='ltr'><strong>luis,</strong></span> <span class='ocrx_word' id='word_1_723' title='bbox 1425 2639 1552 2676; x_wconf 88' lang='lat' dir='ltr'><strong>quoniam</strong></span> <span class='ocrx_word' id='word_1_724' title='bbox 1564 2637 1672 2665; x_wconf 86' lang='lat' dir='ltr'><strong>dixisti:</strong></span> 
     </span>
    </p>
   </div>
   <div class='ocr_carea' id='block_1_111' title="bbox 903 2681 1674 2721">
    <p class='ocr_par' dir='ltr' id='par_1_111' title="bbox 903 2681 1674 2721">
     <span class='ocr_line' id='line_1_111' title="bbox 903 2681 1674 2721; baseline -0.012 -5"><span class='ocrx_word' id='word_1_725' title='bbox 903 2689 992 2716; x_wconf 82' lang='lat' dir='ltr'><strong>Venite</strong></span> <span class='ocrx_word' id='word_1_726' title='bbox 1010 2688 1043 2715; x_wconf 86' lang='lat' dir='ltr'><strong>ad</strong></span> <span class='ocrx_word' id='word_1_727' title='bbox 1066 2696 1116 2720; x_wconf 86' lang='lat' dir='ltr'><strong>me,</strong></span> <span class='ocrx_word' id='word_1_728' title='bbox 1135 2695 1222 2714; x_wconf 75' lang='lat' dir='ltr'><strong>omnes</strong></span> <span class='ocrx_word' id='word_1_729' title='bbox 1234 2687 1278 2721; x_wconf 84' lang='lat' dir='ltr'><strong>qui</strong></span> <span class='ocrx_word' id='word_1_730' title='bbox 1295 2686 1422 2714; x_wconf 74' lang='lat' dir='ltr'><strong>laboratis</strong></span> <span class='ocrx_word' id='word_1_731' title='bbox 1439 2689 1464 2712; x_wconf 78' lang='lat' dir='ltr'><strong>et</strong></span> <span class='ocrx_word' id='word_1_732' title='bbox 1485 2683 1586 2710; x_wconf 80' lang='lat' dir='ltr'><strong>onerati</strong></span> <span class='ocrx_word' id='word_1_733' title='bbox 1600 2681 1674 2712; x_wconf 69' lang='lat' dir='ltr'><strong>estis,</strong></span> 
     </span>
    </p>
   </div>
   <div class='ocr_carea' id='block_1_112' title="bbox 894 2733 1220 2771">
    <p class='ocr_par' dir='ltr' id='par_1_112' title="bbox 894 2733 1220 2771">
     <span class='ocr_line' id='line_1_112' title="bbox 894 2733 1220 2771; baseline -0.012 -7"><span class='ocrx_word' id='word_1_734' title='bbox 894 2741 920 2764; x_wconf 83' lang='lat' dir='ltr'><strong>et</strong></span> <span class='ocrx_word' id='word_1_735' title='bbox 936 2744 982 2771; x_wconf 79' lang='lat' dir='ltr'><strong>ego</strong></span> <span class='ocrx_word' id='word_1_736' title='bbox 1002 2735 1118 2769; x_wconf 76' lang='lat' dir='ltr'><strong>reﬁciant</strong></span> <span class='ocrx_word' id='word_1_737' title='bbox 1133 2741 1176 2761; x_wconf 75' lang='lat' dir='ltr'><strong>uas</strong></span> <span class='ocrx_word' id='word_1_738' title='bbox 1187 2733 1220 2760; x_wconf 81' lang='lat'><strong>&#39;°.</strong></span> 
     </span>
    </p>
   </div>
   <div class='ocr_carea' id='block_1_113' title="bbox 711 2793 956 2827">
    <p class='ocr_par' dir='ltr' id='par_1_113' title="bbox 711 2793 956 2827">
     <span class='ocr_line' id='line_1_113' title="bbox 711 2793 956 2827; baseline -0.008 -6"><span class='ocrx_word' id='word_1_739' title='bbox 711 2795 732 2809; x_wconf 79' lang='lat'><strong>“</strong></span> <span class='ocrx_word' id='word_1_740' title='bbox 744 2794 838 2822; x_wconf 79' lang='lat' dir='ltr'><strong>Matth.</strong></span> <span class='ocrx_word' id='word_1_741' title='bbox 856 2802 895 2827; x_wconf 70' lang='grc' dir='ltr'><strong>ιι,</strong></span> <span class='ocrx_word' id='word_1_742' title='bbox 910 2793 956 2820; x_wconf 75' lang='grc'><strong>28.</strong></span> 
     </span>
    </p>
   </div>
   <div class='ocr_carea' id='block_1_114' title="bbox 101 2847 852 2887">
    <p class='ocr_par' dir='ltr' id='par_1_114' title="bbox 101 2849 841 2887">
     <span class='ocr_line' id='line_1_114' title="bbox 101 2849 841 2887; baseline -0.003 -9"><span class='ocrx_word' id='word_1_743' title='bbox 101 2852 137 2887; x_wconf 84' lang='grc' dir='ltr'>(ιι)</span> <span class='ocrx_word' id='word_1_744' title='bbox 158 2851 230 2886; x_wconf 76' lang='lat' dir='ltr'><strong>Lege</strong></span> <span class='ocrx_word' id='word_1_745' title='bbox 246 2852 501 2887; x_wconf 77' lang='grc' dir='ltr'>ύπεμιμνησκόμην,</span> <span class='ocrx_word' id='word_1_746' title='bbox 521 2851 615 2886; x_wconf 80' lang='grc' dir='ltr'>ὅτιπερ</span> <span class='ocrx_word' id='word_1_747' title='bbox 631 2849 719 2883; x_wconf 80' lang='grc' dir='ltr'>εἶπας,</span> <span class='ocrx_word' id='word_1_748' title='bbox 741 2854 770 2878; x_wconf 84' lang='lat' dir='ltr'><strong>ut</strong></span> <span class='ocrx_word' id='word_1_749' title='bbox 790 2851 841 2878; x_wconf 87' lang='lat' dir='ltr'><strong>col.</strong></span> 
     </span>
    </p>
   </div>
   <div class='ocr_carea' id='block_1_115' title="bbox 911 2847 1067 2887">
    <p class='ocr_par' dir='ltr' id='par_1_115' title="bbox 913 2847 1067 2881">
     <span class='ocr_line' id='line_1_115' title="bbox 913 2847 1067 2881; baseline -0.013 -6"><span class='ocrx_word' id='word_1_750' title='bbox 913 2849 939 2881; x_wconf 84' lang='lat'><strong>7,</strong></span> <span class='ocrx_word' id='word_1_751' title='bbox 957 2847 989 2875; x_wconf 87' lang='lat' dir='ltr'><strong>N.</strong></span> <span class='ocrx_word' id='word_1_752' title='bbox 1008 2847 1067 2874; x_wconf 73' lang='grc'><strong>164.</strong></span> 
     </span>
    </p>
   </div>
  </div>
