1930 3046
239 147 307 175 1203

659 149 688 177 S.
709 149 894 178 ATHANASII
913 150 987 178 OPP.
1010 150 1098 178 PARS
1117 151 1162 179 ill.
1182 166 1215 171 —-
1234 151 1438 180 EXEGETICA.

1784 153 1859 180 1204

276 206 338 234 118.
355 206 546 235 Praevenerunt
570 207 641 235 oeuli
656 208 709 235 mei
739 209 771 236 ad
787 213 813 236 te
837 209 974 244 diluculo,
992 215 1040 241 ut.

1110 211 1171 238 148.
1191 211 1368 246 Προέφθασαν
1381 212 1404 237 οἱ
1418 210 1554 246 ὀφθαλμοί
1561 211 1690 255 μοιξξρξς
1810 212 1859 238 τοῦ

240 251 386 278 meditarer
400 251 507 286 eloquia
523 256 579 279 tua.

277 297 338 324 149.
351 296 450 324 Vocem
465 305 552 324 meam
567 297 629 325 audi
645 299 794 325 secundum
809 299 1021 326 misericordiam

240 350 326 375 tuam,
342 343 465 376 Domine,
487 343 535 379 [et]
551 344 700 371 secundum
717 344 850 379 judicium
864 351 940 373 tuum
955 346 1023 373 vivi-

242 390 291 416 ﬁca
300 396 353 416 me.

278 434 339 462 150.
355 434 647 468 Appropinquaverunt
663 440 856 470 persequentes
869 444 911 464 mc
923 437 1024 472 iniqui-

243 481 300 513 tati,
320 488 335 508 a
349 481 406 514 lege
421 485 511 507 autem
529 485 574 508 tua
590 481 670 516 longe
683 481 746 508 faeli
763 486 836 508 sunt.

277 526 340 552 151.
355 524 443 561 Prope
457 533 487 553 es
501 530 540 559 tu,
557 525 681 559 Domine,
698 531 725 554 et
743 535 839 554 omnes
852 527 902 554 viae
917 531 969 554 tua:
983 535 1024 554 ve-

241 572 318 598 ritas.

277 617 338 644 152.
357 616 435 645 Initio
452 617 565 652 cognovi
578 617 611 645 de
630 618 794 645 testimoniis
817 617 872 644 tuis
884 637 891 649 ,
907 617 971 652 quia
996 617 1023 643 in

241 665 372 689 aeternum
391 662 509 690 fundasti
531 670 572 690 ea.

278 707 339 734 155.
361 707 426 735 Vide
438 708 617 735 humilitatem
632 715 719 735 meam
730 727 738 740 ,
755 713 782 736 et
799 708 871 743 eripe
885 715 944 741 me,
961 708 1024 742 quia

242 751 327 787 legem
343 757 419 778 tuam
436 760 490 779 non
508 760 568 780 sum
586 752 696 780 oblitus.

278 797 340 825 151.
355 797 451 826 Judica
462 798 594 832 judicium
608 805 710 830 meum,
725 803 752 826 et
765 798 866 826 redime
881 805 924 825 me
939 807 946 825 :
963 805 1025 832 pro-

243 848 301 879 pter
314 844 452 878 eloquium
469 849 543 872 tuum
555 845 662 872 viviﬁca
676 853 728 872 me.

1077 257 1191 292 μελετᾷν
1204 258 1237 283 τὰ
1250 257 1326 291 λόγιά⁵
1342 265 1398 284 σου.

1112 303 1172 330 119.
1184 303 1239 338 Τῆς
1251 303 1342 338 φωνῆς
1357 312 1407 338 μου
1423 304 1546 335 ἄκουσον,
1558 305 1653 339 Κύριε,
1666 303 1735 330 κατὰ
1745 304 1774 329 τὺ
1783 304 1861 335 ἔλεός

1078 357 1136 379 σου,
1153 347 1224 383 [xui]
1237 348 1307 375 κατὰ
1320 349 1350 375 τὸ
1364 349 1450 384 κρῖμά
1465 357 1510 375 σου
1522 349 1602 384 ζῆσόν
1619 358 1663 384 με.

1112 437 1173 464 150.
1186 437 1377 472 Προσήγγισαν
1386 438 1410 463 ol
1421 437 1630 469 καταδιώκοντές
1643 446 1676 473 με
1686 438 1794 473 ἀνομίᾳ,
1803 439 1858 464 ἀπὺ

1076 483 1103 509 δὲ
1118 482 1165 508 τοῦ
1177 483 1258 517 νόμου
1275 491 1321 509 σου
1337 483 1555 518 ἐμακρύνθησαν.

1111 527 1175 555 151.
1194 529 1294 562 Ἐγγὺς
1309 526 1334 555 εἷ
1350 529 1392 561 σὺ,
1410 529 1511 564 Κύριε,
1530 530 1576 557 καὶ
1592 531 1675 557 πᾶσαι
1691 531 1720 557 αἱ
1741 530 1792 556 ὁδοί
1811 538 1857 556 σου

1073 573 1197 608 ἀλήθεια.

1112 618 1172 644 152.
1191 619 1258 644 Κατ’
1270 619 1356 654 ἀρχὰς
1371 619 1456 653 ἔγνων
1466 620 1498 646 ἐκ
1516 620 1568 646 τῶν
1583 621 1739 656 μαρτυρίων
1750 629 1807 653 σου,
1817 622 1860 647 ἵης

1075 665 1114 696 εἰς
1129 665 1176 691 τὸν
1191 665 1277 691 αἰῶνα
1294 665 1476 700 ἐθεμελίωσας
1488 666 1565 693 αὐτὰ.

1110 710 1170 737 155.
1191 711 1244 736 Ἴδε
1262 710 1311 746 τὴν
1326 710 1488 738 ταπείνωσίν
1509 720 1570 746 μου,
1587 711 1634 738 καὶ
1647 711 1739 744 ἐξελοῦ
1755 720 1800 747 με,
1820 711 1860 737 Em

1074 756 1122 783 τοῦ
1138 757 1220 792 νόμου
1234 765 1280 783 σου
1295 757 1344 783 οὐκ
1359 757 1537 792 ἐπελαθόμην.

1111 802 1172 829 154.
1188 803 1288 838 Κρῖνον
1301 802 1349 837 τὴν
1360 802 1450 837 κρίσιν
1466 810 1527 837 μου,
1542 803 1588 830 καὶ
1604 803 1742 839 λύτρωσαί
1758 811 1802 838 με,
1817 803 1860 829 διὰ

1075 848 1120 874 τὸν
1133 847 1209 882 λόγον
1223 856 1268 874 σου
1283 846 1364 882 ζῆσόν
1377 856 1419 883 με.

278 890 340 916 155.
357 889 450 924 Longe
467 898 483 917 a
498 890 686 925 peccatoribus
699 889 792 924 salusf,
805 889 880 924 Tquia
893 889 1026 924 justilica-

1111 880 1173 921 155.
1190 880 1554 929 Μακρὰν-ὰπὺνὰμαρτωλῶν
1567 894 1697 929 σωτηρία,
1716 895 1757 921 ὅτι
1776 895 1810 921 τὰ
1823 895 1861 920 διο

243 936 332 963 tiones
348 939 410 963 tuas
426 943 483 963 non
495 936 694 971 exquisierunt:

278 980 338 1007 156.
356 979 547 1008 Misericordia
562 985 614 1008 tua:
627 981 728 1013 multae,
740 979 863 1010 Domine,
878 979 1027 1007 secundum

240 1026 373 1060 judicium
392 1031 468 1054 tuum
483 1027 589 1054 viviﬁca
608 1035 660 1054 me.

279 1071 340 1099 157.
353 1071 428 1100 Multi
442 1073 489 1108 qui
504 1077 703 1108 persequuntur
716 1080 769 1105 me,
781 1077 807 1099 et
819 1071 950 1099 tribulant
962 1078 1005 1098 me
1019 1080 1026 1097 :

243 1127 259 1146 a
273 1119 438 1148 testimoniis
451 1120 506 1148 luis
520 1128 572 1148 non
590 1121 734 1148 declinavi.

279 1166 340 1193 158.
355 1165 415 1193 Vidi
425 1167 645 1202 pracvaricantes.
655 1170 683 1194 et
695 1166 866 1194 tabescebam
880 1175 887 1192 :
900 1165 965 1199 quia
973 1164 1030 1192 elo-

242 1211 306 1246 quia
321 1215 366 1238 tua
380 1219 434 1238 non
450 1212 648 1239 custodierunt.

279 1256 340 1284 159.
359 1256 425 1284 Vide
437 1277 444 1289 ,
459 1258 588 1292 quoniam
606 1257 732 1285 mandata
748 1261 793 1284 tua
807 1257 889 1283 dilexi
907 1265 914 1283 :
933 1255 1026 1283 Domi-

243 1310 288 1335 ne,
303 1302 331 1329 in
345 1303 531 1331 misericordia
547 1308 597 1331 tua
605 1304 710 1331 viviﬂca
727 1311 781 1331 me.

1075 939 1220 974 καιώματά
1233 948 1279 966 σου
1292 940 1342 966 οὐκ
1358 939 1532 975 ἐξεζήτησαν.

1111 984 1172 1011 156.
1187 985 1219 1011 Οἱ
1235 984 1370 1019 οἰκτιρμοί
1386 992 1432 1010 σου
1446 984 1554 1017 πολλοὶ,
1564 983 1659 1020 Κύριε,
1673 984 1746 1011 κατὰ
1759 984 1790 1010 τὸ
1803 987 1861 1019 κρῖ-

1078 1028 1115 1062 μά
1131 1036 1176 1054 σου
1190 1028 1273 1062 ζῆσόν
1287 1036 1331 1063 με.

1112 1073 1174 1100 157.
1192 1073 1288 1099 Πολλοὶ
1308 1074 1332 1099 οι
1346 1073 1521 1105 ἐκδιὼκοντες
1536 1082 1579 1109 με,
1599 1073 1644 1100 καὶ
1656 1073 1793 1105 θλίϐοντές
1807 1082 1859 1108 με·

1078 1120 1110 1145 ἐκ
1120 1118 1174 1145 τῶν
1196 1119 1351 1155 μαρτυρίων
1367 1128 1413 1146 σου
1427 1119 1477 1146 οὐκ
1491 1120 1622 1152 ἐξέκλινα.

1112 1164 1173 1191 158.
1186 1162 1261 1190 Εἶδον
1285 1164 1480 1196 ὰπνετοῦντας
1490 1185 1497 1197 ,
1514 1165 1560 1192 καὶ
1573 1164 1740 1200 ἐξετηκόμην
1751 1185 1759 1197 ,
1773 1165 1814 1191 ᾶτι
1829 1166 1862 1191 τὰ

1074 1209 1152 1244 λόγιά
1169 1218 1216 1236 σου
1235 1210 1283 1236 οὐκ
1295 1210 1469 1244 ἐφυλάξαντο.

1110 1255 1171 1282 159.
1187 1255 1249 1286 Ἴδε,
1265 1256 1306 1282 ὅτι
1319 1255 1369 1287 τὰς
1383 1255 1492 1288 ἐντολάς
1502 1264 1548 1282 σου
1558 1256 1705 1292 ἠγάπησα·
1721 1256 1818 1292 Κύριε,
1834 1257 1862 1283 ἐν

1073 1300 1113 1336 τῷ
1130 1300 1199 1327 ἐλέει
1217 1309 1263 1328 σου
1280 1300 1362 1336 ζῆσόν
1376 1309 1412 1336 με

802 1378 990 1407 ATHANASll
1013 1376 1303 1406 INTERPRETATIO.

281 1457 343 1486 118.
356 1457 543 1493 Vigilaverunt
553 1458 623 1486 oeuli
637 1458 728 1486 cordis
739 1458 792 1485 mei
805 1457 840 1485 ad
853 1457 972 1485 suaviter
980 1464 1027 1484 ex-

246 1502 397 1538 cipiendam
412 1503 500 1530 lucem
517 1503 718 1539 Scripturarum
735 1508 854 1531 tuarum.
907 1510 911 1515 ’

281 1549 344 1576 119.
358 1548 433 1576 Sicut
444 1549 577 1577 immensa
587 1555 628 1578 est
640 1550 825 1577 misericordia
836 1554 892 1583 tua,
900 1550 937 1578 ita
945 1558 1028 1578 exau-

245 1594 272 1621 di
283 1599 372 1627 me,et
385 1595 535 1622 secundum
546 1595 711 1623 voluntatem
720 1599 794 1622 tuam
807 1596 843 1623 ita
855 1596 960 1624 vivifica
972 1604 1026 1624 me.

281 1639 343 1667 150.
368 1640 523 1668 Attulerunr
547 1641 708 1668 adversariae
726 1646 873 1676 potestates
890 1642 1027 1676 improbas
1040 1655 1062 1683 α

246 1684 419 1719 cupiditates;
428 1689 457 1712 ut
466 1693 528 1713 vero
538 1686 662 1714 viderunt
672 1687 698 1714 in
709 1695 751 1714 me
761 1687 933 1715 exsistentem
943 1687 1026 1722 legem

245 1735 332 1764 tuam,
349 1731 552 1765 disparuerunt.

282 1777 343 1804 151.
357 1777 443 1813 Prope
457 1785 487 1805 es
500 1783 528 1805 tu
540 1799 547 1809 ,
562 1777 692 1809 Domine.
708 1779 860 1806 volentibus
876 1779 909 1806 ad
925 1783 951 1806 te
963 1787 1029 1807 con-

248 1822 360 1858 fugere,
375 1829 401 1850 et
413 1823 505 1852 omnia
524 1824 652 1851 mandata
671 1829 717 1851 tua
734 1833 788 1851 non
804 1829 867 1852 sunt
881 1833 1005 1853 onerosa.

285 1869 347 1896 152.
361 1869 401 1896 Ab
429 1870 508 1896 initio
523 1871 640 1905 cognovi
656 1878 672 1897 e
692 1870 840 1905 Scripturis
857 1871 911 1899 tuis
923 1892 932 1903 ρ
956 1871 1029 1906 quod

249 1915 348 1942 invicta
363 1914 567 1952 [immutabilia]
581 1920 645 1944 sunt
655 1917 780 1944 mandata
797 1921 853 1944 tua.

282 1962 344 1990 155.
359 1962 604 1997 Recordare,quod
613 1967 683 1989 terra
697 1967 724 1990 et
736 1962 825 1997 pulvis
839 1970 909 1996 sum,
922 1963 1029 1998 eteripe

246 2015 291 2036 me
304 2008 339 2035 ab
355 2008 518 2035 adversariis
531 2008 720 2043 potestatibus,
732 2009 861 2042 quoniam
873 2008 1030 2036 indesinen-

247 2059 289 2082 ter
303 2055 436 2082 sollicitus
457 2062 528 2086 sum.
547 2054 685 2089 quomodo
701 2054 825 2088 impleam
842 2055 926 2090 legem
943 2060 1028 2082 tuam.

283 2099 571 2134 1'54.Quand'oquidcm
583 2099 675 2134 justus
688 2099 771 2134 Iudex
784 2100 902 2131 exsistis,
916 2108 960 2127 me
977 2101 1030 2127 ini-

245 2153 300 2181 que
311 2153 471 2181 oppressum
483 2152 498 2171 a
510 2144 680 2172 dwmouibus
692 2144 776 2171 libera
785 2165 793 2177 ,
808 2148 834 2171 et
845 2151 970 2171 sermone
983 2148 1030 2171 tuo

247 2192 351 2219 viviﬁca
366 2199 418 2220 me.

281 2238 344 2265 155.
357 2237 491 2270 Quoniam
501 2236 594 2264 dixisti
608 2245 614 2263 :
624 2235 708 2263 Nemo
719 2240 835 2263 vestrum
851 2235 942 2271 inique
952 2239 1027 2270 agat;

246 2283 327 2310 morti
338 2283 428 2310 traditi
443 2287 508 2310 sunt
520 2287 679 2317 peccatores
691 2303 697 2314 ,
714 2283 776 2317 quia
793 2287 954 2317 respuerunt
967 2290 1029 2317 pro—

247 2329 406 2356 missionem
417 2329 479 2356 vita:
494 2332 623 2355 venturae.

283 2374 344 2402 156.
361 2373 429 2400 Novi
446 2375 594 2401 immensas
613 2381 672 2401 esse
688 2374 875 2401 miserationes
891 2378 969 2404 tuas,
985 2381 1027 2400 se~

247 2420 368 2448 cundum
385 2420 550 2446 voluntatem
570 2425 644 2446 tuam
661 2419 768 2447 vivilica
784 2426 836 2445 me.

283 2465 345 2493 157.
360 2465 510 2492 Contraria
531 2469 687 2499 potestates.
714 2464 781 2491 Nam
796 2464 953 2492 recordatus
969 2472 1029 2491 sum

247 2515 275 2538 te
284 2511 385 2538 dixisse
396 2520 402 2537 :
412 2509 446 2538 1η
456 2510 587 2544 palientia
595 2509 758 2544 possidebitis
771 2511 873 2536 animas
884 2514 982 2536 vestras
989 2510 1030 2542 ‘7;

247 2561 275 2584 et
289 2565 295 2583 :
309 2556 361 2588 Qui
372 2551 567 2583 sustinuerit‘in
581 2556 658 2590 ﬁnem
669 2575 677 2588 ,
693 2555 734 2582 hic
751 2555 837 2582 salvus
849 2556 899 2582 erit
910 2555 942 2582 ⁸⁸.

284 2602 344 2629 158.
360 2601 507 2629 Observavi
523 2605 676 2636 pereuntes,
691 2606 717 2628 et
734 2609 789 2636 pra:
806 2601 979 2629 tribulatione
992 2606 1032 2628 ta-

249 2649 405 2679 bescebam.
421 2648 485 2683 quia
500 2647 633 2675 voluntati
650 2652 702 2674 tuae
720 2647 891 2674 resistebant.

284 2694 346 2721 159.
358 2692 410 2726 Qui
435 2693 559 2720 omnium
583 2691 665 2719 corda
690 2692 792 2725 noscis,
824 2692 923 2720 novisti
949 2699 1032 2720 suave

248 2739 316 2767 mihi
335 2747 396 2767 esse
414 2739 526 2774 implere
543 2743 676 2774 praecepta
693 2743 749 2771 tua.
765 2738 888 2771 Domine,
901 2739 1033 2767 miserens

249 2785 313 2817 mei,
323 2789 350 2813 et
363 2785 497 2820 adjuvans
510 2793 554 2812 me
568 2785 675 2812 viviﬁca
689 2792 732 2812 me
744 2785 831 2820 gratia
848 2790 906 2812 tua.

288 2842 311 2858 "
323 2842 388 2869 Luc.
406 2849 463 2875 xxt,
481 2842 524 2869 19.
578 2842 599 2858 ⁸⁸
613 2841 696 2870 Marc.
716 2850 763 2870 xm
775 2862 782 2875 ,
801 2842 844 2870 13.

1111 1456 1172 1484 118.
1185 1456 1304 1492 Ἀνῆψαν
1314 1457 1338 1483 οἱ
1350 1457 1481 1493 ὀφθαλμοὶ
1490 1458 1540 1493 τῆς
1550 1457 1662 1494 καρδίας
1675 1466 1726 1494 μου
1737 1459 1768 1484 τὸ
1779 1458 1865 1493 ἡδέως,

1075 1500 1202 1534 δέξασθαι
1219 1502 1250 1528 τὸ
1264 1502 1321 1536 φῶς
1336 1502 1390 1528 τῶν
1407 1502 1521 1538 Γραφῶν
1541 1511 1598 1529 σου.

1111 1547 1173 1574 149.
1190 1546 1287 1580 Καθὼς
1308 1548 1460 1583 ἀμέτρητόν
1481 1549 1538 1574 ἐστι
1552 1548 1583 1574 τὺ
1598 1547 1672 1579 ἔλεός
1694 1556 1741 1574 σου
1753 1568 1760 1580 ,
1777 1547 1861 1578 οὕτως

1075 1593 1191 1620 ἄκουσόν
1208 1602 1270 1628 μου,
1283 1594 1330 1620 καὶ
1343 1593 1434 1625 καθὼς
1448 1594 1544 1626 θέλεις,
1557 1594 1643 1625 οὕτως
1658 1595 1740 1629 ξῆσόν
1754 1604 1801 1630 με.

1114 1638 1174 1665 150.
1189 1638 1362 1674 Προσέφερον
1387 1640 1413 1666 αἱ
1429 1639 1547 1666 ἐναντίαι
1567 1639 1695 1674 δυνάμεις
1716 1639 1861 1674 ἐπιθυμίας

1078 1684 1199 1719 πονηράς
1209 1693 1215 1698 ·
1240 1685 1305 1710 ὡσεὶ
1322 1684 1370 1720 [ὡς
1386 1684 1425 1721 δὲ]
1440 1683 1508 1712 εἶδον
1526 1686 1555 1711 ὲν
1571 1685 1632 1720 ἐμοὶ
1645 1685 1709 1712 ὄντα
1725 1685 1770 1713 τὸν
1783 1686 1859 1721 νόμον

1079 1738 1136 1761 σου,
1151 1730 1261 1764 ἀφανεῖς
1278 1730 1408 1764 ἐγένοντο.

1114 1775 1173 1802 151.
1189 1775 1305 1810 Πλησίον
1319 1773 1343 1802 εἷ
1354 1776 1396 1807 σὺ,
1409 1775 1503 1810 Κύριε,
1518 1775 1571 1802 τῶν
1580 1775 1711 1802 Οελὸντων
1726 1775 1863 1812 προσφεύ-

1078 1827 1136 1853 γειν
1153 1828 1203 1851 σοι,
1220 1820 1266 1846 καὶ
1281 1821 1365 1847 πᾶσαι
1380 1821 1408 1847 αἱ
1426 1819 1530 1847 ὲντολαί
1544 1829 1590 1846 σου
1608 1821 1657 1847 οὐκ
1679 1820 1733 1846 εἰσὶ
1748 1820 1858 1856 βαρεῖαι.

1116 1865 1176 1892 152.
1193 1865 1237 1898 Ἐξ
1251 1866 1339 1901 ἀρχῆς
1355 1865 1511 1901 συνετὲσθην
1529 1866 1561 1892 ἐκ
1581 1865 1634 1892 τῶν
1661 1866 1778 1901 Γραφών
1805 1874 1857 1892 σου.

1078 1911 1119 1938 ὅτι
1134 1912 1249 1946 ἀνίκητά
1263 1911 1400 1946 [ἀκίνητά]
1414 1912 1466 1937 εἰσι
1479 1911 1512 1938 τὰ
1526 1911 1724 1946 προστάγματά
1736 1920 1794 1937 σου.

1115 1956 1175 1983 155.
1188 1956 1339 1991 Μνήσθητι,
1349 1956 1433 1990 ὅτιγῆ
1447 1956 1494 1982 καὶ
1508 1956 1603 1987 σποδός
1615 1957 1683 1991 εἰμι,
1698 1957 1745 1983 καὶ
1759 1955 1857 1988 ἐξελοῦ-

1081 2011 1128 2037 μαι
1141 2001 1244 2037 [ἐξελοῦ
1259 2001 1303 2038 με]
1319 2002 1350 2028 ἐκ
1364 2002 1417 2028 τῶν
1431 2002 1558 2028 ἐναντίων
1568 2001 1721 2036 δυνάμεων,
1734 2002 1776 2028 ὅτι
1789 2009 1859 2037 μεριι

1081 2048 1138 2083 μνῶ
1156 2048 1334 2079 ἀδιαλείπτως
1353 2048 1382 2074 τὸ
1399 2048 1458 2079 πῶς
1475 2048 1609 2084 πληρὼσω
1625 2048 1671 2074 τὸν
1698 2048 1781 2083 νόμον
1808 2056 1857 2074 σου.

1115 2094 1175 2121 154.
1184 2094 1226 2125 Ὠς
1236 2094 1421 2129 δικαιοκρίτης
1429 2094 1569 2129 ὑπάρχεις,
1579 2094 1755 2128 ἁδικούμενόν
1769 2102 1802 2128 με
1814 2092 1859 2118 Emi

1080 2140 1133 2166 τῶν
1143 2140 1277 2175 δαιμόνων
1293 2140 1437 2176 λύτρωσαι,
1453 2141 1498 2166 καὶ
1511 2140 1554 2166 διὰ
1569 2139 1613 2166 τὸν
1625 2139 1703 2173 λόγον
1719 2147 1766 2166 σου
1779 2139 1859 2166 ἓτισόν

1081 2195 1114 2222 με
1131 2187 1225 2222 [ζῆςόν
1241 2186 1297 2222 με].

1116 2233 1176 2260 155.
1187 2233 1247 2259 Ὄτι
1259 2231 1352 2264 εἶπας·
1368 2232 1450 2258 Οὐδὲν
1465 2231 1574 2267 [οὐδεὶς]
1588 2232 1602 2257 ὑ
1607 2231 1664 2267 μῶν
1678 2231 1708 2258 οὺ
1723 2231 1760 2266 μὴ
1774 2231 1859 2264 ἀδική-

1081 2287 1115 2315 σῃ
1126 2288 1132 2294 ·
1145 2279 1361 2313 τεθανατωμένοι
1375 2279 1441 2304 εἰσὶν
1454 2279 1477 2304 οἱ
1490 2277 1653 2313 ἁμαρτωλοὶ,
1668 2277 1709 2303 ὅτι
1720 2276 1769 2312 τὴν
1782 2278 1857 2309 ἐπαγ-

1045 2319 1067 2347 Ῑ)
1080 2326 1172 2360 γελιαν
1187 2325 1236 2360 τῆς
1252 2326 1325 2360 ζωῆς
1344 2325 1393 2359 τῆς
1411 2324 1558 2360 μελλούσης
1575 2324 1624 2350 οὐκ
1639 2324 1784 2358 ἠθέλησαν.

1116 2371 1176 2398 156.
1192 2368 1257 2396 οἶδα
1276 2371 1317 2396 ὅτι
1327 2370 1474 2406 ἀμέτρητοί
1484 2371 1552 2396 εἰσιν
1569 2370 1593 2395 οἱ
1606 2369 1742 2404 οἰκτιρμοί
1756 2377 1812 2401 σου,
1825 2367 1857 2397 ὡς

1080 2417 1176 2448 θέλεις,
1191 2416 1271 2452 ζῆσὸν
1287 2425 1329 2452 με.

1116 2463 1176 2489 157.
1188 2464 1220 2489 Αἱ
1230 2462 1494 2498 ὲναντίαιδυνάμεις.
1517 2462 1697 2498 Ἐμεμνήμην
1707 2462 1761 2497 γὰρ
1776 2461 1856 2488 εῑπόν-

1080 2517 1125 2540 τος
1137 2517 1183 2536 σου
1194 2517 1201 2524 ·
1225 2508 1271 2535 Ἐν
1280 2508 1418 2543 ὑπομονῇ
1429 2508 1581 2541 κτήσασθε
1591 2509 1643 2541 τὰς
1656 2509 1759 2542 ψυχὰς
1771 2506 1854 2542 ὑμῶν,

1079 2555 1127 2582 καὶ
1140 2557 1156 2581 ὁ
1170 2555 1333 2588 ὑπομείνας
1342 2556 1384 2587 εὶς
1398 2554 1483 2587 τέλος
1499 2553 1587 2586 οὗτος
1602 2554 1780 2586 σωθήσεται.

1116 2601 1174 2628 158.
1185 2601 1329 2636 Προσεῑχον
1340 2601 1402 2631 τοὺς
1412 2600 1620 2635 ἀπολλυμένους,
1632 2599 1799 2635 ἐξετηκόμην
1810 2597 1854 2625 ἀπὸ

1080 2646 1130 2681 τῆς
1148 2646 1273 2680 θλίψεως,
1287 2647 1326 2673 ὅτι
1340 2646 1379 2681 τῷ
1396 2645 1544 2680 βουλήματί
1562 2654 1607 2672 σου
1623 2645 1793 2671 ἀνθίσταντο.

1116 2693 1178 2720 159.
1196 2692 1406 2728 Καρδιογνώστα
1423 2692 1541 2722 πάντων,
1555 2689 1638 2723 οἶδας,
1655 2691 1696 2717 ὅτι
1715 2691 1801 2726 ἡδέως
1811 2689 1853 2723 Ξχω

1082 2738 1223 2774 πληρῶσαι
1251 2739 1300 2770 τὰς
1315 2738 1423 2770 ἐντολάς
1439 2746 1484 2764 σου
1497 2758 1504 2770 ,
1520 2738 1622 2773 Κύριε·
1641 2737 1724 2764 ἐλεῶν
1739 2745 1774 2772 με
1786 2757 1794 2769 ,
1817 2734 1855 2761 καὶ

1083 2785 1188 2820 βοηθῶν
1208 2793 1252 2819 με,
1269 2784 1351 2820 ζῆσόν
1367 2793 1400 2820 με
1413 2784 1457 2812 διὰ
1467 2785 1516 2820 τῆς
1531 2784 1641 2820 χάριτός
1653 2792 1710 2811 σου.
