1930 3046
55 159 130 188 1205

477 157 522 184 DE
542 156 679 184 TITULIS
700 155 922 184 PSALMORUM.
941 172 975 178 —-
993 157 1091 184 PSAL.
1115 157 1232 185 CXVIII.

1549 180 1558 187 κ
1610 160 1678 188 1206

89 218 153 245 160.
163 216 247 252 Ἀρχὴ
256 215 310 242 τῶν
321 214 405 249 λόγων
414 223 460 241 σου
469 215 589 250 ἀλήθεια,
599 216 645 242 καὶ
655 217 694 246 εἰς
702 215 747 241 τὸν
758 215 841 242 αἰῶνα

929 214 989 242 160.
1006 214 1174 250 Principium
1187 215 1334 242 verborum
1354 220 1464 242 tuorum
1482 215 1591 248 veritas,
1608 222 1635 244 et
1651 218 1676 245 iu

53 263 147 290 πάντα
163 262 197 288 τὰ
211 261 332 296 κρίματα
346 261 395 295 τῆς
408 261 581 296 δικαιοσύνης
600 270 656 287 σου.

89 307 155 334 161.
168 307 314 342 Ἄρχοντες
324 306 489 339 κατεδίωξαν
502 315 535 341 με
546 306 658 341 δωρεὰν,
670 306 716 332 καὶ
727 305 782 332 ἀπὸ
792 306 845 332 τῶν

52 353 144 387 λόγων
161 361 207 379 σου
225 352 372 378 ὲδειλίασεν
385 352 400 386 ἡ
415 352 512 387 καρδία
530 360 591 386 μου.

88 398 153 425 162.
171 398 385 432 Ἀγαλλιάσομαι
400 397 455 432 ἐγὼ
471 398 517 424 ἐπὶ
532 398 567 424 τὰ
586 397 664 432 λόγιά
684 406 730 424 σου
744 417 752 429 ,
777 398 815 429 ὡς
831 399 845 424 ὁ

51 445 194 480 εὑρίσκων
209 444 294 470 σκῦλα
311 443 405 470 πολλά.

89 490 153 517 163.
169 489 287 516 Ἀδικίαν
297 490 427 525 ἐμίσησα,
436 489 482 516 καὶ
493 489 678 524 ὲὸδελυξάμην
686 498 693 505 ·
705 489 750 515 τὸν
765 489 792 515 δὲ
802 488 845 515 νό-

54 543 103 569 μον
122 543 170 561 σου
185 534 325 570 ἠγάπησα.

88 579 152 606 164.
167 580 298 611 Ἐπτάκις
307 580 356 615 τῆς
367 580 473 616 ἡμέρας
484 580 568 615 ᾔνεσά
582 589 612 606 σε
623 581 669 606 ἐπὶ
679 580 712 607 τὰ
723 581 843 616 κρίματα

51 625 101 660 τῆς
115 625 289 661 δικαιοσύνης
305 634 362 652 σου.

86 670 151 698 165.
164 671 266 707 Εἰρήνη
279 671 363 707 πολλὴ
373 673 429 703 τοῖς
438 671 564 706 ἀγαπῶσι
576 672 620 698 τὸν
632 671 713 707 νόμον
725 680 782 706 σου,
795 671 843 700 καὶ

51 718 100 744 οὑκ
119 717 196 744 ἔστιν
214 719 305 750 αὐτοῖς
323 717 478 744 σκάνδαλον.

86 763 152 790 166.
170 764 344 798 Προσεδόκων
358 763 389 790 τὸ
403 763 536 798 σωτήριόν
554 771 612 796 σου,
624 762 721 798 Κύριε,
733 763 841 794 καὶτὰς

50 807 162 839 ιντολάς
181 815 226 833 σου
244 808 386 844 ἠγάπησα.

84 852 150 880 167.
169 853 316 888 Ἐφύλαξεν
331 855 347 889 ἠ
361 853 433 889 ψυχή
449 862 499 889 μου
514 853 549 880 τὰ
566 853 704 889 μαρτύριά
718 861 774 886 σου,
793 852 840 879 καὶ

49 898 195 934 ἠγάπησεν
210 899 279 926 αὐτὰ
293 899 406 935 σφόδρα.

84 944 151 973 168.
166 945 302 979 Ἐφύλαξα
315 945 364 976 τὰς
380 945 489 976 ἐντολάς
506 953 553 972 σου
576 945 623 972 καὶ
644 944 678 970 τὰ
705 943 841 979 μαρτύριά

50 999 105 1016 σου·
125 991 169 1017 ὅτι
183 991 268 1018 πᾶσαι
285 992 311 1017 αἱ
324 991 377 1017 ὁδοί
395 999 445 1026 μου
457 991 583 1018 ,ἐναντίον
600 999 658 1022 σου,
674 990 769 1026 Κύριε.

83 1035 149 1064 169.
167 1037 320 1070 Ἐγγισάτω
336 1038 352 1072 ἡ
369 1037 459 1071 δέησίς
474 1045 525 1072 μου
541 1036 656 1063 ἐνώπιόν
667 1045 729 1068 σου,
742 1035 839 1071 Κύριε,

50 1081 119 1108 κατὰ
134 1081 167 1108 τὸ
181 1081 270 1116 λόγιόν
287 1091 333 1109 σου
347 1082 483 1109 συνέτισόν
501 1091 544 1118 με.

898 264 1026 286 azternum
1043 259 1133 286 omnia
1147 258 1250 294 judicia
1264 258 1376 292 justitiaa
1387 262 1450 286 tuae.

933 305 993 331 161.
1008 304 1148 339 Principes
1164 304 1299 339 persecuti
1312 308 1375 331 sunt
1390 311 1433 331 me
1448 304 1542 340 gratis,
1556 309 1584 332 et
1595 311 1610 331 a
1623 313 1670 332 ver

896 351 938 378 his
952 351 1006 378 luis
1025 350 1179 378 formidavit
1192 358 1240 378 cor
1252 357 1351 377 meum.

931 397 991 423 162.
1008 396 1130 423 Lzetahor
1141 404 1191 431 ego
1203 403 1284 430 super
1295 395 1402 430 eloquia
1416 400 1462 423 tua
1472 416 1480 428 ,
1499 396 1568 423 sicut
1579 395 1625 431 qui
1639 395 1676 423 in-

894 442 968 469 venit
983 441 1068 475 spolia
1085 441 1179 468 multa.

928 484 990 511 165.
1004 484 1177 519 lniquitatcm
1188 485 1251 513 odio
1262 484 1355 518 habui,
1371 489 1397 512 et
1411 484 1582 512 abominatus
1594 493 1654 513 sum
1667 495 1673 512 :

892 529 978 565 legem
999 535 1088 556 autem
1109 534 1182 557 tuam
1199 531 1291 558 dilexi.

929 576 990 603 164.
1009 577 1114 611 Septies
1128 576 1156 604 in
1172 577 1216 604 die
1232 577 1340 604 laudem
1357 576 1412 604 dixi
1427 576 1494 608 tibi,
1509 583 1592 611 super
1602 576 1675 611 judi-

892 622 933 649 eia
948 622 1061 656 justitiaa
1077 629 1140 650 tute.

927 668 989 695 165.
1008 667 1064 695 Pax
1083 668 1168 695 multa
1187 667 1362 703 diligentibus
1378 667 1463 703 legem
1476 671 1562 701 tuam,
1578 671 1604 695 et
1619 674 1673 695 non

891 718 933 742 est
947 715 1001 741 illis
1012 714 1180 742 scandalum.

926 759 986 787 166.
998 759 1192 794 Exspectabam
1200 760 1318 788 salutare
1329 763 1416 791 tuum,
1427 758 1550 792 Domine,
1560 763 1588 787 et
1597 766 1673 786 man-

890 805 951 832 data
971 809 1017 831 tua
1030 804 1122 832 dilexi.

926 850 988 878 167.
1000 850 1153 877 Custodivit
1166 850 1257 877 anima
1272 857 1332 877 mea
1346 848 1502 877 testimonia
1517 853 1574 883 tua,
1591 853 1618 876 et
1631 848 1657 876 (ιζ
1667 853 1682 869 ι’

854 888 877 918 Β
890 895 956 922 iexit
971 903 1002 922 ea
1019 895 1202 923 vehementer.

925 941 986 968 168.
999 941 1112 969 Servavi
1124 940 1251 968 mandata
1265 944 1312 967 tua
1323 944 1349 967 et
1362 940 1517 968 testimonia
1530 943 1575 967 tua
1588 948 1595 967 :
1607 940 1670 974 quia

889 993 983 1014 omnes
997 987 1048 1014 via:
1063 994 1131 1014 meae
1146 987 1172 1014 in
1188 991 1335 1021 conspectu
1353 991 1417 1020 tuo,
1437 985 1560 1013 Domine.

924 1032 987 1059 169.
1012 1033 1217 1067 Appropinquet
1232 1032 1386 1067 deprecatio
1406 1039 1466 1059 mea
1480 1031 1508 1058 in
1523 1034 1670 1066 conspectu

887 1083 946 1111 tuo,
968 1078 1092 1114 Domine,
1105 1078 1185 1114 juxta
1200 1078 1339 1114 eloquium
1355 1083 1431 1106 tuum
1449 1077 1484 1106 da
1499 1076 1566 1104 mihi
1592 1077 1670 1104 intelo

888 1125 997 1152 lectum.

611 1189 800 1217 ATHANASII
823 1190 1115 1219 lNTERPRETATlO.

86 1244 149 1271 160.
159 1244 243 1280 Ἀρχὴ
252 1244 306 1271 τῶν
317 1245 535 1281 προσταγμάτων
547 1254 592 1272 σου
603 1245 634 1272 τὸ
647 1245 782 1272 πιστεύειν
798 1246 838 1277 είς

923 1246 986 1274 160.
1004 1247 1113 1274 Initium
1129 1247 1319 1274 mandatorum
1335 1251 1444 1274 tuorum
1463 1245 1572 1274 credere
1587 1246 1614 1273 in
1633 1250 1668 1279 te.

51 1291 89 1322 σὲ,
107 1290 158 1316 καὶ
171 1291 200 1315 ἐν
213 1289 252 1324 τῷ
269 1289 391 1326 μέλλοντι
404 1291 480 1318 αἰῶνι
498 1291 625 1323 ἀπόδοσις
638 1291 752 1318 ἑκάστου
769 1291 839 1318 κατὰ

908 1296 913 1318 t
930 1292 956 1318 in
974 1296 1088 1319 venturo
1107 1292 1206 1319 saeculo
1223 1291 1430 1319 retributionem
1450 1292 1548 1327 cuique
1571 1299 1668 1319 secun-

52 1339 83 1364 τ.¹ι
95 1337 167 1372 ἔργα
184 1337 277 1365 αὐτοῦ.

85 1381 148 1408 161.
160 1381 193 1407 Al
203 1381 321 1408 ἐναντίαι
332 1382 460 1417 δυνάμεις
470 1380 550 1418 ἦλθον
557 1382 682 1417 κατέχειν
693 1391 726 1418 με
737 1382 776 1414 είς
788 1391 840 1417 μα-

52 1426 181 1461 ταιότητα
196 1428 383 1462 ματαιοτήτων
393 1449 400 1460 ,
415 1428 463 1454 καὶ⁸
477 1428 652 1463 ἐπιμνησθεὶς
665 1429 715 1463 τῆς
727 1427 836 1454 αίωνίου

51 1473 168 1508 κρίσεως
185 1473 304 1509 ἐφοϐήθη
319 1474 335 1509 ή
351 1473 449 1510 καρδία
467 1483 516 1509 μου
533 1471 602 1501 εἶναι
621 1474 668 1501 σὺν
681 1474 781 1505 αὐτοῖς.

83 1519 149 1546 162.
163 1518 257 1550 Οὕτως
268 1519 355 1554 χαίρω
365 1519 405 1551 είς
419 1519 453 1546 τὰ
465 1519 544 1554 λόγιά
557 1528 615 1552 σου,
630 1520 667 1552 ὡς
679 1520 693 1546 ὁ
703 1520 836 1555 εὑρίσκων

51 1563 188 1599 θησαυρὸν
201 1563 366 1599 ἀμέτρητον.

84 1609 148 1636 165.
165 1609 258 1635 Πᾶσαν
272 1610 408 1646 ἁμαρτίαν
422 1610 541 1646 ἐμίσησα
551 1630 559 1642 ,
577 1610 623 1637 καὶ
640 1610 835 1646 βδελύσσομαν

52 1654 79 1681 τὸ
98 1654 127 1681 δὲ
146 1654 256 1689 ἀγαπᾷν
278 1663 308 1681 σε
334 1655 439 1682 καὶτὸν
456 1655 578 1691 πλησίον,
595 1657 667 1692 χαρά
685 1656 735 1692 μού
753 1659 836 1685 ἔστιν.

84 1699 149 1726 164.
164 1699 200 1726 To
216 1700 264 1735 μὲν
277 1701 384 1736 πρῶτον
394 1710 400 1716 ·
419 1701 565 1734 ἀπαύστως
579 1702 664 1738 ᾖνεσά
680 1711 731 1734 σοι,
749 1703 839 1730 ἐπιτε-

52 1746 87 1772 λῶ
105 1746 250 1782 διεγείρων
264 1747 368 1783 ἀγαθὴν
382 1748 431 1783 τὴν
447 1748 620 1784 δικαιοσύνην
634 1757 681 1777 σου
691 1757 699 1764 ⁸
716 1750 763 1777 καὶ
777 1750 837 1777 ἐτέ-

53 1801 105 1826 ρως
117 1792 149 1819 δὲ
166 1792 246 1819 πάλιν
261 1794 360 1820 νοεῖται
370 1802 376 1809 ·
394 1794 434 1820 ὃτι
450 1794 494 1821 διὰ
510 1794 563 1821 τῶν
576 1794 646 1821 ἑπτὰ
663 1796 838 1831 χαρισμάτων

53 1837 97 1864 τοῦ
117 1838 210 1873 φωτός
229 1847 276 1865 σου
290 1838 344 1865 τῶν
361 1840 455 1871 ἐντοῖς
474 1840 665 1876 προστάγμασι
676 1841 724 1876 τῆς
736 1841 839 1868 δικαιο-

54 1883 136 1919 σύνης
151 1892 199 1910 σου
213 1884 297 1919 ῇνεσά
313 1893 342 1911 σε
354 1883 428 1920 ἔργῳ
443 1885 490 1911 καὶ
504 1886 583 1921 λόγῳ.

88 1929 151 1956 165.
167 1928 200 1956 Ol
216 1929 296 1956 πόθον
307 1930 414 1965 ἔχοντες
432 1930 574 1966 πληρῶσαι
593 1932 639 1958 τὸν
653 1932 733 1967 νόμον
746 1940 793 1958 σου
806 1932 837 1958 οὐ

54 1974 236 2010 πολεμοῦνται
256 1975 391 2007 ὑπόοτινος
402 1996 408 2008 ,
425 1976 486 2002 οὐδέ
505 1977 578 2003 ἐστιν
592 1978 621 2004 ἐν
639 1978 728 2009 αὐτοῖς
745 1977 838 2004 ἐπιθυ-

57 2020 103 2053 μία
114 2028 160 2052 τις
176 2021 280 2057 πονηρά
289 2030 295 2036 ·
314 2021 421 2056 ἔχοντες
433 2022 486 2060 γὰρ
501 2024 529 2050 ὲν
545 2025 650 2055 ἑαυτοῖς
659 2023 708 2060 τὴν
720 2024 840 2060 ἀμέτρη-

54 2075 96 2094 τον
111 2066 194 2102 χάριν
208 2075 266 2099 σου,
279 2067 312 2102 ἢν
324 2068 478 2104 ἠγάπησας,
493 2069 630 2105 βοηθοῦσι,
644 2070 690 2096 καὶ
702 2070 839 2097 διδάσκου-

55 2121 94 2138 σιν
108 2112 220 2144 αὐτούς.

886 1337 950 1364 dum
966 1345 1046 1373 opera
1062 1338 1132 1372 ejus.

923 1381 985 1409 161.
995 1381 1146 1409 Contraria!
1159 1384 1308 1416 potestates
1322 1385 1465 1413 venerunt,
1479 1387 1509 1409 ut
1519 1382 1670 1410 detinerent

891 1436 935 1456 me
952 1429 980 1456 in
997 1429 1114 1456 vanitate
1129 1429 1275 1456 vanilatum
1289 1449 1296 1462 ,
1311 1433 1338 1456 et
1353 1429 1508 1457 recordatus
1523 1431 1616 1457 aeterni
1627 1429 1670 1464 ju-

891 1475 955 1502 dicii
970 1475 1093 1502 extimuit
1109 1483 1155 1503 cor
1169 1483 1259 1502 meum
1277 1483 1338 1503 esse
1357 1483 1418 1503 cum
1435 1476 1512 1510 ipsis.

926 1519 986 1547 162.
997 1520 1035 1547 Ita
1048 1521 1152 1555 gaudeo
1167 1521 1193 1548 in
1208 1522 1325 1556 eloquiis
1338 1521 1403 1554 tuis,
1413 1521 1483 1549 sicut
1495 1521 1542 1556 qui
1556 1521 1670 1548 immen-

889 1572 949 1593 sum
965 1566 1123 1593 thesaurum
1137 1566 1250 1593 invenit.

924 1609 984 1636 165.
995 1609 1064 1637 0dio
1078 1610 1170 1643 habui,
1184 1616 1210 1638 et
1221 1610 1363 1638 abominor
1373 1619 1453 1638 omne
1463 1615 1602 1646 peccatum
1613 1619 1620 1643 ;
1632 1611 1671 1638 di-

889 1655 971 1691 ligere
985 1660 1075 1682 autem
1089 1661 1114 1683 te
1129 1660 1156 1682 et
1172 1657 1342 1690 proximum,
1360 1657 1488 1692 gaudium
1507 1664 1596 1683 meum
1616 1661 1668 1684 est.

924 1700 987 1728 164.
1013 1701 1135 1729 Primum
1160 1702 1268 1737 quidem
1287 1711 1294 1729 :
1311 1702 1479 1730 incessanter
1503 1701 1610 1730 laudavi
1633 1705 1669 1735 te,

889 1754 988 1782 perago
1010 1748 1132 1775 excitans
1152 1747 1287 1782 justitiam
1305 1752 1378 1775 tuam
1393 1748 1492 1775 bonam
1509 1757 1516 1775 ι
1531 1748 1609 1775 aliter
1621 1755 1670 1774 au-

890 1797 943 1820 tem
963 1793 1043 1820 etiam
1061 1793 1219 1829 intelligitur
1231 1803 1238 1820 :
1250 1793 1322 1828 quod
1339 1801 1388 1829 per
1404 1799 1504 1828 septem
1530 1794 1598 1821 lucis
1617 1799 1670 1820 tua

889 1838 972 1871 dona,
987 1846 1048 1873 qum
1063 1838 1090 1865 in
1103 1839 1243 1874 praeceptis
1255 1839 1368 1874 justitiae
1384 1843 1437 1866 tum
1450 1843 1523 1871 sunt,
1537 1845 1627 1873 opere.
1643 1843 1671 1867 ot

890 1883 972 1910 verbo
985 1883 1091 1910 laudavi
1109 1887 1144 1910 te.

926 1929 986 1956 165.
1002 1929 1053 1962 Qui
1066 1929 1220 1956 desiderant
1231 1929 1343 1964 implere
1356 1929 1443 1964 legem
1455 1933 1541 1960 tuam,
1557 1935 1573 1955 a
1583 1928 1670 1954 nemi-

889 1980 922 2000 ne
938 1973 1130 2007 impugnantur
1140 1992 1148 2006 ,
1163 1979 1252 2007 neque
1265 1977 1307 2000 est
1323 1973 1350 2000 in
1365 1973 1431 2007 ipsis
1446 1972 1535 2007 aliqua
1548 1971 1670 2006 improba

890 2019 1023 2054 cupiditas
1036 2029 1043 2047 :
1056 2019 1185 2047 habentes
1195 2019 1265 2047 enim
1279 2019 1306 2046 in
1318 2019 1414 2054 seipsis
1425 2019 1584 2046 immensam
1595 2023 1671 2045 tuam

890 2066 1016 2101 gratiam.
1032 2073 1115 2100 quam
1133 2065 1274 2098 dilexisti,
1291 2065 1440 2100 adjuvant,
1456 2069 1481 2093 et
1496 2065 1593 2092 docent
1610 2071 1668 2092 eos.

88 2158 153 2185 166.
171 2157 338 2184 Ἀπέϐλεπον
353 2160 393 2191 είς
402 2160 451 2195 τὴν
466 2160 573 2187 αἰώνιον
581 2159 671 2196 ζωὴν,
688 2160 781 2197 Κύριε,
793 2162 840 2189 καὶ

928 2163 987 2190 166.
1005 2163 1119 2198 Respexi
1136 2163 1163 2190 in
1175 2167 1303 2190 aeternam
1319 2162 1412 2194 vitam,
1428 2162 1549 2194 Domine,
1564 2167 1591 2190 et
1604 2169 1670 2197 pro-

55 2203 96 2229 διὰ
111 2202 192 2230 τοῦτο
211 2204 282 2239 ἅπερ
298 2205 467 2240 προσέταξάς
486 2214 540 2241 μοι,
554 2206 639 2241 ἡδέως
652 2204 733 2242 εἶχον.

89 2248 152 2276 167.
164 2249 309 2285 Μέμνηται
318 2250 360 2276 ἀεὶ
371 2250 426 2277 τῶν
436 2251 508 2286 παθη
514 2251 605 2286 μάτων
615 2261 661 2278 σου
671 2253 687 2287 ὴ
696 2253 767 2288 ψυχή
779 2262 840 2288 μου.

56 2294 101 2322 καὶ
116 2295 265 2329 ὲγκείμενά
280 2295 353 2322 ἐστιν
369 2296 412 2323 ἀεὶ
427 2296 471 2323 διὰ
484 2297 534 2332 τῆς
550 2299 659 2334 μνήμης
673 2299 712 2331 είς
727 2299 776 2334 τὴν
789 2299 842 2326 διά-

55 2349 129 2368 νοιαν
141 2342 225 2376 αὐτῆς
238 2343 317 2369 πάνυ.

91 2386 154 2413 168.
175 2386 311 2420 Ἐλςύλαξα
331 2389 358 2414 ὲν
378 2389 489 2424 ἐμαυτῷ
509 2390 578 2426 ὅπερ
591 2391 770 2426 -προσέταξάς
785 2401 840 2427 μοι,

57 2432 102 2457 καὶ
116 2431 316 2467 διεμαρτύρουν
332 2442 376 2469 μοι
390 2435 490 2467 πάντες
503 2436 620 2472 σφόδρα,
636 2436 729 2473 ὥσπερ
752 2438 841 2464 ἐπιτε-

57 2476 108 2502 λῶν
123 2476 205 2513 [ὅπερ
218 2478 372 2515 ἐπετέλουν]
389 2479 462 2516 ἔργῳ
479 2481 526 2507 καὶ
541 2482 621 2518 λόγῳ.

92 2521 154 2550 169.
167 2522 262 2554 Οὕτως
277 2524 399 2560 ἰσχυρὰν,
413 2527 458 2552 καὶ
469 2526 584 2562 δυνατὴν
596 2528 707 2563 ποίησον
723 2529 771 2564 τὴν
782 2529 841 2564 δέη-

59 2567 98 2593 σίν
119 2576 170 2602 μου
180 2588 187 2599 ,
207 2568 278 2595 ὥστε
294 2569 440 2606 δυνηθῆναι
455 2572 537 2608 αὐτὴν
551 2573 711 2601 ἀνελθοῦσαν
731 2574 842 2610 πλησίον

59 2620 105 2639 σου
122 2613 277 2649 εὑρεθῆναι.
300 2616 335 2642 Ἦ
352 2617 449 2643 πάλιν·
465 2619 549 2650 Αὐτὸς
570 2619 664 2646 ἑαυτὸν
688 2620 781 2651 κλίνας
799 2621 842 2647 διὰ

59 2657 108 2691 τῆς
124 2659 327 2695 φιλανθρωπίας
342 2662 454 2696 πλησίον
475 2664 559 2699 αὐτῆς
571 2665 650 2698 γένου
665 2664 768 2701 [γενοῦ]
778 2686 784 2696 ,
799 2666 843 2693 ’ίνα

60 2701 120 2730 οὗτε
132 2703 240 2741 [οὖτωςζ
254 2706 351 2742 ὲγγίσῃ
370 2716 432 2742 μου,
451 2708 498 2735 καὶ
513 2709 603 2741 καθὼς
619 2707 711 2743 εἶπας,
722 2710 841 2743 Αἰτεῖτε,

60 2749 108 2775 καὶ
129 2749 288 2784 δοθήσεται
305 2752 385 2786 ὑμῖν,
405 2753 449 2784 δός
465 2763 510 2789 μοι
525 2755 679 2791 αἰτουμένῳ
694 2755 744 2791 τὴν
764 2758 843 2792 χάριν

61 2801 116 2825 σου,
134 2795 181 2821 καὶ
194 2796 223 2822 ὲν
238 2797 307 2832 αὐτῇ
325 2799 462 2825 συνέτισόν
478 2809 520 2835 με.

95 2852 116 2867 ³⁸
132 2852 224 2880 Matth.
241 2862 285 2887 vn,
303 2855 327 2883 7.

892 2213 983 2243 pterea
998 2216 1058 2242 quae
1083 2208 1235 2243 praecepisti
1251 2208 1335 2241 mihi,
1360 2208 1454 2236 suavia
1469 2208 1535 2235 mihi
1550 2208 1669 2235 fuerunt.

927 2253 988 2280 167.
1002 2252 1151 2280 Ιὶεοονόθιει
1161 2257 1202 2280 est
1213 2261 1319 2288 semper
1329 2253 1485 2288 passionum
1496 2259 1603 2280 tuarum
1612 2253 1672 2280 ani—

893 2306 935 2324 ma
951 2301 1056 2330 mea,et
1069 2298 1254 2326 recordatione
1266 2306 1371 2333 semper
1381 2299 1470 2326 inﬁxae
1481 2303 1545 2326 sunt
1557 2299 1584 2326 in
1596 2305 1673 2326 metr

891 2349 917 2371 te
933 2344 992 2378 ejus
1004 2343 1091 2370 valde.
1293 2339 1295 2341 ’

893 2411 894 2414 η
930 2390 990 2417 168.
1007 2388 1147 2416 Custodivi
1165 2389 1191 2415 in
1205 2397 1249 2416 me
1265 2397 1323 2424 ipso
1338 2389 1409 2424 quod
1425 2389 1574 2424 praecepisti
1595 2389 1671 2422 mihi,

893 2438 919 2461 et
933 2433 1104 2461 testabantur
1115 2433 1182 2460 mihi
1194 2441 1289 2461 omnes
1303 2434 1485 2466 vehementer,
1505 2433 1577 2468 quod
1591 2440 1674 2468 opere

892 2483 920 2506 et
934 2487 1059 2506 sermone
1074 2479 1255 2514 perﬁciebam.

929 2524 990 2552 169.
1005 2524 1042 2552 Ita
1057 2525 1175 2552 validam
1198 2533 1230 2552 ac
1245 2530 1381 2560 potentem
1394 2526 1476 2554 redde
1490 2526 1671 2561 precationem

893 2578 992 2602 meam.
1009 2574 1038 2598 ut
1051 2571 1174 2605 proxime
1187 2571 1220 2598 ad
1233 2575 1258 2598 te
1273 2571 1361 2599 valeat
1379 2572 1437 2606 ipsa
1453 2572 1603 2607 pervenire.
1620 2572 1674 2598 Aut

893 2617 946 2645 alio
965 2619 1064 2644 modo:
1080 2618 1249 2644 humanitate
1279 2622 1306 2645 te
1329 2618 1418 2652 ipsum
1439 2618 1572 2645 inclinans
1589 2625 1674 2652 prope

893 2671 953 2690 cam
968 2664 1016 2695 sis,
1033 2667 1063 2691 ut
1077 2664 1129 2691 hoc
1142 2664 1223 2691 modo
1237 2663 1304 2690 mihi
1317 2664 1525 2698 appropinques,
1539 2667 1566 2689 et
1579 2670 1674 2698 quem-

895 2709 1041 2737 admodum
1068 2709 1160 2736 dixisti
1184 2718 1190 2736 :
1211 2708 1306 2741 Petita,
1334 2715 1358 2736 ει
1385 2709 1491 2736 dabitur
1512 2708 1672 2742 uobis",da

894 2755 962 2782 mihi
978 2755 1078 2790 petenti
1107 2755 1203 2782 ratiam
1217 2759 1302 2783 tuam.
1317 2760 1343 2782 et
1355 2755 1382 2781 in
1400 2755 1457 2790 ipsa
1469 2754 1503 2782 da
1514 2754 1581 2782 mihi
1593 2755 1675 2783 intel-

895 2801 1003 2829 lectum.
