1884 3047
243 160 313 189 (907

663 160 690 186 5.
712 157 898 185 ATHANASII
920 158 996 184 OPP.
1018 157 1108 183 PARS
1128 156 1172 183 Ill.
1191 172 1222 177 —-
1236 157 1444 185 EXEGETICA.

1798 161 1860 188 {26-8

276 218 337 246 I70.
353 217 436 245 Intret
450 218 597 253 postulatio
613 225 670 245 mea
688 218 713 244 in
729 221 876 252 conspectu
893 222 949 250 tuo,
970 217 1023 245 Do-
1039 244 1040 247 η

1111 217 1172 244 170.
1190 216 1311 243 Εῑσέλθοι
1329 217 1359 243 τδ
1371 216 1479 252 ἀξίωμά
1494 225 1545 252 μου
1559 216 1674 243 ἐνώπιόν
1686 225 1752 249 σου,
1771 218 1860 254 Κύριε,

239 265 312 293 mine
323 285 331 298 ,
349 264 497 292 secundum
512 265 649 298 eloquium
666 269 742 291 tuum
758 264 832 298 eripe
849 271 901 290 me.

274 310 335 338 ΠΙ.
353 309 523 338 Eructabunt
536 310 606 337 labia
619 318 677 337 mea
688 310 830 345 hymnum.
844 318 904 337 cum
921 310 1024 337 docue-

239 356 277 384 ris
294 364 337 384 me
353 356 562 390 justiticationes
580 361 651 383 tuas.

274 403 335 430 I72.
355 402 546 430 Pronuntiabit
572 403 663 438 lingua
682 409 741 430 mea
767 402 906 437 eloquium
931 407 1021 434 tuum,

238 450 300 485 quia
315 449 407 477 omnia
423 450 549 477 mandata
567 455 612 476 tua
628 450 752 484 aequitas.

273 495 333 523 175.
350 495 410 523 Fiat
422 503 520 524 manus
535 502 579 523 tua
593 500 622 522 ut
635 496 719 523 salvet
734 503 786 527 me,
799 495 930 530 quoniam
943 503 1022 522 man-

237 540 298 568 data
315 545 360 568 tua
374 541 452 576 elegi.

272 585 332 613 I74.
346 586 495 621 Concupivi
511 587 631 614 salutare
640 591 716 614 tuum
736 586 860 619 Domine,
873 590 900 614 et
913 587 956 613 lex
975 591 1020 614 tua

237 632 375 659 meditatio
391 640 451 660 mea
462 637 513 660 est.

273 677 335 704 17³5.
352 677 426 705 Vivet
436 679 526 705 anima
545 686 614 711 mea,
627 684 653 706 et
667 679 790 706 laudabit
805 684 841 713 te,
859 684 887 708 et
914 679 1016 715 judicia

239 728 284 750 tua
295 723 460 758 adjurabunt
476 732 529 751 me.

273 771 334 798 176.
350 771 444 799 Erravi
458 772 529 800 sicut
547 772 607 799 ovis
617 779 677 807 qum
694 772 783 807 periit,
802 780 895 808 quaere
908 780 1018 801 servum

237 822 324 851 tuum,
335 817 398 852 quia
414 818 540 845 mandata
556 821 601 844 tua
613 825 667 844 non
681 825 741 844 sum
755 817 867 844 oblitus.

1075 264 1144 290 κατᾶ
1159 264 1189 290 τὸ
1205 263 1294 298 λόγιόν
1312 272 1358 289 σου
1374 263 1453 298 ῥῦσαί
1473 273 1516 298 με.

1110 309 1171 336 171.
1181 309 1386 345 Ἐξερεύεαιντο
1401 309 1435 336 τὰ
1448 309 1525 345 χείλη
1540 318 1590 344 μου
1604 308 1699 344 ὕμνον,
1717 309 1782 336 ὅταν
1796 310 1859 336 ansa.

1074 356 1122 392 ξῃς
1141 365 1173 391 με
1186 357 1221 382 τὰ
1234 356 1408 391 δικαιώματά
1420 365 1475 383 σου.

1110 402 1172 429 172.
1189 402 1337 436 Φθέγξαιτο
1357 403 1373 438 ἠ
1390 402 1501 436 γλῶσσά
1525 410 1577 436 μου
1592 401 1627 428 τὰ
1641 401 1720 434 λόγιά
1742 410 1804 434 σου,
1823 403 1858 429 ὅτι

1074 448 1160 474 πᾶσαι
1174 448 1201 474 αξ
1216 447 1322 474 ὲντολαί
1339 455 1386 474 σου
1403 447 1568 482 δικαιοσύνη.

1110 493 1172 520 I73.
1188 492 1310 519 Γενέσθω
1323 494 1339 526 ἡ
1355 493 1416 529 χείρ
1428 502 1474 520 σου
1487 493 1533 520 τοῦ
1547 493 1634 520 σῶσαί
1650 502 1694 529 με,
1709 494 1749 520 ὅτι
1761 494 1810 525 τὰς
1819 495 1856 520 ὲν-

1072 540 1152 572 τολάς
1166 548 1212 566 σου
1226 540 1407 576 ῄρετισάμην.

1109 586 1169 612 174.
1188 586 1362 621 Ἒπεπόοησα
1383 586 1414 613 τὸ
1440 586 1574 622 σωτήριόν
1591 595 1650 618 σου,
1666 587 1762 622 Κύριε,
1787 587 1829 613 καὶ
1844 587 1857 614 ὁ

1072 631 1152 666 νόμος
1171 640 1217 658 σου
1236 632 1333 667 μελέτη
1349 632 1401 667 μού
1420 633 1488 658 ἐστι.

1110 677 1170 704 175.
1187 678 1302 713 Ζήντεται
1318 679 1333 713 ἡ
1350 679 1425 713 ψυχή
1445 687 1507 713 μου,
1526 679 1572 704 καὶ
1590 678 1693 705 αἰνέσει
1707 687 1747 710 σε,
1768 678 1813 705 καὶ
1825 679 1857 705 τὰ

1075 723 1196 760 κρίματά
1210 732 1256 750 σου
1273 724 1402 759 βοηθήσει
1419 733 1475 759 μοι.

1111 770 1170 797 Πϐ.
1191 771 1361 806 Ὲπλανήθην
1374 771 1412 802 ὡς
1426 771 1563 806 πρόϐατον
1573 771 1714 802 ἀπολωλός
1727 779 1733 786 υ
1747 770 1858 805 ζήτησον

1038 825 1060 853 Β
1074 816 1118 843 τὸν
1132 815 1223 843 δοῦλόν
1242 825 1299 850 σου,
1316 817 1356 843 ὅτι
1368 817 1416 848 τὰς
1433 817 1544 849 ὲντολάς
1560 826 1610 844 σου
1619 818 1670 844 οὐκ
1681 817 1857 852 ἐπελαθόμην.

821 909 906 935 ΨΑΛ.
922 908 998 937 PIII'.
1013 907 1117 934 PSAL.
1135 906 1253 934 CXVIII.

270 980 295 1006 Ι.
314 979 461 1014 Μακάριοι,
479 983 532 1006 etc.
547 978 632 1010 Beati,
647 983 700 1006 etc.

266 1026 294 1053 2.
312 1026 345 1052 οι
360 1025 548 1061 πορευόμενοι,
566 1030 619 1052 etc.
638 1024 690 1058 Qui
709 1024 860 1056 ambulant,
875 1027 928 1050 etc.

269 1070 294 1099 3.
311 1072 459 1108 Μακάριοι,
474 1076 527 1099 etc.
542 1071 627 1103 Beati,
641 1075 694 1098 etc.

1108 976 1134 1002 4.
1156 977 1199 1003 Ἐν
1216 976 1274 1013 ὅλῃ,
1289 981 1341 1004 etc.
1356 975 1383 1003 In
1403 980 1470 1008 toto,
1486 982 1539 1004 etc.

1109 1022 1135 1049 εἰ.
1148 1022 1186 1049 Οὐ
1201 1022 1267 1058 γάρ,
1281 1027 1334 1050 etc.
1347 1021 1407 1050 Non
1426 1023 1514 1055 enim,
1532 1026 1584 1050 etc.

795 1138 980 1168 ATHANASII
1006 1135 1297 1165 INTERPRETA'I‘IO.

268 1211 330 1239 170.
345 1211 425 1246 Aperi
439 1215 531 1246 portas
544 1211 673 1238 caelorum
693 1215 802 1239 tuarum
813 1232 820 1243 ,
844 1214 872 1238 et
888 1210 1019 1244 depreca-

236 1258 335 1284 tionem
354 1264 441 1283 meam
460 1257 569 1291 recipe,
593 1255 822 1291 quemadmodum
845 1255 936 1282 dixisti
951 1263 957 1281 :
972 1253 1019 1281 In-

235 1311 297 1329 oaca
310 1310 350 1329 me
363 1303 391 1329 in
406 1302 449 1329 die
464 1302 644 1329 tribulationis
660 1306 722 1334 tua,
735 1306 759 1329 et
769 1309 860 1328 eruam
876 1306 909 1333 te,
924 1305 948 1327 et
961 1300 1019 1335 glo-

235 1348 351 1383 riﬁcabis
368 1356 408 1374 me
419 1348 442 1364 ⁷⁰
457 1357 464 1374 :
480 1348 516 1375 ita
541 1356 615 1376 nunc
638 1348 777 1383 excipiens
800 1347 1018 1382 deprecationem

235 1402 323 1422 meam
342 1394 424 1421 libera
443 1402 494 1421 me.

273 1439 333 1467 ΠΙ.
347 1438 481 1475 Hymnum
495 1439 639 1474 rependam
653 1438 808 1474 gloriﬁcans
824 1443 849 1465 te
859 1458 866 1469 ,
882 1445 943 1464 cum
961 1437 1021 1464 illu-

235 1485 352 1513 minabis
367 1493 410 1512 me
428 1485 461 1512 ad
488 1485 675 1521 intelligendas
698 1488 724 1512 et
739 1484 876 1513 faciendas
888 1483 1022 1519 justitica-

235 1532 324 1559 tiones
339 1535 409 1558 tuas.

271 1577 332 1604 1-72.
354 1576 463 1612 Loquar
478 1576 643 1604 conﬁdenter
659 1583 813 1604 sermonem
831 1580 907 1603 tuum
920 1594 927 1608 ,
950 1581 1022 1609 quo—

234 1623 307 1650 niam
321 1623 355 1650 ah
377 1623 454 1650 initio
469 1631 555 1657 usque
569 1623 596 1650 in
619 1622 699 1650 ﬁnem
721 1622 827 1658 iustitia
853 1625 935 1653 sunt,
961 1627 1022 1656 qua:

236 1669 370 1696 mandasti
387 1669 475 1696 nobis.

273 1715 332 1742 175.
347 1714 470 1750 ΡΓκριιι-ιλ
484 1715 597 1751 gratiam
609 1720 683 1743 tuam
697 1715 731 1742 ad
744 1714 950 1742 custodiendum
965 1723 1018 1748 me,

236 1762 364 1796 quoniam
380 1766 513 1796 praecepta
526 1766 570 1788 tua
586 1762 664 1797 elegi.

271 1808 330 1835 174.
347 1808 513 1839 Desideravi,
529 1808 652 1841 Domine,
668 1815 834 1843 cognoscere
859 1807 1019 1835 manilesta-

237 1854 339 1881 tionem
368 1859 565 1889 praeceptorum
594 1859 713 1886 tuorum,
735 1859 876 1888 propterea
902 1853 1018 1888 exquiro

235 1899 405 1934 singularum
418 1898 621 1934 Scripturarum
639 1898 857 1933 explicationem.

271 1945 332 1972 I75.
350 1944 461 1972 Vivilica
483 1945 602 1973 animam
619 1953 706 1972 meam
727 1952 774 1979 per
792 1944 907 1980 gratiam
929 1948 1016 1976 tuam,

232 1992 260 2014 et
287 1988 346 2023 ejus
363 1989 464 2016 auxilio
491 1992 517 2016 te
539 1988 663 2016 laudabit
683 1998 690 2016 :
707 1992 733 2016 et
755 1989 857 2024 judicia
875 1993 920 2015 tua
939 1996 1014 2015 arma

232 2034 300 2061 mihi
313 2034 368 2062 sint
380 2035 510 2062 adversus
521 2035 673 2062 contrarias
685 2039 842 2070 potestates.

1107 1205 1164 1233 I70.
1179 1205 1301 1238 ’Ᾱνοιξον
1314 1204 1363 1236 τὰς
1376 1205 1464 1237 πύλας
1478 1205 1533 1232 τῶν
1544 1206 1669 1241 οὐρανῶν
1682 1215 1740 1239 σου,
1753 1207 1799 1234 καὶ
1812 1210 1852 1243 τήν

1070 1251 1242 1287 παράκλησίν
1254 1260 1304 1286 μου
1316 1250 1402 1284 δέξαι,
1416 1251 1507 1283 καθὼς
1520 1249 1615 1283 εἶπας·
1635 1253 1852 1279 Ἑπικαλέσεταί

1066 1307 1105 1333 με
1125 1297 1315 1334 [ὲπικάλεσαί
1327 1297 1378 1334 με]
1393 1297 1429 1325 ἐν
1452 1298 1546 1332 ἡμέρᾳ
1564 1298 1697 1332 θλὶψεώς
1711 1306 1770 1326 σου
1781 1320 1789 1331 ,
1811 1300 1853 1325 καὶ

1069 1344 1231 1378 ἐξελοῦμαί
1251 1351 1288 1370 σε
1298 1364 1305 1375 ,
1321 1344 1370 1370 καὶ
1385 1343 1525 1377 δοξάσεις
1536 1353 1574 1379 με
1587 1353 1592 1359 ·
1610 1345 1699 1377 οὕτως
1711 1345 1770 1377 νῦν,
1786 1345 1852 1378 δεξα-

1034 1405 1057 1437 c
1073 1389 1155 1425 μένου
1172 1399 1222 1426 μου
1237 1390 1286 1426 τὴν
1300 1390 1488 1437 τταράκλησιν,
1505 1390 1585 1426 ῥῦσαί
1602 1399 1646 1426 με.

1109 1435 1169 1461 ΓΗ.
1187 1434 1344 1469 Ἀνέπιμψα
1363 1433 1559 1471 [Ἆναπέμψω]
1577 1435 1662 1471 ὕμνον
1677 1435 1796 1468 δοξάζων
1817 1444 1852 1467 σε,

1071 1481 1135 1507 ὅταν
1152 1481 1272 1518 φωτισῃς
1286 1489 1319 1516 με
1335 1479 1368 1508 τὰ
1382 1480 1555 1516 δικαιώματά
1572 1490 1636 1514 σου,
1653 1482 1702 1508 καὶ
1716 1483 1799 1514 νοεῖν,
1813 1482 1853 1508 καὶ

1073 1526 1213 1561 πράττειν.

1108 1571 1170 1599 I72.
1198 1572 1315 1608 Δαλήσω
1327 1572 1372 1598 τδν
1386 1572 1463 1607 λόγον
1480 1581 1527 1599 σου
1548 1573 1616 1609 μετὰ
1630 1574 1802 1610 παρρησίας,
1818 1575 1852 1600 ὅτι

1072 1619 1120 1645 ἀπ’
1134 1618 1220 1654 ἀρχῆς
1231 1619 1283 1650 ἕως
1297 1618 1389 1650 τέλους
1403 1618 1558 1655 δικαιοσύνη
1577 1619 1657 1652 εἰσιν,
1673 1619 1747 1655 ἅπερ
1762 1620 1852 1647 ἐνετεί-

1072 1663 1110 1690 λω
1124 1665 1187 1699 ὑμῖν
1203 1664 1230 1700 [ἡ
1235 1664 1303 1700 μῖν].

1109 1709 1169 1736 175.
1190 1710 1357 1746 Εὐτρέπισον
1371 1710 1419 1746 τὴν
1437 1710 1516 1746 χάριν
1534 1719 1579 1738 σου
1597 1710 1647 1747 [εἰς
1658 1710 1701 1747 τὸ]
1720 1711 1852 1746 φυλάττειν

1075 1763 1118 1790 με,
1133 1755 1174 1781 ὅτι
1191 1755 1241 1786 τὰς
1256 1756 1367 1787 ἐντολάς
1384 1764 1430 1782 σου
1448 1755 1623 1792 ἐξελεξάμην.

1110 1799 1170 1826 174.
1189 1799 1363 1836 Ἐπεπόθησα
1383 1800 1494 1835 γνῶναι,
1516 1801 1610 1837 Κύριε,
1632 1801 1682 1838 τὴν
1708 1803 1851 1838 φανέρωσιν

1071 1845 1126 1872 τῶν
1139 1847 1359 1881 προσταγμάτων
1374 1856 1420 1874 σου
1434 1856 1440 1862 ’
1460 1848 1503 1874 διὰ
1515 1848 1595 1875 τοῦτο
1607 1849 1732 1884 ἐπιζητῶ
1743 1849 1849 1882 ἑκάστης

1073 1892 1183 1928 Γραφῆς
1194 1892 1243 1928 τὴν
1255 1893 1389 1920 ἐπίλυσιν.

1108 1939 1168 1966 I75.
1187 1940 1358 1975 Ζωοποίησον
1370 1941 1419 1976 τὴν
1435 1940 1524 1977 ψυχήν
1549 1950 1600 1977 μου
1624 1941 1668 1968 διὰ
1688 1942 1739 1977 τῆς
1751 1942 1850 1977 χάριτός

1072 1994 1129 2018 σου,
1142 1986 1189 2012 καὶ
1205 1986 1307 2012 αἰνέσει
1322 1986 1368 2022 [σε
1380 1986 1389 2022 ]
1405 1987 1439 2013 δι’
1450 1988 1535 2022 αὐτῆς
1547 1996 1553 2002 ·
1571 1988 1617 2014 καὶ
1631 1988 1666 2014 τὰ
1679 1988 1799 2024 κρίματα
1807 1996 1847 2014 σου

1070 2032 1140 2059 ὅπλα.
1157 2041 1201 2068 μοι
1215 2033 1336 2067 γένοιντο
1352 2033 1422 2060 κατὰ
1435 2033 1489 2060 τῶν
1506 2034 1634 2061 ἐναντίων
1646 2034 1795 2070 δυνάμεων.

269 2081 329 2109 1Ἰ6.
346 2081 442 2109 Erravi
458 2082 615 2117 relinquens
633 2086 658 2109 te
675 2089 768 2108 verum
792 2086 930 2116 pastorem
944 2089 951 2107 :
971 2080 1017 2107 sed
1036 2074 1040 2101 Ἰ

1108 2077 1170 2104 176.
1195 2076 1364 2112 Ἑπλανήθην
1376 2077 1534 2104 καταλιπών
1546 2086 1576 2104 σε
1593 2077 1638 2104 τὸν
1652 2077 1777 2114 ἀληθινὸν
1795 2085 1847 2102 ποι-

232 2129 374 2163 cognoscis
391 2129 436 2157 ubi
451 2137 528 2162 sum;
546 2129 588 2157 l‘ae
612 2133 642 2157 ut
662 2129 729 2157 velis
748 2137 791 2156 me
811 2128 938 2163 reperire,
952 2135 1020 2163 quo-

232 2174 306 2202 niam
332 2176 414 2202 etiam
432 2176 603 2204 errabundus
629 2175 775 2208 exsistens,
799 2178 928 2210 tanquam
959 2173 1017 2201 Ovis

232 2221 354 2249 clamans
377 2230 469 2257 quam)
491 2226 528 2255 te,
549 2228 577 2249 et
599 2229 707 2258 gregem
735 2226 824 2254 tuum,
855 2221 957 2248 timens
981 2227 1018 2246 ne

232 2272 342 2302 propter
353 2275 443 2295 meum
457 2274 595 2303 peceatum
608 2274 635 2296 et
645 2269 672 2295 in
686 2268 803 2303 praedam
827 2267 877 2294 sim
898 2271 1011 2293 contra-

232 2314 282 2342 riis
295 2315 488 2349 potestatibus.

272 2387 305 2413 'H
321 2387 488 2422 προκειμένη
507 2387 646 2423 ἐπιγραφὴ
670 2388 687 2422 ἡ
705 2386 749 2413 διὰ
765 2385 815 2420 τῆς
828 2383 1016 2418 κινναὸάρεως

231 2433 364 2468 περιέχει,
377 2437 427 2460 etc.
446 2432 641 2468 Ἐρμηνεὺεται
656 2433 793 2467 διαφόρως
811 2432 859 2458 καὶ
875 2431 1011 2466 πολυτρὸ-

231 2487 291 2511 ττως
301 2479 352 2511 εἰς,
365 2483 418 2506 etc.
441 2479 514 2514 ἡμᾶς
538 2478 768 2514 προτρεπόμενον.
786 2477 894 2505 Titulus
907 2485 1015 2512 praepo-

232 2524 302 2552 situs
318 2524 458 2552 cinnabari
472 2525 590 2559 scriptus
601 2525 732 2557 continet,
750 2530 803 2551 etc.
819 2523 1015 2557 Interpretatur

232 2570 338 2597 diverse
347 2573 374 2597 et
384 2570 458 2597 varie
470 2569 504 2596 ad
520 2570 634 2605 hymnos
642 2574 669 2597 et
681 2570 787 2597 laudem
802 2578 851 2597 nos
859 2570 1016 2597 exhortans.

268 2616 295 2642 1.
312 2615 451 2651 Μακάριοι
464 2616 489 2642 οἱ
504 2615 574 2642 κατὰ
589 2616 635 2642 τὸν
662 2615 731 2642 Ἰώϐ.
757 2616 794 2642 Τὸ
810 2616 915 2650 Ἀλεφ,
929 2615 959 2642 τὸ
975 2615 1018 2642 διὰ

231 2660 281 2696 τῆς
302 2661 486 2697 κινναϐάρεως
502 2661 714 2697 παρακείμενον,
728 2660 908 2698 ἑρμηνεύεται
937 2661 1016 2696 ἁρχὴ

231 2706 389 2742 στόματος,
412 2707 550 2734 τουτέστιν
577 2709 592 2734 ὀ
612 2707 760 2740 δυνάμενος
791 2707 828 2743 μὴ
853 2707 959 2734 πταίειν
989 2707 1018 2733 ἐν

231 2751 311 2788 λόγῳ,
325 2750 403 2785 οὗτος
414 2754 515 2786 τέλειος
525 2754 605 2789 ἀνήρ.
622 2754 709 2786 Beati,
723 2754 771 2789 qui
785 2755 934 2782 secundum
948 2754 1011 2783 Job.

233 2799 316 2834 Διερὴ
346 2801 486 2828 cinnabari
519 2800 608 2828 versui
638 2801 788 2836 ascriptum
820 2800 1017 2836 interpretatur

271 2858 295 2873 ’θ
311 2858 381 2885 I‘sal.
400 2866 472 2891 xua,
492 2859 532 2886 l5.
585 2859 605 2875 ⁷¹
623 2857 679 2886 Jac.
700 2866 741 2889 III,
757 2859 784 2884 2.

1072 2124 1156 2159 μένα·
1172 2123 1240 2150 ἀλλὰ
1256 2123 1403 2158 γινώσκεις
1420 2124 1470 2150 ποῦ
1486 2124 1559 2159 εἰμι’
1573 2124 1687 2159 θέλησον
1705 2125 1791 2160 εὑρεῖν
1807 2131 1845 2157 με,

1068 2171 1109 2197 ὅτι
1121 2171 1168 2198 καὶ
1179 2170 1391 2207 πεπλανημένος
1410 2170 1447 2197 ὢν
1462 2171 1500 2202 ὡς
1523 2170 1658 2206 πρὸὃατον
1674 2170 1792 2197 ἀναϐοῶν
1805 2168 1847 2203 ξη-

1067 2217 1120 2244 τῶν
1135 2217 1145 2253 [η
1155 2216 1249 2253 ζητῶ]
1266 2226 1306 2248 σε,
1322 2217 1371 2243 καὶ
1393 2217 1443 2252 τὴν
1459 2216 1508 2252 σὴν
1523 2217 1642 2252 ποίμνην
1655 2237 1662 2248 ,
1680 2217 1844 2252 φοϐούμενος.

1070 2263 1173 2298 μήποτε
1185 2261 1230 2288 διὰ
1243 2262 1292 2296 τῆς
1306 2261 1445 2297 ἁμαρτίας
1460 2270 1511 2296 μου
1531 2262 1579 2288 καὶ
1591 2261 1759 2298 θηριάλωτος
1769 2260 1846 2295 γένω-

1072 2316 1120 2343 μαι
1133 2306 1185 2334 ὑπὸ
1197 2307 1251 2333 τῶν
1266 2307 1395 2334 ἐναντίων
1407 2307 1558 2342 δυνάμεων.

1070 2379 1234 2414 principatus
1247 2378 1311 2412 oris,
1324 2378 1377 2406 hoc
1390 2382 1433 2405 est
1445 2397 1453 2410 ,
1468 2378 1515 2412 qui
1539 2381 1629 2412 potest
1650 2385 1704 2405 non
1722 2376 1843 2405 oﬂ'endere

1072 2425 1099 2452 in
1116 2424 1209 2456 verbo,
1228 2423 1274 2450 hic
1287 2422 1424 2457 perfectus
1439 2423 1480 2450 vir
1496 2423 1530 2449 ⁷¹.

1101 2471 1128 2498 2.
1142 2471 1173 2496 0t
1190 2469 1368 2505 ἀπεχόμενοι,
1383 2473 1435 2496 etc.
1453 2467 1505 2501 Qui
1520 2468 1667 2499 abstinent,
1683 2473 1735 2496 etc.

1102 2517 1130 2543 ὅ.
1140 2515 1293 2551 Μακάριοι,
1307 2520 1359 2542 etc.
1374 2514 1458 2546 Beati,
1473 2518 1525 2541 etc.

1104 2563 1130 2590 4.
1144 2562 1256 2598 Θερμοι,
1272 2566 1340 2593 etc.,
1357 2561 1388 2588 τὸ
1411 2561 1482 2592 πῶς,
1504 2566 1569 2593 etc.,
1588 2560 1692 2587 ἔνοικον
1709 2561 1738 2586 ὲν
1752 2560 1839 2589 αὐτοῖς.

1069 2608 1226 2640 Ferventes,
1243 2612 1310 2640 etc.,
1323 2607 1464 2642 quomodo
1476 2614 1538 2634 eum
1551 2606 1687 2641 accipiant
1703 2605 1840 2632 inhabitan-

1067 2658 1120 2681 tem
1137 2654 1164 2681 in
1179 2661 1208 2681 se
1222 2653 1298 2688 ipsis.

1103 2700 1128 2727 5.
1143 2701 1174 2727 Οἱ
1184 2699 1238 2736 γὰρ
1251 2699 1403 2735 λεγόμενοι,
1416 2704 1484 2731 etc.,
1500 2700 1558 2730 τοῖς
1578 2698 1782 2734 προστάγμασιν
1799 2696 1838 2722 αὺ-

1066 2746 1113 2773 τοῦ
1123 2746 1153 2772 οὑ
1165 2745 1312 2774 πείθονται.
1339 2745 1467 2774 Dicentes
1481 2745 1553 2773 enim
1576 2752 1606 2773 se
1625 2752 1696 2776 esse,
1713 2750 1838 2779 (ἥβηνηο-

1067 2792 1152 2827 ceptis
1161 2791 1220 2826 ejus
1231 2799 1284 2819 non
1301 2791 1445 2819 obediunt.
