1884 3047
17 181 72 209 i209

43 239 66 267 ὓ.
80 237 124 270 Σύ,
142 241 198 264 etc.
208 235 264 268 Tu,
278 240 342 267 etc.,
357 234 404 262 τοῦ
419 235 505 263 deest.

44 285 65 312 7.
82 284 205 318 Ὄφελον,
225 287 279 310 etc.
294 282 416 314 Utinam,
432 286 486 309 etc.

44 328 66 356 8.
80 329 153 360 Tr'ns,
171 332 229 355 etc.
249 327 335 359 Tunc,
350 331 403 354 etc.

43 376 65 402 9.
80 374 342 409 Ἐξομολογήσομαι,
354 377 406 399 etc.
424 372 590 403 Conlitebor,
607 376 650 398 etc

43 421 79 449 l0.
99 421 141 448 Ἐν
155 420 197 455 τῷ
211 419 415 455 μεμαθηκέναι,
434 422 486 446 etc.
500 417 528 444 In
545 425 588 450 eo,
607 417 678 452 quod
694 416 787 448 didici,

18 475 57 495 τις.

48 513 82 540 ll.
97 511 135 538 Τὰ
151 510 330 546 δικαιώματά
342 519 401 542 σου,
415 513 467 537 etc.
484 507 698 536 Justiticationes
715 510 787 537 tuas,

23 564 62 585 εἰς.

51 605 86 632 l2.
105 605 148 630 Ἐν
159 603 226 636 τινι,
244 609 296 630 etc.
317 601 345 629 In
359 609 424 636 quo,
438 605 491 629 etc.

46 652 82 678 t5.
100 651 142 677 Ἐν
155 650 195 684 τῷ
212 648 394 684 φυλάξασθαι,
411 651 463 674 etc.
482 645 512 672 In
533 643 722 676 custodiendo,
736 648 788 670 etc.

46 697 81 724 lt.
99 697 141 722 'Ev
155 696 217 732 ὅλῃ,
237 699 292 722 etc.
307 693 336 720 In
355 697 423 724 toto,
439 697 491 720 etc.

45 742 80 768 15.
97 742 139 768 Ἐν
156 742 189 775 τῇ
208 739 322 775 καρδίᾳ,
335 742 387 765 etc.
401 737 430 763 ln
446 735 539 768 corde,
552 739 604 763 etc.

45 789 80 814 16.
93 786 259 821 Εὐλογητὸς,
274 789 329 813 etc.
348 783 520 815 Benedictus,
537 785 590 809 etc.

46 833 81 860 t7.
101 834 143 859 Ἐν
153 833 212 863 τοῖς
226 829 328 866 χείλεσί
343 838 405 865 μου,
423 833 475 856 etc.
489 827 517 855 In
529 827 611 855 labiis
628 825 708 858 meis,
722 829 774 852 etc.

47 878 81 905 l8.
102 878 145 904 'Ev
157 879 190 912 τῇ
205 876 270 911 ὀδῷ,
289 880 342 903 etc.
362 875 389 902 In
403 874 456 906 via,
475 878 526 901 etc.

422 177 467 204 DE
486 174 624 204 TITULIS
643 170 867 202 PSALMORUM.
887 185 922 190 -
943 168 1039 196 μελε..
1059 166 1174 195 CXVIII.

1548 159 1618 187 I‘llt)

802 233 824 262 Α
874 239 919 266 22.
939 237 1112 268 Ἀνταπόδος,
1126 241 1179 263 etc.
1198 233 1337 265 ﬂetribue,
1352 237 1404 259 etc.

873 284 918 311 25.
941 281 1139 316 Ἀποκάλυψον,
1151 285 1203 308 etc.
1223 279 1338 310 Revela,‘
1347 283 1399 304 etc.

873 329 917 356 24.
934 329 1078 364 Πάροικος,
1093 330 1145 353 etc.
1164 324 1263 355 lncola,
1273 328 1325 350 etc.

873 377 918 403 25.
932 376 977 410 Μὴ
993 373 1167 409 ἀποκρύψῃς,
1180 377 1233 398 etc.
1249 369 1308 396 Non
1322 367 1485 400 abscondas,
1497 370 1550 395 etc.

873 421 918 449 26.
936 420 1132 453 Ἐπεπόϐησεν,
1145 421 1196 444 etc.
1214 415 1387 449 Concupivit,
1405 418 1457 440 etc.

873 468 918 494 27.
937 466 1135 500 Ἑπετίμησας,
1148 470 1199 490 etc.
1213 461 1370 496 Increpasti,
1381 464 1430 488 etc.

874 513 920 540 28.
941 511 1164 546 Ἑττικατάρατοι,
1179 513 1231 536 etc.
1250 507 1394 539 Maledicti,
1410 509 1463 533 etc.

874 559 919 586 29.
936 557 1057 594 Περίελε,
1070 561 1121 583 etc.
1138 555 1237 587 Aufer,
1254 559 1306 581 etc.

875 605 919 631 50.
939 604 994 630 Καὶ
1007 603 1071 638 γάρ,
1083 607 1135 628 etc.
1152 601 1267 632 Etenim,
1286 603 1337 626 etc.

874 648 918 675 5L
937 648 992 675 Καὶ
1006 648 1060 683 γὰρ
1077 647 1111 673 τὰ
1129 645 1266 682 μαρτύριά
1279 653 1337 677 σου,
1352 647 1404 671 etc.
1420 640 1488 669 Nam
1504 643 1531 668 et
1545 638 1622 667 testi-

839 695 930 722 .nonia
947 700 1001 725 tua,
1017 698 1068 720 etc.

875 741 919 768 52.
943 739 1101 774 nomen,
1115 742 1168 765 etc.
1188 736 1318 767 Adhasit,
1331 739 1383 762 etc.

873 787 917 814 55.
939 785 994 817 Τὰς
1007 784 1082 816 ὁδούς
1096 792 1156 819 μου,
1173 788 1225 810 etc.
1245 781 1310 809 Vias
1327 787 1411 812 meas,
1429 784 1482 806 etc.

876 831 920 858 54.
942 831 1027 863 Ὁδόν,
1043 835 1095 858 etc.
1115 829 1204 860 Viam,
1222 831 1273 855 etc.

875 876 920 903 55.
940 876 1110 909 Ἐνύσταξεν,
1125 880 1175 902 etc.
1195 873 1365 904 Dormitavit,
1385 876 1436 899 etc.

48 923 83 949 I9.
103 923 144 949 Ἐν
161 907 222 954 ταῖς
245 907 372 952 ’ἐντολαῖς
383 940 392 952 ,
421 924 486 951 etc.,
510 918 557 945 καὶ
574 917 736 952 κατανοήσω
754 923 789 942 τα
804 907 807 934 Ῑ

874 922 918 949 56.
942 922 1027 953 Ὀδόν,
1042 907 1094 948 etc.
1104 907 1200 951 rViam,
1213 924 1265 947 etc.

23 968 140 1003 θαυμάσιά
153 976 213 994 σου.
241 967 272 994 In
290 966 436 999 mandatis,
466 970 537 998 etc.,
560 969 588 992 et
610 962 789 991 considerabo

23 1014 136 1041 mirabilia
153 1018 212 1041 tua.

48 1059 85 1086 20.
101 1059 143 1085 Ἐν
160 1060 218 1090 τοῖς
235 1056 403 1092 δικαιώμασί
422 1064 480 1088 σου,
494 1060 546 1082 etc.
569 1052 599 1080 In
620 1051 790 1088 iustiﬁcatio-

25 1104 88 1131 nibus
103 1104 164 1135 tuis.
178 1109 233 1132 etc.

50 1148 87 1176 21.
100 1149 153 1175 οὐκ
167 1148 347 1183 ἐπιλήσομαι,
363 1152 414 1175 etc.
432 1146 492 1174 Non
507 1145 660 1176 obliviscar,
680 1147 732 1171 etc.

872 967 916 994 57.
940 967 1014 994 Ὀδὸν
1033 966 1171 1002 ἀληθείας,
1190 971 1255 998 etc.,
1269 964 1316 991 καί
1330 964 1414 991 deest.
1429 961 1507 989 Viam
1521 959 1621 998 verita-

839 1013 884 1044 tis,
899 1017 950 1041 etc.

873 1058 916 1085 42.
939 1058 1087 1094 Ὀδήγησόν
1105 1066 1149 1094 με,
1165 1062 1217 1085 etc.
1235 1056 1326 1083 Deduc
1339 1062 1393 1087 me,
1410 1058 1463 1081 etc.

873 1103 916 1130 £5.
935 1103 1041 1136 Κλίνον,
1057 1107 1110 1131 etc.
1124 1103 1237 1136 lnclina,
1253 1107 1306 1129 etc.

566 1200 756 1231 ATHANASII
773 1200 1065 1231 INTERPBETATIO.

56 1264 77 1291 6.
89 1265 121 1291 Σὺ
142 1263 233 1296 εἶπας,
253 1268 318 1294 etc.,
344 1262 379 1289 τὰ
401 1262 469 1298 ἔργα
483 1260 584 1297 Κυρίου
609 1259 728 1296 ἀμελῶς.
749 1258 790 1286 Tu

30 1310 112 1341 dixisti,
127 1315 188 1342 etc.,
205 1317 291 1344 opera
306 1307 352 1335 Dei
367 1308 541 1344 negligenter.

54 1355 75 1382 7.
90 1356 155 1392 Δῴη,
168 1361 222 1383 etc.
240 1355 301 1387 Det,
318 1359 370 1382 etc.

57 1399 77 1426 8.
96 1401 135 1426 Ἐν
147 1401 179 1436 τῇ
198 1399 292 1435 ἡμέρᾳ
303 1399 353 1434 τῆς
366 1398 482 1434 κρίσεώς
500 1405 546 1424 σου
563 1396 612 1432 μή,
632 1400 684 1424 etc.
701 1394 729 1422 In
747 1395 792 1423 die

31 1445 104 1478 iudicii
118 1453 168 1472 non
180 1446 304 1476 audiam,
319 1449 370 1472 etc.

57 1491 78 1518 9.
93 1491 181 1523 Ἑκδῶ,
197 1496 250 1518 etc.
269 1489 395 1522 Tradam,
410 1493 461 1516 etc.

58 1535 92 1563 l0.
105 1537 146 1563 ‘Ev
159 1536 197 1571 τῷ
213 1534 330 1562 ἀκοῦσαί
349 1543 394 1569 με,
409 1537 461 1560 etc.
479 1532 547 1560 Cum
562 1531 684 1562 audiero,
702 1535 754 1558 etc.

60 1581 94 1608 II.
108 1580 145 1608 Τὰ
159 1580 335 1615 δικαιώματά
346 1587 404 1611 σου,
420 1584 474 1606 etc.
491 1576 704 1605 Justiﬁcationes
719 1580 790 1607 tuas,

33 1630 71 1652 εις.

63 1671 97 1698 12.
110 1672 168 1704 Πῶς
190 1672 247 1699 τῶν
269 1670 439 1706 νεωτερικῶν
457 1668 610 1704 ἐπιθυμιῶν
638 1667 794 1694 ὲπιλάθεταί

34 1726 78 1750 τιςς
88 1719 119 1745 Τὸ
130 1719 171 1745 διὰ
181 1719 231 1754 τῆς
248 1717 432 1753 κινναὸάρεως
445 1715 645 1752 παρακείμενον
660 1715 754 1750 δνομα,
765 1713 795 1740 τὸ

38 1763 92 1796 Hild,
105 1765 282 1800 ἑρμηνεύεται
291 1763 381 1796 οἶκος.
394 1763 474 1798 Δηλοῖ
483 1762 521 1794 δὲ,
535 1762 576 1788 ὅτι
587 1761 658 1788 οὕτω
670 1760 796 1796 κατορθοῖ

36 1809 142 1845 νεώτερος
155 1811 202 1846 τὴν
213 1811 274 1838 ὁδὸν
292 1810 374 1836 αὐτοῦ
393 1810 421 1836 ἐν
434 1808 473 1844 τῷ
492 1806 561 1835 εἶναι
575 1808 623 1844 τὴν
640 1806 727 1842 ψυχὴν
748 1806 795 1833 καὶ

37 1854 62 1880 τὰ
73 1856 132 1891 μέλη
157 1856 240 1884 αὑτοῦ
268 1854 341 1883 οἷκον
367 1854 445 1882 Θεοῦ.
476 1853 619 1887 Quomodo
633 1852 794 1888 juvenilium

39 1900 190 1934 cupiditatum
225 1902 289 1937 quis
318 1899 511 1931 obliviscitur?
540 1898 610 1926 Illud
651 1897 794 1925 cinnabari

40 1946 162 1980 ascriptum
179 1955 279 1975 nomen
290 1957 296 1974 ε
307 1947 370 1973 Beth
385 1946 577 1980 interpretatur
592 1944 696 1971 domus.
706 1943 796 1978 Signi-

40 1991 194 2026 ticatautem,
210 1993 285 2029 quod
312 1993 349 2020 ita
374 1992 486 2027 corrigit
513 1990 710 2018 adolescentior
724 1990 795 2016 viam

40 2043 110 2071 suam,
136 2040 158 2066 si
173 2040 265 2067 anima
292 2043 319 2066 et
348 2038 468 2066 membra
502 2037 588 2066 ipsius
618 2036 673 2064 sint
697 2036 795 2063 domus

40 2080 83 2109 Dei.

67 2127 102 2154 I3.
122 2128 163 2155 ‘Ev
174 2129 222 2165 τῷ,
240 2135 305 2160 etc.,
318 2128 349 2154 τὸ
370 2127 477 2154 αἰώνιον
495 2127 524 2153 τὸ
544 2126 743 2162 ἡτοιμασμένον
759 2125 797 2160 τῷ

41 2170 131 2209 διαϐόλῳ
145 2175 190 2201 καὶ
213 2177 269 2206 τοῖς
290 2173 415 2208 ἀγγέλοις
439 2172 532 2200 αὑτοῦ.
557 2172 624 2199 Cum
640 2172 796 2198 recordatus

877 1259 921 1286 25.
938 1260 1105 1297 Διαχώρισον
1118 1261 1149 1287 τδ
1165 1261 1259 1291 σκότος
1271 1267 1329 1291 σου,
1345 1261 1398 1286 etc.
1423 1256 1524 1291 Separa
1547 1258 1622 1283 tene-

840 1305 915 1337 bras,
931 1311 982 1333 etc.

875 1351 919 1378 24.
933 1352 990 1378 Οὺκ
1005 1351 1069 1386 ἔχω,
1085 1355 1137 1378 etc.
1149 1350 1208 1377 Non
1226 1350 1324 1380 habeo,
1337 1353 1391 1376 etc.

872 1396 918 1424 25.
935 1397 981 1432 Μὴ
995 1398 1104 1430 ἀνάξιον
1117 1398 1205 1432 ἡγήσῃ
1224 1405 1257 1431 με
1272 1395 1318 1422 τοῦ
1341 1392 1443 1429 γνῶναί
1455 1392 1501 1427 ’με
1513 1391 1554 1424 τό,
1569 1395 1621 1418 etc.

841 1440 880 1469 Ne
892 1442 1032 1477 indignum
1046 1442 1186 1470 existimes
1204 1449 1247 1469 me
1259 1446 1408 1476 agnoscere
1431 1445 1475 1465 me
1498 1437 1624 1464 volunta-

842 1491 896 1515 tem
910 1493 995 1515 tuam.

877 1532 922 1559 26.
942 1532 1090 1564 Ἑπιποθεῖ,
1104 1536 1172 1564 etc.,
1199 1531 1246 1558 καὶ
1264 1532 1294 1558 οὺ
1322 1529 1480 1564 κορὲννυται
1500 1527 1544 1560 τά,
1570 1530 1622 1553 etc.

843 1577 982 1605 Desiderat
997 1578 1087 1604 anima
1104 1585 1174 1609 mea,
1190 1582 1217 1604 et
1236 1584 1289 1603 non
1306 1576 1420 1603 satiatur
1437 1573 1536 1600 facere.

877 1623 921 1650 27.
940 1622 985 1658 Τῷ
997 1623 1121 1658 διαὸόλῳ,
1136 1627 1190 1650 etc.
1202 1621 1357 1652 Diabolum,
1373 1626 1426 1647 etc.
1635 1647 1637 1650 ,

879 1669 923 1696 28.
941 1669 1003 1695 Ἐπὶ
1029 1668 1161 1704 ἀπωλείᾳ,
1192 1673 1256 1699 etc.,
1294 1665 1416 1701 πονηρὰς
1452 1661 1623 1697 ἀναστροφὰς

844 1715 1030 1750 πορευόμενοι.
1044 1713 1072 1740 1η
1090 1713 1238 1742 interitum.
1252 1716 1317 1744 etc.,
1334 1711 1367 1738 ad
1377 1709 1506 1745 pristinas
1518 1708 1626 1742 iniquas

845 1769 908 1788 suas
922 1761 1143 1788 cnnvet‘sationes
1159 1762 1345 1786 revertuntur.

881 1807 925 1834 29.
943 1807 1052 1841 Ἀφελε,
1062 1812 1126 1840 etc.,
1142 1803 1351 1841 μεμαρτύρησαι
1365 1802 1479 1829 ἕκαστον
1494 1799 1559 1831 τῶν,
1571 1803 1623 1827 etc.

845 1854 952 1884 Adime,
968 1857 1021 1879 etc.

881 1899 924 1925 50.
943 1897 994 1923 Καὶ
1007 1896 1071 1931 γάρ,
1084 1900 1138 1923 etc.
1149 1895 1248 1922 ὲπεσκε
1255 1893 1371 1929 πτόμην,
1383 1897 1436 1920 etc.
1446 1890 1624 1923 Etenim,etc.

880 1943 924 1970 5|.
941 1942 993 1969 Καὶ
1008 1942 1063 1977 γὰρ
1083 1940 1212 1976 μελετῶν,
1230 1944 1282 1966 etc.
1301 1938 1416 1970 Etenim,
1433 1941 1486 1964 etc.

880 1989 924 2016 52.
942 1986 1152 2020 Ἐταπεινώθην,
1169 1991 1220 2013 etc.
1237 1984 1400 2011 llumiliatus
1414 1990 1485 2014 sum,
1502 1985 1555 2009 etc.

880 2035 924 2062 55.
944 2032 1208 2068 Ἐξωμολογησάμην
1230 2039 1281 2061 σοι.
1304 2034 1369 2061 etc.,
1388 2029 1435 2055 καὶ
1451 2026 1550 2058 εὐθέως
1564 2024 1624 2060 ἠθε-

845 2081 930 2116 λησάς
944 2088 989 2115 με,
1005 2084 1059 2106 etc.
1073 2077 1222 2106 Confessus
1240 2084 1300 2104 sum
1318 2075 1379 2108 tibi,
1397 2079 1461 2106 etc.,
1485 2077 1512 2100 et
1532 2071 1625 2099 statth

845 2125 955 2153 voluisti
969 2132 1022 2157 mc,
1037 2128 1090 2150 etc.

882 2171 926 2198 54.
942 2170 993 2197 Τὸν
1005 2168 1156 2204 φωτισμόν,
1170 2172 1234 2199 etc.,
1260 2166 1307 2193 καὶ
1325 2165 1378 2192 ἀπὸ
1395 2165 1444 2200 τῆς
1463 2163 1582 2199 τέρψεως
1595 2161 1628 2188 οὐ

42 2221 98 2248 sum,
110 2225 165 2252 qua:
180 2226 195 2245 a
207 2223 233 2246 te
245 2219 327 2249 dicta,
341 2223 405 2249 etc.,
418 2217 445 2244 in
460 2217 548 2252 ignem
562 2220 703 2248 aeternum,
722 2217 794 2250 quod

873 2217 987 2250 κὺσομαι
1004 2215 1123 2251 μελετῶν
1134 2215 1162 2241 ὲν
1179 2215 1223 2249 τῇ,
1238 2217 1290 2240 etc.
1312 2210 1549 2241 llluminationem,
1562 2213 1630 2242 etc.,

43 2265 142 2291 Paratum
154 2269 194 2292 est
208 2264 317 2292 diabolo
331 2267 358 2290 et
370 2263 472 2298 angelis
487 2262 546 2297 ejus
561 2262 593 2288 ⁷¹.

64 2305 104 2356 μ.
122 2308 164 2341 Ἐξ
176 2310 248 2346 ὅλης,
263 2315 328 2344 etc.,
340 2310 439 2346 ἡγήσῃ,
457 2313 508 2336 etc.
522 2307 561 2335 Ex
579 2312 645 2341 tota,
662 2312 726 2340 etc.,
741 2308 800 2335 exi-

45 2355 129 2384 sumes,
145 2360 195 2383 CIC.

72 2396 107 2422 t7.
123 2399 174 2435 Οὐχ
186 2400 388 2436 ὑπεστειλάμην
398 2401 445 2426 τοῦ
462 2398 577 2431 διδάξαι,
601 2401 653 2425 etc.
681 2396 739 2425 Non
760 2405 800 2425 re-

46 2438 88 2475 fugi
100 2443 198 2478 docere,
214 2451 266 2474 etc.

72 2487 108 2514 18.
122 2490 207 2523 Οὕτως
223 2493 317 2527 χαρᾶς,
330 2496 382 2519 etc.
401 2490 439 2518 lta
454 2490 563 2525 gaudio,
578 2495 630 2518 etc.

73 2532 108 2561 I9.
126 2536 165 2562 Ἐν
177 2540 234 2570 ταῖς
255 2539 376 2574 Γραφαῖς
394 2546 451 2569 σου,
465 2541 530 2568 etc.,
546 2537 595 2572 τῆς
606 2536 718 2572 καρδίας
737 2544 799 2571 μου,

48 2580 85 2603 tte.
101 2578 126 2605 ln
142 2583 278 2617 scripturis
294 2584 358 2614 tuis,
373 2588 436 2615 etc.,
454 2583 543 2610 cordis
559 2583 611 2609 mei
624 2602 631 2614 ,
645 2587 697 2609 etc.

75 2620 111 2649 20.
126 2624 222 2659 Νυκτὸς
237 2628 283 2654 καὶ
300 2627 416 2663 ἡμέρας.
429 2626 477 2653 Die
488 2632 635 2661 noctuque.

77 2665 112 2694 21.
126 2667 173 2697 Καὶ
189 2672 319 2708 πληρώσω
341 2673 438 2704 αὐτοὺς
454 2671 536 2708 ἔργῳ.
558 2672 591 2700 Et
620 2672 737 2708 implebo
753 2679 800 2699 eos

51 2716 122 2743 Opere.

76 2755 112 2804 ἓξ-
127 2760 179 2794 Δός,
196 2769 256 2796 etc.,
271 2763 318 2791 τοῦ
333 2764 410 2799 ἁγίου
427 2773 486 2797 σου,
504 2768 555 2792 etc.
567 2764 617 2797 Da,
630 2769 693 2797 etc.,
713 2763 799 2792 sancti

54 2801 81 2826 ¹¹¹Ῑ
94 2801 205 2839 SPiritus,
220 2814 271 2837 etc.

82 2867 96 2882 "
107 2867 188 2901 Matth.
205 2883 267 2910 xxv,
285 2875 328 2903 41.

846 2267 872 2290 et
888 2269 941 2297 pra:
955 2261 1134 2287 delectatione
1152 2266 1204 2285 non
1217 2257 1330 2285 cessabo
1345 2256 1479 2283 meditans
1492 2255 1530 2287 in,
1545 2259 1597 2282 etc.

881 2308 926 2335 55.
945 2305 1118 2336 Βεὸύοισται,
1132 2309 1185 2332 etc.
1204 2303 1351 2331 Submersa
1362 2307 1414 2334 est,
1427 2307 1479 2330 etc.

879 2353 924 2381 56.
943 2352 1101 2384 ’Δπέλασον,
1117 2355 1170 2378 etc.
1186 2350 1294 2385 Expelle
1305 2369 1313 2382 ,
1339 2353 1390 2376 etc.
1402 2368 1410 2381 ,
1425 2347 1574 2376 secundum
1595 2355 1630 2382 με

847 2401 931 2428 deest.

884 2446 928 2472 57.
944 2442 1119 2478 Ἐπεπόθησά
1134 2451 1163 2469 σε
1181 2442 1237 2474 τόν,
1255 2446 1306 2468 etc.
1323 2439 1492 2476 Μνημονεύω
1515 2439 1569 2474 γὰρ
1587 2437 1630 2468 τό,

847 2497 901 2519 etc.
920 2489 1077 2518 Desideravi
1106 2494 1132 2516 te
1148 2489 1243 2521 tilium,
1269 2493 1333 2520 etc.,
1349 2486 1460 2515 memini
1477 2485 1549 2512 enim
1577 2489 1630 2511 tre-

847 2537 949 2567 mendi,
965 2541 1017 2562 etc.

882 2583 927 2609 42.
943 2581 1053 2616 Ἐπειδὴ
1069 2581 1176 2615 νήπιος,
1193 2586 1245 2606 etc.
1262 2579 1380 2614 βαδίσαι,
1397 2582 1462 2608 etc.,
1479 2575 1587 2610 ζητήσω
1600 2574 1629 2601 δὲ

847 2628 907 2664 τήν,
924 2633 988 2659 etc.,
1005 2635 1038 2662 με
1054 2626 1226 2662 περιπατεῖν,
1241 2629 1292 2651 etc.
1308 2623 1440 2656 Quoniam
1452 2621 1552 2650 infans,
1564 2625 1632 2651 etc.,

848 2672 985 2705 incedere,
1001 2677 1066 2702 etc.,
1082 2678 1202 2705 quaeram
1217 2674 1307 2696 autent
1320 2669 1402 2700 viam,
1413 2671 1478 2699 etc.,
1490 2670 1516 2692 et
1532 2664 1576 2692 (ac
1587 2671 1631 2691 tne

849 2717 1020 2745 inambulare
1032 2717 1058 2743 in
1076 2716 1152 2750 ipsis.

884 2762 927 2789 45.
947 2760 1106 2793 ’Υπόταξον,
1129 2764 1200 2790 etc.,
1221 2758 1268 2784 καὶ
1292 2757 1329 2792 μὴ
1353 2757 1392 2787 εἰς
1414 2756 1473 2791 τήν,
1497 2760 1562 2786 etc.,
1586 2754 1631 2782 ἵνα

849 2808 916 2843 εἰμι,
932 2812 984 2835 etc.
1003 2806 1123 2841 Subjice,
1139 2809 1203 2836 etc.,
1215 2809 1241 2831 et
1257 2811 1320 2836 non,
1337 2808 1401 2835 etc.,
1417 2807 1446 2829 ut
1457 2801 1520 2834 sim,
1535 2806 1588 2829 etc.
1614 2812 1618 2817 -
