1884 3047
11 171 63 198 12ίὸ

34 230 69 258 83.
86 228 198 262 Ἐγνων,
215 231 268 254 etc.
282 226 412 262 Cognovi,
427 231 478 253 etc.

34 277 71 306 89.
85 277 135 302 Καὶ
145 273 270 309 ἀληθείᾳ,
283 278 334 300 etc.
352 272 386 299 Et
401 273 524 304 veritate,
537 276 590 298 etc.

33 321 70 350 90.
83 319 236 355 Γενηθήτω,
250 323 301 345 ctc.
316 317 376 344 Fiat
392 316 587 348 misericordia,
600 319 652 342 etc.

34 367 71 394 9|.
88 364 261 394 Έλθὲτωσαν,
277 368 328 389 etc.
347 362 472 393 Veniant,
487 366 538 388 etc.

35 412 69 440 92.
84 410 321 445 Αἰσχυνθήτωσαν,
335 413 387 436 etc.
403 407 621 439 Confuntlantur,
635 411 686 434 etc.

36 461 70 488 95.
100 456 358 492 Ἐπιστρεψάτωσάν
390 463 447 490 με,
481 459 534 482 etc.
566 452 767 481 Convertantur

11 506 59 533 mihi
68 526 73 536 ,
93 509 144 531 etc.

36 551 68 579 95.
83 549 234 585 Γενηθήτω,
247 553 298 575 etc.
311 547 372 574 Fiat
386 554 433 574 cor
445 554 546 577 meum,
560 550 612 573 etc.

35 597 70 624 95.
87 596 234 627 Ἐκλείπει,
252 599 315 627 etc.,
331 593 378 620 καὶ
394 594 433 624 είς
447 593 509 623 τοὺς
525 591 637 625 λόγους,
652 595 703 618 etc.
716 589 767 617 ηε-

12 643 66 673 fecit,
81 647 139 674 etc.,
156 646 182 668 et
197 641 225 668 in
243 645 306 667 tuos
321 646 469 670 sermones,
487 643 539 665 etc.

35 689 69 715 96.
86 688 231 720 Ἑξέλιπον,
246 691 297 714 etc.
314 685 486 716 Defecerunt,
498 688 550 711 etc.

37 735 71 762 97.
83 735 149 762 Ὅτι.
162 738 215 760 etc.
230 732 309 766 Quia,
320 737 371 758 etc.

36 780 69 807 98.
82 779 119 806 Τὰ
133 778 306 814 δικαιώματά
321 785 378 810 σου,
400 780 454 804 etc.
471 774 684 803 Justiﬂcationes
697 778 766 805 tuas.

13 831 49 853 CIC.
459 834 461 837 '

36 871 70 898 99.
84 871 173 902 Πόσαι,
185 875 237 898 etc.
253 869 325 902 Quot
341 873 416 901 sunt,
432 872 485 895 etc.

412 167 456 194 DE
473 166 611 195 TITULIS
628 165 852 194 PSALMORUM.
871 179 907 185 —
925 162 1023 191 PSAL.
1042 161 1160 190 CXVI".

778 225 802 254 Α
852 222 914 250 105.
926 222 974 253 Et;
985 221 1030 248 τὸν
1045 219 1141 251 αίῶνα,
1155 224 1206 246 etc.
1221 219 1248 245 In
1262 222 1402 249 aeternum,
1415 222 1467 244 etc.

1527 156 1597 184 1?.“

853 267 912 294 106.
927 267 974 297 Εἰς
988 265 1094 300 γενεάν,
1110 269 1162 291 etc.
1175 263 1205 290 In
1220 263 1433 297 generationem,
1446 267 1497 289 etc.

852 312 912 339 107.
935 310 1143 345 Ἑϐεμελίωσας,
1158 312 1209 335 etc.
1227 307 1369 339 Fundasti,
1383 313 1436 334 etc.

852 357 912 384 108.
926 357 965 392 Τῇ
977 355 1106 387 διατάξει,
1120 359 1171 381 etc.
1186 352 1371 386 Ordinatione,
1387 357 1440 380 etc.

853 402 912 429 109.
927 402 958 428 Εἰ
977 401 1025 436 μή,
1039 404 1092 428 etc.
1109 399 1176 431 Nisi,
1191 403 1242 425 etc.

852 447 913 475 110.
929 447 975 478 Εἰς
990 446 1045 477 τόν,
1062 451 1114 472 etc.
1131 444 1159 471 ln
1175 448 1317 474 aeternum.
1330 447 1381 470 etc.

852 493 911 520 111.
926 492 975 523 Σός
989 492 1057 527 εἰμι,
1071 495 1124 518 etc.
1142 490 1217 516 Tuus
1230 497 1300 520 sum,
1319 493 1370 515 etc.

852 539 912 566 112.
935 538 1009 572 Ἐμέ,
1028 542 1080 565 etc.
1095 537 1136 564 Me
1152 538 1384 568 exspectaverunt,
1399 537 1451 561 etc.

853 585 913 612 115.
928 584 1032 619 Πάςης.
1048 588 1100 610 etc.
1116 582 1220 612 Omnis,
1231 587 1284 608 etc.

853 631 913 657 114.
930 629 1056 661 Incesta,
1067 633 1119 655 etc.
1135 627 1242 659 Latum,
1258 631 1309 653 etc.

853 676 913 703 115.
935 675 988 707 Ὧς,
1002 681 1054 701 etc.
1069 674 1221 706 Quomodo,
1236 676 1288 699 etc.

853 721 913 748 116.
929 721 1023 755 Ὅλην,
1041 724 1093 746 etc.
1111 718 1190 749 Tota,
1209 722 1261 744 etc.

854 767 915 793 117.
935 766 1018 801 ’Υπὲρ
1035 765 1115 797 τούς,
1138 768 1202 796 etc.,
1225 762 1277 798 ὲμή
1293 761 1375 787 ἐστιν.
1400 759 1487 794 Super
1509 757 1586 785 lnimi

819 819 876 844 cos,
891 815 943 838 etc.

855 857 914 884 118.
934 856 1020 892 ’Υπὲρ
1035 856 1149 887 πάντας,
1163 859 1215 881 etc.
1233 853 1320 888 Super
1332 859 1437 882 omnes,
1455 856 1507 878 etc.

38 916 87 942 100.
101 894 275 951 Διηγῆσαντῖ
338 894 353 945 ,—
362 894 611 947 ε1οῖ,γάδολεσχίαν,
630 915 682 939 etc.
698 910 768 937 Nar—
783 894 792 923 1

855 903 914 930 119.
934 902 1030 938 Ὑπὲρ,
1050 906 1103 929 etc.
1118 901 1206 935 Super
1222 907 1311 929 senes,
1328 903 1380 924 etc.

14 965 115 988 nuerunt
130 961 206 992 milii,
224 965 289 992 etc.,
303 959 506 992 tabulationem,
522 963 575 986 etc.

41 1007 88 1034 101,
101 1007 198 1039 Πᾶσαι,
211 1012 265 1034 etc.
283 1005 390 1036 Omnia,
407 1009 461 1032 etc.

40 1052 88 1079 102.
106 1053 225 1085 Ἀδίκως,
240 1057 304 1085 etc.,
316 1051 449 1086 βοήθησόν
464 1059 508 1086 με,
522 1054 574 1077 etc.
587 1049 692 1085 Inique,
704 1053 770 1081 etc.,

17 1098 90 1133 adiuva
104 1107 155 1126 me.

41 1144 88 1171 105.
101 1145 185 1178 Παρά,
199 1148 253 1172 etc.
267 1143 351 1170 Paulo
365 1142 466 1174 minus,
479 1146 530 1169 ctc.

43 1189 90 1216 104.
100 1190 183 1222 Kurd,
196 1195 250 1217 etc.
266 1188 432 1221 Secundum,
447 1193 498 1215 etc.

851 948 912 975 120.
934 949 981 974 Ἐκ
999 947 1100 982 πάσης,
1114 951 1166 973 etc.
1184 945 1225 971 Ab
1241 944 1315 971 omni
1330 943 1384 974 via,
1401 946 1454 969 etc.

851 993 914 1021 121.
933 993 999 1019 Ἀπὸ
1014 992 1080 1024 τῶν,
1095 996 1147 1018 etc.
1164 989 1187 1016 Α
1201 989 1323 1024 judiciis,
1339 991 1391 1014 etc.

853 1039 914 1066 122.
932 1039 985 1070 Ὦς,
1000 1042 1052 1065 etc.
1069 1037 1156 1070 Quam
1170 1036 1271 1067 dulcia,
1287 1039 1338 1061 etc.

853 1085 913 1113 125.
933 1085 998 1111 Ἀπὸ
1012 1085 1079 1116 τῶν,
1092 1088 1144 1110 etc.
1159 1082 1182 1109 Α
1198 1081 1342 1113 mandatis,
1356 1083 1410 1107 etc.

857 1131 918 1159 124.
933 1131 1045 1166 Λύχνος,
1061 1134 1114 1158 etc.
1128 1128 1260 1160 Lucerna,
1271 1132 1315 1154 etc

529 1230 718 1260 ATHANASII
739 1230 1028 1259 INTERPRETATIO.

43 1281 77 1308 83.
87 1281 235 1314 Φαπισθείς,
254 1285 305 1308 etc.
319 1280 499 1311 llluminatus,
514 1284 567 1306 etc.

46 1328 80 1354 89.
94 1328 143 1354 Καὶ
154 1328 236 1363 ειπερ,
252 1331 305 1354 etc.
323 1325 356 1352 Et
370 1333 439 1360 qure,
456 1330 509 1352 etc.

44 1372 79 1400 90.
95 1373 168 1399 Ἀλλὰ
187 1373 270 1400 πάλιν
293 1371 396 1406 γένοιτο
409 1371 449 1403 τό,
466 1375 519 1398 etc.
538 1369 600 1401 Sed,
614 1373 665 1396 etc.

45 1418 78 1445 9|.
93 1418 297 1455 Ἐπισκηνώσει,
310 1422 375 1449 etc.,
392 1416 568 1451 ζωοποὶησον,
582 1416 633 1449 ὅτι,
646 1419 696 1442 etc.
718 1414 773 1441 Ha-

22 1463 77 1495 bitet,
89 1469 146 1496 etc.,
162 1464 282 1496 viviﬁca,
296 1463 438 1498 quoniam,
455 1466 507 1488 etc.

47 1509 80 1536 95.
98 1511 304 1546 Κατηχήσουσι,
318 1513 390 1540 etc.,
415 1507 462 1533 καὶ
490 1506 588 1537 ἰδόντες
609 1505 663 1532 τῶν
688 1504 773 1539 ἁγίων

23 1553 119 1589 Γρίφῶν.
132 1555 278 1587 lnstruent,
293 1559 357 1587 etc.,
379 1558 406 1581 et
421 1554 553 1586 videntes,
574 1556 638 1585 etc.,
661 1555 771 1579 sancta-

25 1609 66 1627 rum
80 1601 283 1636 Scripturarum.

47 1645 310 1684 94ΓΚι-ηρτιαθήτω,
325 1650 378 1673 etc.
395 1644 565 1676 Perticiatur,
576 1648 628 1671 etc.

48 1693 81 1720 95.
94 1694 166 1729 Διῴᾷ,
182 1699 236 1722 etc.
256 1692 329 1725 Sitit,
339 1697 403 1719 etc.

48 1739 82 1766 96.
99 1740 218 1775 Ἐξετάκη
237 1739 252 1764 ὁ
266 1739 343 1772 λόγος
355 1758 362 1769 ,
387 1742 440 1764 etc.
466 1735 650 1769 Consumptus
663 1738 706 1761 est
720 1741 777 1761 ser-

26 1791 130 1815 mo,etc..
147 1785 248 1822 legend.
264 1790 293 1812 ut
315 1785 341 1810 in
362 1783 420 1810 cod.
441 1782 527 1809 Barb.
548 1780 694 1815 Ἐξετάκην
705 1779 774 1810 ὅλος.

50 1831 83 1858 9ῗ.
95 1832 157 1864 Ὅτι,
172 1838 223 1859 etc.
241 1830 387 1863 Quoniam,
403 1834 454 1856 etc.

51 1876 83 1903 98.
95 1875 152 1904 Οἶδα
162 1898 169 1909 ,
190 1877 240 1904 καὶ
256 1874 416 1912 μνημονεύω
426 1894 433 1906 ,
456 1878 521 1905 etc.,
538 1871 593 1898 τῶν
606 1869 777 1906 ἁμαρτωλῶν

28 1921 249 1957 ἀντιλαμϐάνεσθαι.
274 1920 356 1952 Novi,
371 1924 398 1947 et
413 1918 553 1951 recurdor,
571 1921 636 1948 etc.,
653 1919 776 1951 peccato-

29 1965 83 1993 ribus
95 1968 240 1995 subvenire.

52 2010 84 2038 99.
98 2013 194 2045 Πότας,
207 2017 262 2040 etc.
274 2030 281 2043 ,
296 2010 393 2041 δώσεις
409 2017 468 2045 μοι,
487 2013 553 2041 etc.,
572 2015 622 2044 μου
636 2005 780 2033 κατεδυνά-

31 2064 129 2091 στευςανς
143 2059 232 2092 Quot,
248 2062 312 2091 etc.,
331 2056 410 2085 dabis
426 2055 494 2082 mihi
505 2074 513 2087 ,
528 2058 594 2086 etc.,
621 2053 649 2080 in
665 2060 709 2079 me
731 2052 779 2078 do-

31 2102 99 2129 tniuati
113 2104 192 2131 sunt?

55 2147 102 2175 100.
119 2149 259 2177 Ὑπέθεντό
275 2157 319 2184 μοι
330 2148 371 2180 τό,
384 2151 449 2179 etc.,
464 2147 522 2174 ἀλλ’
533 2146 582 2182 οὐχ
592 2145 679 2177 οὕτως
692 2145 722 2171 οὐ
736 2144 780 2171 05'-

31 2191 80 2224 λεις.
100 2195 185 2232 Κύριε.
209 2195 395 2224 Subdiderunt
417 2193 503 2225 mihi,
522 2196 587 2225 etc.,
608 2191 654 2219 sed
671 2198 725 2218 non
740 2190 780 2218 sic

33 2239 68 2269 vis.
81 2240 188 2276 Domine,
203 2249 255 2271 etc.

58 2285 103 2314 101.
123 2286 182 2315 Οἶδα
193 2310 200 2321 ,
221 2289 262 2315 ὅτι
275 2286 460 2322 δικαιοκρίτης
482 2283 508 2312 εἷ
528 2285 568 2316 εἰς
583 2283 680 2311 πάντα.
695 2282 779 2317 Novi,

34 2331 84 2362 quod
94 2331 175 2365 justus
185 2333 267 2369 judex
283 2341 312 2360 es
329 2332 355 2359 in
368 2339 486 2358 oinuem.

57 2375 105 2403 102.
117 2378 254 2413 Φεύγοντός
270 2387 331 2413 μου,
346 2382 397 2404 etc.
411 2377 540 2411 Fugiente
555 2383 608 2408 me,
623 2379 674 2402 etc.

59 2419 107 2447 103.
120 2422 214 2455 υῦτως,
230 2429 292 2455 etc.,
310 2421 449 2457 ἐπέϐησάν
463 2429 517 2456 μοι,
531 2425 595 2451 etc.,
607 2421 636 2446 ὲν
650 2421 682 2456 τῇ
694 2419 782 2454 ἁμαρ-

35 2461 66 2499 τίᾳ
79 2473 128 2499 μου.
144 2468 205 2502 ἐγώ,
220 2473 271 2495 etc.
290 2467 338 2500 Ita,
355 2472 419 2498 etc.,
435 2466 576 2492 irruerunt
589 2465 666 2496 mihi,
678 2470 743 2496 etc.,
754 2464 782 2490 in

36 2513 119 2540 Necato
132 2521 195 2545 tneo,
211 2522 271 2549 ego,
286 2518 339 2544 etc.

62 2554 109 2583 104.
131 2559 237 2592 Καθὼς,
262 2565 333 2592 etc.,
355 2557 389 2585 τὰ
413 2556 613 2593 προστάγματά
637 2563 701 2587 σου,
729 2559 781 2581 etc.

38 2596 243 2635 Quemadmodum.
256 2610 320 2637 etc.,
336 2608 468 2639 praecepta
483 2606 540 2634 tua,
554 2606 606 2629 etc.

64 2644 110 2673 10'5.
122 2648 162 2681 Et;
174 2650 219 2686 τὴν
233 2650 356 2685 καρδίαν,
374 2650 402 2676 ἐν
415 2646 432 2686 ᾗ
446 2649 546 2680 οἰκεῖς,
563 2647 610 2674 καὶ
627 2647 783 2682 ἐμπεριπα-

40 2690 93 2757 ἶεῖςς
112 2698 156 2721 εις.
178 2695 205 2722 ln
222 2697 320 2728 corde,
343 2696 371 2723 in
392 2703 447 2730 quo
467 2694 574 2721 habitas
587 2713 594 2725 ,
612 2697 639 2720 et
658 2692 783 2719 inambu-

49 2740 120 2757 33.0"»

49 2740 76 2765 ³8,
86 2741 128 2764 etc.

67 2780 113 2810 106.
128 2784 168 2817 Είς
185 2788 244 2819 τοὺς
264 2789 357 2820 ἁγίους
379 2795 425 2812 σου
446 2786 508 2816 τοὺς
530 2785 588 2812 καθ’
604 2785 722 2819 ἑκάστην
737 2792 784 2818 γε-

44 2822 98 2855 νεάν.
109 2832 153 2856 etc.
165 2830 190 2857 lu
203 2832 302 2858 sanctis
319 2831 384 2862 tuis,
397 2830 454 2865 qui,
471 2834 524 2857 etc.
568 2836 570 2839 '

70 2868 117 2899 107.
138 2875 323 2910 Ἐθεμελίωσας
338 2875 425 2903 πάντα
446 2875 491 2902 τὸν
507 2875 618 2910 κόσμον,
633 2878 684 2902 etc.
710 2872 782 2902 Fun-

820 1279 890 1306 dasti
904 1286 1013 1306 omnem
1031 1277 1173 1307 mundum,
1186 1279 1238 1303 etc.

855 1326 916 1353 110.
930 1325 986 1351 Οὐκ
1002 1324 1050 1357 ἄν,
1065 1328 1130 1355 etc.,
1145 1320 1323 1356 ὲζωποίησας.
1337 1317 1398 1346 Νοη
1413 1316 1522 1352 utique,
1537 1320 1604 1348 etc.,

821 1371 973 1399 vivificasti.

856 1417 917 1444 112.
937 1415 1012 1451 Ἐμέ,
1034 1419 1099 1448 etc.,
1124 1413 1200 1450 παρὰ
1216 1411 1261 1439 σοῦ
1282 1411 1346 1447 περὶ
1367 1410 1415 1445 τῆς
1437 1409 1486 1444 σῆς
1499 1407 1605 1438 ἐλπίδος

823 1462 941 1493 ἀκούσας
956 1460 1113 1487 ἐπίστευσα.
1126 1458 1179 1492 Me,
1190 1463 1254 1490 etc.,
1266 1456 1336 1484 dicta
1349 1459 1439 1482 autem
1451 1461 1467 1480 a
1481 1458 1506 1481 te
1514 1452 1547 1480 de
1559 1457 1605 1479 tua

823 1515 871 1543 spe
884 1507 997 1534 audiens
1014 1505 1126 1533 credidi.

859 1553 920 1579 115.
938 1551 1041 1586 Πάσης,
1060 1555 1123 1582 etc.,
1147 1545 1216 1575 εἶδον
1233 1547 1327 1583 πέρας.
1345 1545 1450 1578 Omnis,
1465 1550 1518 1572 etc.
1529 1563 1537 1577 ,
1551 1543 1605 1571 vidi

824 1599 915 1625 tinem.

859 1642 922 1671 114.
937 1643 968 1669 Ol
981 1642 1019 1674 δέ,
1034 1647 1086 1669 etc.
1101 1640 1289 1669 Custodientes
1304 1643 1405 1669 autem,
1420 1642 1472 1664 etc.

859 1689 920 1716 115.
943 1689 986 1720 Ὠς
1002 1688 1091 1724 μόνην,
1106 1691 1170 1719 etc.,
1186 1685 1294 1721 ἀγαπᾷν
1304 1684 1334 1710 τὸ
1343 1683 1428 1719 ὄνομα
1443 1690 1500 1709 σου.
1518 1680 1551 1709 Ut
1561 1688 1606 1708 co-

825 1736 891 1768 lum,
907 1739 972 1766 etc.,
986 1742 1085 1761 nomen
1101 1738 1187 1759 tuum.

862 1781 923 1808 116.
944 1779 1150 1810 ’Λδιαλείπτως,
1168 1781 1219 1804 etc.
1230 1796 1238 1808 ,
1255 1776 1300 1803 καὶ
1321 1775 1466 1812 προκύπτω
1479 1775 1508 1801 ὲν
1521 1772 1605 1808 αὐτῷ.

826 1826 1021 1857 lndesinenter,
1039 1829 1103 1856 etc.,
1118 1828 1145 1850 et
1161 1822 1273 1857 prolicio
1288 1821 1313 1847 in
1328 1821 1396 1856 ipsa.

862 1872 923 1900 117.
936 1872 1002 1902 Ταῖς
1016 1870 1079 1906 γάρ,
1095 1875 1159 1899 etc.,
1177 1869 1226 1904 τὴν
1243 1867 1322 1903 χάριν
1334 1866 1443 1902 ταύτην.
1461 1865 1528 1892 Nam
1539 1873 1607 1893 con-

830 1918 932 1950 trariis,
951 1923 1016 1949 etc.,
1030 1917 1100 1943 lianc
1112 1915 1236 1950 gratiam.

864 1964 924 1991 118.
946 1962 1041 1999 Ὑπὲρ,
1056 1966 1108 1988 etc.
1127 1960 1223 1994 Super,
1237 1963 1290 1986 etc.

863 2009 924 2036 119.
943 2008 1029 2043 Ὑπὲρ
1042 2007 1105 2038 τοὺς
1117 2006 1180 2041 πρό,
1195 2010 1248 2031 etc.
1262 2005 1349 2038 Super
1364 2009 1469 2035 omnes,
1479 2006 1531 2029 etc.

864 2055 926 2082 120.
944 2053 1010 2080 Ἀπὸ
1027 2053 1127 2088 πάσης,
1143 2056 1194 2078 etc.
1214 2050 1254 2077 Ab
1269 2049 1354 2080 omni,
1369 2054 1421 2075 ctc.

863 2101 925 2128 121.
947 2101 990 2126 Ἑν
1003 2100 1069 2130 τοῖς,
1087 2104 1129 2125 etc
1143 2118 1150 2130 ,
1164 2096 1276 2130 πλάγιης
1291 2096 1341 2122 οὐκ
1353 2093 1513 2130 ἐπορεύθην,
1525 2093 1566 2119 ὅτι
1577 2092 1609 2118 σὺ

829 2148 861 2182 τῇ
876 2146 968 2182 χάριτί
980 2154 1036 2176 σου,
1046 2150 1097 2171 etc.
1112 2143 1138 2170 In
1152 2142 1291 2177 praeceptis
1303 2141 1356 2168 tuis
1372 2139 1543 2167 transversim
1555 2146 1610 2166 non

830 2189 911 2220 abivi,
927 2189 1054 2223 quoniam
1073 2193 1099 2213 tu
1117 2186 1201 2221 gratia
1218 2190 1261 2212 tua
1276 2184 1410 2211 deduxisti
1427 2191 1480 2210 me.

796 2244 819 2272 ι)
866 2234 927 2260 122.
942 2234 977 2259 Τὸ
991 2234 1039 2268 μὲν
1051 2232 1158 2268 πρῶτον
1171 2231 1200 2257 τὸ
1215 2230 1307 2260 ίδικόν,
1318 2236 1382 2260 etc.,
1399 2229 1455 2255 ἐστί
1471 2237 1516 2264 μοι
1530 2228 1563 2255 τὰ
1573 2228 1613 2254 δι-

831 2279 977 2315 καιώματά
986 2287 1030 2305 σου
1042 2287 1048 2294 ι
1062 2278 1107 2304 καὶ
1117 2276 1184 2312 μετὰ
1195 2276 1225 2303 τὸ
1233 2275 1396 2311 παραλαϐεῖν
1406 2274 1480 2304 αὐτό,
1493 2286 1499 2297 η
1509 2278 1555 2304 tc.,
1566 2274 1613 2300 αὺ-

830 2327 878 2353 τοῦ
893 2326 997 2357 πέεται,
1016 2328 1066 2352 etc.
1083 2323 1167 2349 Τοῦτο
1188 2322 1279 2358 δηλοῖ,
1299 2321 1339 2347 ὅτι
1354 2320 1422 2355 ὑπὲρ
1440 2320 1538 2350 πᾶσαν,
1558 2323 1611 2346 etc.

831 2371 941 2398 Primus
952 2370 1060 2405 quidem
1077 2368 1211 2403 proprius,
1234 2371 1299 2399 etc.,
1321 2366 1456 2393 dulciores
1469 2369 1533 2392 sunt
1547 2364 1614 2390 mihi

829 2416 1038 2452 jnstilicationcs
1062 2417 1134 2445 tuae,
1159 2416 1224 2444 etc.,
1250 2416 1277 2438 et
1303 2415 1447 2446 postquam
1475 2414 1614 2444 acceptum

832 2467 882 2495 est,
897 2466 961 2495 etc.,
981 2460 1071 2488 statim
1088 2459 1187 2487 excidit
1203 2458 1262 2492 ejus
1275 2457 1400 2487 dulcedo,
1412 2461 1465 2483 etc.

869 2508 930 2535 125.
953 2506 1018 2533 Ἀπὸ
1030 2506 1095 2538 τῶν,
1111 2511 1176 2539 etc.,
1193 2503 1359 2538 συνετίσθην.
1377 2503 1400 2529 Α
1414 2500 1614 2536 justiﬁcationi-

833 2555 895 2585 ltus,
913 2558 965 2580 etc.

869 2600 930 2627 124.
949 2599 1042 2630 Ὅταν,
1066 2602 1130 2628 etc.,
1152 2596 1241 2631 φαίνει
1266 2604 1310 2631 μοι
1330 2595 1344 2621 ὁ
1359 2594 1438 2628 νόμος
1461 2601 1507 2618 σου
1523 2591 1562 2626 τῷ
1577 2590 1613 2626 μὴ

834 2644 1017 2682 προσκόψαντί
1040 2652 1084 2678 μοι
1106 2641 1276 2678 [προσκόψαι
1301 2639 1352 2676 με]
1373 2641 1405 2674 τῇ
1426 2637 1546 2673 ἁμαρτίᾳ
1564 2643 1614 2670 μου

834 2693 926 2718 πεσεῖν
943 2691 958 2726 ἢ
973 2688 1108 2724 πληγῆναί
1123 2697 1150 2714 τι
1164 2688 1212 2722 τῆς
1224 2706 1232 2716 .
1252 2691 1303 2713 etc.
1319 2685 1402 2715 Cum,
1423 2691 1487 2714 etc.,
1505 2686 1616 2717 apparet

835 2738 900 2765 mihi
915 2737 958 2764 lex
973 2741 1028 2767 tua,
1043 2742 1075 2762 ne
1089 2734 1227 2761 oﬁ‘endens
1244 2732 1269 2758 in
1286 2734 1426 2766 peccatum
1452 2728 1556 2759 cadam,
1568 2731 1616 2754 aut

835 2782 937 2817 aliquid
953 2780 1051 2808 mentis
1067 2787 1133 2806 mete
1145 2779 1312 2810 vulneretur,
1328 2780 1354 2803 et
1369 2773 1505 2802 illuminat
1519 2779 1573 2806 me,
1586 2777 1617 2800 ut

835 2829 918 2857 sciam
935 2827 1000 2863 quid
1016 2825 1112 2853 faciam
1123 2824 1136 2851 ?
