1884 3047
259 151 329 178 1⁸215

295 209 355 236 125.
375 211 490 245 Ὠμοσα,
507 216 559 239 etc.
571 211 677 246 iuravi,
693 219 745 242 etc.

295 255 357 281 126.
378 255 585 292 Ἐταπεινώθην.
603 263 655 286 etc.
675 259 838 288 llumiliatus
855 270 926 296 sum,
938 269 992 292 etc.

295 300 356 326 1‘27.
367 301 408 327 Τὰ
419 301 539 333 ἀκούσια,
553 308 605 331 etc.
623 303 793 338 Voluntaria,
807 311 859 334 etc.

294 345 355 372 128.
371 347 426 373 Καὶ
439 347 474 373 τὰ
487 348 618 383 κρίματα,
633 355 685 377 etc.
701 351 733 378 Et
745 352 858 386 judicia,
876 359 928 381 etc.

293 390 354 417 1'29.
375 391 406 417 Ἦ
420 392 491 428 ψυχή
508 403 569 429 μου,
587 400 638 423 etc.
654 397 750 424 Anima
762 406 832 430 mea,
850 403 901 426 etc.

294 437 353 464 150.
373 438 493 471 Ἐθεντο,
507 446 559 468 etc.
578 441 740 476 Posuerunt,
754 448 805 471 etc.

293 483 354 510 131.
373 484 604 522 Ἐκληρονέμησα,
618 493 669 516 etc.
689 488 858 524 llaercditat'i,
871 496 923 518 etc.

294 528 356 556 152.
371 530 493 563 Ἐκλινα,
509 537 561 561 etc.
577 533 719 566 lnclinavi,
733 540 786 563 etc.

294 573 356 600 135.
370 574 556 612 Παρανόμους,
571 583 622 606 etc.
641 579 761 615 Iniquus,
778 587 828 610 elc.

293 620 354 647 131.
367 621 468 657 Βοηθός
484 633 545 658 μου,
561 631 614 653 etc.
631 626 755 661 Adjutor,
768 633 820 656 etc.

294 665 355 693 155.
374 667 529 696 Ἐκκλίνατε
547 672 594 697 ἀπ’
611 672 689 707 ἐμοῦ.
706 678 756 700 etc.
773 674 920 707 Det-limite,
935 680 986 703 etc.

297 712 357 740 156.
378 714 549 749 Ἀντιλαϐοῧ,
577 722 640 752 etc.,
663 720 708 746 καὶ
734 720 868 756 ζήσομαι,
892 727 944 748 etc.
972 720 1042 748 Sus-

258 757 328 792 cipe.
345 763 398 786 etc.

298 804 357 830 157.
371 805 507 841 Βοήϐησόν
523 817 577 842 μοι,
592 814 645 837 etc.
664 810 767 846 Adjuva
783 820 834 844 me,
847 817 900 840 etc.

295 849 357 877 158.
375 850 581 885 Ἐξουδένωσξις.
597 859 651 882 etc.
670 855 811 890 Sprevisti,
822 862 873 884 etc.

295 895 355 922 159.
372 895 600 932 Παραῦαινοντας,
613 905 666 928 etc.
679 900 902 932 Prmvaricantes.
921 909 972 930 etc.

297 940 356 968 130.
373 942 547 977 Καοήλωπον,
562 950 614 972 etc.
628 945 748 982 Contige,
762 953 815 976 etc.

295 987 357 1014 111.
377 988 517 1024 Ἐποίησα,
534 996 586 1018 etc.
604 991 678 1024 Feci,
697 998 750 1021 etc.

700 156 729 184 S.
749 157 934 187 ATHANASII
955 161 1031 190 OPP.
1051 163 1141 192 PARS
1160 164 1202 192 ΙΙΙ.
1222 180 1257 186 -
1275 157 1480 195 ΕΧΕΟΕΤΙΟΑ.

1802 170 1866 197 1216

1057 225 1081 252 Α
1130 223 1192 251 112.
1207 225 1343 258 Ἕκδεξαι,
1359 231 1412 254 etc.
1429 226 1553 262 Suscipe,
1565 231 1617 255 etc.

1131 270 1190 296 115.
1207 271 1237 297 Οὶ
1255 271 1386 307 ὀφθαλμοί
1401 281 1464 308 μου,
1478 277 1531 301 etc.
1547 273 1625 302 Oculi
1641 276 1706 305 mei.
1720 282 1769 304 etc.

1131 315 1193 342 1-11.
1209 317 1334 351 Ποίησον,
1351 323 1402 345 etc.
1422 318 1486 350 Fac,
1500 325 1552 347 etc.

1132 361 1192 389 1.15.
1206 361 1304 393 Δοῦλός
1317 371 1373 394 σου,
1390 368 1441 390 etc.
1459 363 1560 392 Servus
1573 371 1647 399 tuus,
1658 371 1710 394 etc.

1132 407 1194 433 1.16.
1209 409 1321 444 Καιρός,
1339 414 1389 436 etc.
1403 409 1530 445 Tempul,
1545 416 1598 439 etc.

1134 453 1194 480 117.
1211 454 1258 480 Διὰ
1272 454 1362 487 τοῦτο,
1377 460 1430 482 etc.
1444 455 1515 486 Ideo.
1529 462 1581 484 etc.

1131 498 1193 525 1.18.
1207 499 1257 525 Διὰ
1269 499 1355 531 τοῦτο,
1368 505 1421 527 etc.
1440 500 1585 536 Propterea
1595 503 1639 536 ad,
1651 507 1703 531 etc.

1132 545 1193 572 119.
1211 545 1370 581 Θαυμαπτά,
1387 551 1438 574 etc.
1457 547 1600 582 Mirabilia,
1615 554 1670 577 etc.

1134 590 1193 618 .50.
1212 592 1244 617 '11
1261 591 1386 626 δήλωσις,
1404 598 1455 619 etc.
1474 593 1634 628 Declaratio,
1650 601 1704 622 etc.

1133 637 1193 663 151.
1214 637 1250 663 Τὸ
1267 637 1364 672 στόμα,
1378 642 1431 665 etc.
1447 637 1484 666 Os
1497 647 1597 671 meum,
1610 645 1665 667 etc.

1091 692 1094 695 ·
1130 682 1192 709 152.
1214 681 1382 717 Ἐπίῦλεψον,
1406 688 1472 716 etc.,
1493 684 1524 711 τὸ
1545 684 1630 720 ὄνομά
1655 694 1713 719 σου,
1733 691 1781 714 etc.
1794 687 1866 721 Aspi~

1093 735 1141 758 ee.
1158 732 1221 759 etc.,
1242 735 1339 754 nomen
1355 733 1442 760 tuum,
1458 734 1509 756 CIC.

1132 770 1192 797 153.
1208 770 1247 797 Τὰ
1260 771 1414 806 διαδήματα
1427 781 1488 807 μου,
1501 778 1552 801 etc.
1565 773 1682 803 Gressus
1697 783 1781 807 meos,
1791 782 1839 806 etc.

1129 816 1190 843 154.
1206 815 1350 850 Λύτρωσαί
1368 825 1412 851 με,
1427 822 1479 845 etc.
1495 818 1605 846 Redime
1617 827 1671 852 me,
1686 826 1739 848 etc.

1129 862 1189 888 159.
1210 861 1333 896 Ἐξέτηξέ
1348 871 1391 897 με,
1408 868 1461 891 etc.
1480 863 1631 893 Tabescere
1648 874 1703 898 me,
1720 871 1772 894 etc.

1060 900 1081 927 Β
1129 907 1189 933 160.
1203 907 1411 942 Πεπυρωμένον,
1427 914 1480 937 etc.
1498 910 1627 945 Ignitum,
1640 915 1700 939 etc.‘

1131 952 1193 981 161.
1209 952 1265 979 Καὶ
1279 954 1292 979 ὁ
1308 953 1399 986 δοῦλός
1411 962 1469 985 σου,
1484 958 1538 982 etc.
1552 954 1585 982 Et
1599 963 1696 984 servus
1707 962 1780 988 tuus.
1791 963 1838 986 etc.

820 1063 1006 1090 ATHANASII
1023 1060 1319 1089 lNTERPRETATlO.

294 1115 357 1144 125.
379 1117 406 1144 '0
423 1118 512 1154 ὅρκος,
528 1125 579 1148 etc.
594 1120 793 1156 Juramentum,
807 1129 858 1151 etc.

296 1163 356 1190 1‘26.
372 1164 542 1200 Κυριευθεὶς,
555 1172 619 1200 etc.,
635 1168 748 1195 ἐνώπιόν
761 1178 807 1196 σου
817 1179 825 1185 ·
837 1171 883 1197 καὶ
901 1170 981 1205 ζῆσόν
997 1179 1040 1206 με,

260 1207 351 1240 καθὼς
377 1209 508 1245 εἴρηκας·
535 1212 566 1241 ὁ,
592 1218 644 1239 etc.
673 1214 758 1241 Antea
793 1223 854 1241 eum
885 1215 1042 1242 dominare-

260 1258 314 1283 tur.
329 1259 380 1281 etc.
392 1274 399 1286 ,
413 1263 503 1283 coram
522 1261 563 1290 te;
578 1263 604 1284 et
617 1259 722 1286 viviﬁca
737 1267 779 1287 me
793 1269 799 1286 :
813 1261 1039 1295 quemadmodum

259 1298 365 1332 dixisti,
378 1305 429 1327 etc.

298 1343 358 1370 1'27.
373 1345 585 1381 Κατευουνθήτω
602 1349 617 1383 ἡ
634 1352 769 1386 προσευχὴ
792 1359 855 1386 μου,
871 1351 908 1382 ὡς
921 1351 1044 1387 θυμίαμα

261 1387 376 1415 ἐνώπιόν
391 1398 446 1417 σου.
471 1391 607 1427 Dirigatur
627 1395 714 1422 Oratio
729 1404 800 1429 mea,
816 1397 887 1424 sicut
903 1396 1044 1425 incensum

261 1433 289 1460 in
305 1441 449 1469 conspectu
464 1441 520 1464 tuo.

297 1479 358 1506 128.
376 1481 431 1507 Καὶ
446 1481 480 1508 τὰ
496 1482 590 1518 ἄδηλα,
605 1489 656 1511 etc.
675 1484 708 1512 Et
725 1486 837 1518 incerta,
851 1493 903 1515 etc.

297 1525 358 1552 129.
375 1526 410 1552 Σὺ
426 1527 569 1562 ἐξέδωκας,
582 1536 634 1556 etc.
650 1529 690 1557 Tu
707 1532 852 1565 tradidisti,
866 1538 919 1562 etc.

297 1569 358 1598 150.
379 1572 409 1598 Οἱ
423 1572 548 1607 δαίμονες
563 1575 693 1602 anesum
708 1585 764 1612 μοι,
778 1584 830 1606 etc.
848 1579 990 1609 Daemones
1003 1581 1044 1609 iu-

259 1617 382 1651 jecerunt
399 1619 474 1652 mihi,
491 1625 542 1647 etc.

298 1664 358 1690 131.
376 1665 575 1702 Κατετρὺφησα
591 1669 630 1700 ὲν,
644 1674 708 1701 etc.,
722 1670 794 1697 ἐστιν
810 1671 838 1698 ὲν
854 1673 903 1708 τῇ,
920 1677 973 1700 etc.
992 1672 1044 1700 Dc-

262 1709 369 1737 liciatus
385 1719 444 1738 sum
462 1712 488 1739 in
501 1714 611 1740 sciendo
625 1715 886 1748 Inauil‘estationem.
902 1723 966 1750 etc.,
976 1726 1045 1753 quo-

263 1756 336 1782 niam
354 1757 481 1791 gnudium
496 1758 631 1787 ineffabile
643 1765 684 1788 est
699 1762 725 1788 in
738 1763 821 1790 corde
832 1771 903 1791 meo.

300 1802 358 1828 132.
380 1803 527 1837 Ἐξέδωκα,
548 1810 617 1839 etc.,
641 1807 819 1844 εὐαρεστῆσαι
842 1817 883 1836 σοι
907 1809 968 1843 διά,
992 1815 1044 1837 etc.

263 1846 372 1875 Tradidi
389 1853 474 1877 totum
490 1851 622 1886 meipsum
639 1852 670 1879 ad
686 1853 845 1888 placendum
860 1855 918 1886 tibi,
933 1860 985 1882 etc.

299 1893 359 1921 153.
378 1894 456 1927 Τούς,
478 1901 543 1929 etc.,
560 1899 798 1934 περιεπτυσσόμην
812 1901 852 1932 ἐν,
881 1905 933 1927 etc.
949 1900 1047 1928 Vnien-

262 1943 316 1972 tes,
324 1944 387 1974 etc.,
393 1948 526 1977 praecepta
538 1948 629 1970 autem
644 1948 688 1972 tua
699 1946 841 1980 amplexus
854 1954 915 1974 sum
927 1947 952 1973 in
965 1947 1046 1974 corde

263 1992 335 2013 meo.

299 2031 358 2059 131.
373 2033 420 2064 Σύ,
432 2038 497 2067 etc.,
513 2037 567 2067 τοῖς
581 2035 735 2071 εἰρημένοις
751 2044 805 2071 μοι,
821 2042 886 2070 etc.,
908 2036 959 2070 Tu,
980 2043 1044 2071 etc.,

263 2085 324 2113 qua:
337 2079 407 2106 dicta
422 2085 486 2107 sunt
499 2089 514 2108 a
530 2086 555 2109 te
572 2082 639 2109 milii
655 2083 699 2114 de,
713 2088 764 2110 etc.

299 2125 360 2153 155.
380 2126 604 2163 Ἀναχωρήσατε,
632 2132 696 2162 etc.,
723 2128 752 2155 τὸ
776 2128 853 2161 πῶς,
883 2134 935 2157 etc.
960 2129 1046 2157 Bece-

264 2169 329 2204 dite,
345 2176 398 2200 etc.

299 2217 360 2245 156.
381 2218 474 2246 Ῥῐααί
491 2229 536 2255 με,
549 2226 601 2248 etc.
615 2219 711 2248 Libera
728 2228 780 2254 me,
796 2225 848 2248 etc.

300 2263 360 2290 157.
377 2265 538 2299 Κύκλωσον,
561 2271 626 2299 etc.,
642 2257 717 2293 οὗδέν
735 2275 779 2301 μοι
794 2266 860 2303 ἄλλη
882 2267 975 2298 ἔσται,
992 2271 1044 2294 etc.

263 2307 418 2341 Circumda,
431 2316 496 2344 etc.,
513 2313 586 2339 nulla
600 2313 665 2339 mihi
682 2312 734 2339 alia
749 2313 800 2339 erit
814 2320 890 2345 cura,
904 2317 957 2340 etc.
1014 2343 1022 2351 ἢ

301 2354 360 2384 158.
375 2355 436 2383 Ὀτι
458 2358 482 2384 οι
508 2358 558 2392 μὲν
579 2358 628 2385 οὐκ
646 2358 818 2391 ἐπίστευσαν,
835 2363 887 2386 etc.
911 2357 1045 2391 Quoniam

263 2401 309 2428 alii
323 2401 432 2436 quidem
448 2410 502 2430 non
518 2404 700 2435 crediderunt,
714 2408 767 2431 etc.

300 2447 361 2474 159.
381 2448 569 2485 Ἐλογισάμην,
582 2454 647 2481 etc.,
662 2450 687 2475 οἱ
699 2451 747 2485 τῆς
760 2449 902 2483 ἀσελγείας
919 2448 1047 2484 κεκολλη-

266 2491 352 2527 μένοι,
366 2496 430 2525 etc.,
448 2493 532 2521 ἐστίν.
548 2494 681 2529 Cogitavi,
696 2499 747 2520 etc.

301 2539 361 2566 μω.
376 2539 541 2575 Πεπηγέναι,
557 2545 608 2567 etc.
626 2539 680 2566 Fac
696 2543 723 2566 ut
740 2539 896 2570 immobilis,
914 2542 966 2567 etc.

300 2585 361 2612 141.
383 2585 545 2613 Ἐπίστευσα
566 2587 606 2618 εἰς
624 2585 654 2612 σὲ
669 2584 770 2617 καθώς,
791 2590 843 2612 etc.
856 2583 964 2611 Ctedidi
979 2585 1005 2612 in
1022 2589 1047 2613 te

265 2632 504 2667 quemadmodum,
518 2637 570 2660 etc.

301 2679 361 2706 112.
379 2677 610 2713 Μακροθύμησον,
624 2683 689 2710 etc.,
708 2676 894 2712 κατηγορῆσαί
914 2685 964 2712 μου
977 2676 1046 2712 πρὸς

265 2725 305 2752 σέ.
322 2724 459 2751 Patienter
472 2731 516 2751 me
527 2727 651 2757 exspecta
663 2742 670 2754 ,
684 2727 736 2750 etc.

301 2769 362 2798 145.
390 2770 469 2802 ὐλος
499 2770 513 2796 ό
540 2769 621 2802 πόθος
649 2769 699 2804 μού
722 2769 781 2795 ἐστι
809 2767 839 2794 τὸ
862 2767 986 2800 δέξασθαι
1012 2776 1046 2803 με

265 2816 313 2850 τήν
324 2835 332 2848 ,
346 2820 398 2843 etc.
415 2815 510 2847 Omne,
529 2821 580 2843 etc.

303 2859 364 2887 ιιι.
375 2861 490 2892 Ποίησον
505 2862 564 2892 μετ’
577 2860 653 2893 ἐμοῦ,
667 2865 730 2893 etc.,
746 2860 792 2886 τοῦ
805 2859 895 2890 ἐλέους
908 2867 963 2891 σου,
980 2863 1043 2891 etc.,

1092 1122 1126 1148 τὰ
1140 1121 1310 1156 δικαιώματά
1326 1130 1382 1149 σου,
1397 1121 1451 1149 Fac
1468 1130 1586 1156 mecum,
1603 1129 1669 1157 etc.,
1687 1126 1864 1154 misericordia:

1093 1172 1155 1197 tute.
1172 1171 1237 1199 etc.,
1253 1171 1282 1193 ut
1294 1167 1501 1201 justiﬁcationes
1518 1174 1579 1196 tuas
1596 1169 1721 1197 eﬂiciam.

1129 1211 1190 1239 115.
1207 1211 1400 1247 Ἐξηγόρασας,
1412 1218 1476 1245 etc.,
1488 1214 1572 1249 τιμίῳ
1587 1222 1644 1248 σου,
1658 1221 1724 1249 etc.,
1741 1216 1788 1252 τὴν
1797 1218 1863 1251 χάριν

1095 1267 1160 1291 σου,
1181 1263 1246 1290 etc.,
1267 1258 1298 1284 τὸ
1317 1257 1391 1290 πῶς,
1409 1263 1461 1286 etc.
1488 1257 1633 1287 Redemisti
1647 1280 1654 1293 ,
1671 1266 1736 1293 etc.,
1759 1263 1863 1296 pretioso

1094 1309 1151 1336 ‘uo,
1167 1310 1230 1333 εις..
1245 1302 1358 1337 gratiam
1374 1307 1459 1330 tuam.
1476 1308 1528 1330 etc.

1127 1349 1189 1376 146.
1206 1348 1263 1375 Νῦν
1275 1349 1358 1380 ἐστιν,
1375 1353 1426 1375 etc.
1444 1347 1521 1375 Nunc
1535 1354 1642 1383 tempus
1654 1355 1706 1380 est,
1724 1356 1776 1378 etc.

1128 1395 1188 1422 117.
1204 1393 1254 1420 Διὰ
1269 1393 1347 1420 τοῦτο
1361 1414 1367 1424 ,
1383 1399 1436 1420 etc.
1459 1394 1566 1430 Ἐπειδὴ
1580 1393 1626 1421 οὖν
1638 1393 1718 1428 οὗτος
1734 1398 1748 1422 ὁ
1766 1396 1865 1427 πλοῦτος

1092 1440 1259 1475 πρόσκαιρος
1269 1459 1276 1470 ,
1295 1439 1309 1464 ὁ
1323 1438 1351 1464 δὲ
1368 1438 1411 1465 διὰ
1426 1439 1478 1465 τῶν
1493 1439 1608 1465 ἐντολῶν
1625 1448 1671 1466 σου
1690 1440 1801 1472 πλοῦτος
1812 1441 1864 1466 αἰὼ-

1093 1493 1148 1516 νιος
1165 1485 1293 1520 ὑπάρχει,
1305 1485 1349 1512 διὰ
1362 1485 1440 1511 τοῦτο
1458 1485 1567 1518 μᾶλλον,
1581 1490 1633 1513 etc.
1652 1485 1729 1513 Nunc
1746 1492 1795 1519 est,
1811 1493 1863 1516 etc.

1056 1535 1078 1564 (ζ
1094 1530 1158 1564 quia
1173 1529 1254 1564 igitur
1273 1535 1420 1564 praesentes
1444 1531 1545 1558 divitia
1561 1532 1733 1565 temporaria:
1748 1539 1817 1564 sunt,
1832 1533 1863 1559 di-

1094 1575 1166 1602 vitiae
1189 1580 1278 1603 autem
1307 1584 1340 1603 ex
1362 1577 1502 1611 praeceptis
1527 1577 1581 1604 tuis
1601 1583 1709 1605 aeterna:
1722 1580 1863 1608 exsistunt,

1094 1626 1235 1656 propterea
1253 1623 1338 1657 magis
1352 1623 1443 1655 dilexi,
1460 1628 1511 1650 etc.

1129 1667 1191 1694 118.
1208 1667 1256 1694 Διὰ
1270 1667 1360 1700 τοῦτο,
1377 1673 1442 1701 etc.,
1460 1668 1622 1696 ἀπέϐλεπον.
1641 1669 1795 1705 Propterea,
1811 1676 1863 1701 etc.,

1095 1713 1282 1748 respiciebam.

1131 1757 1192 1784 119.
1207 1757 1300 1793 [lcian
1315 1757 1470 1794 ἐκπλήξεως
1488 1761 1575 1794 μεστά
1591 1761 1654 1793 εισι,
1670 1766 1734 1794 etc.,
1748 1761 1786 1796 τῷ
1797 1761 1863 1786 δυνα-

1097 1803 1181 1838 μένῳ,
1199 1807 1252 1831 etc.
1275 1802 1326 1830 Διὰ
1339 1804 1419 1830 τοῦτο
1431 1802 1488 1836 οὖν,
1501 1809 1564 1838 etc.,
1580 1805 1633 1832 τῶν
1647 1806 1773 1841 Γραςῶν.
1792 1805 1863 1834 Testi-

1095 1849 1185 1875 monia
1204 1852 1248 1875 tua
1261 1848 1339 1883 plena
1354 1855 1427 1881 sunt,
1444 1855 1510 1882 etc.,
1525 1855 1668 1885 propterea
1682 1851 1774 1886 igitur,
1787 1858 1833 1878 etc.

1132 1893 1191 1921 150.
1218 1894 1251 1920 Ἡ
1275 1894 1407 1930 ἑρμηνεία
1430 1895 1494 1930 περὶ
1530 1896 1559 1922 τὸ
1585 1897 1689 1930 νοῆσαι.
1719 1898 1862 1932 Interpreta-

1096 1940 1145 1970 tio.
1159 1944 1210 1967 etc.

1139 1986 1197 2014 151.
1226 1986 1328 2022 Διψῶν,
1353 1992 1418 2019 etc.,
1443 1987 1535 2023 ἐπειδὴ
1558 1988 1712 2024 ἐπεθύμουν
1733 1989 1861 2023 ἐπιγνῶναι

1095 2032 1144 2068 τὴν
1161 2033 1307 2069 ἑρμηνείαν
1322 2033 1376 2060 τῶν
1389 2033 1510 2069 Τραφῶν
1526 2042 1584 2060 σου.
1605 2034 1717 2067 Sitiens,
1732 2041 1793 2067 etc.,
1808 2041 1861 2070 quo-

1097 2078 1168 2104 niam
1189 2078 1377 2105 desiderabam
1393 2086 1541 2114 agnoscere
1557 2079 1804 2115 interpretationem
1817 2086 1861 2107 tua-

1096 2131 1156 2150 rum
1173 2122 1386 2158 Scripturarum.

1134 2169 1194 2196 152.
1209 2169 1309 2202 Καθὼς
1331 2171 1464 2206 ὲφόρεσας
1477 2170 1554 2204 τούς,
1567 2176 1634 2203 etc.,
1649 2172 1696 2198 ml.
1709 2172 1814 2208 ἐλέησόν
1827 2180 1860 2207 με.

1058 2206 1085 2236 Ῑ)
1098 2213 1331 2247 Quemadmodum
1347 2216 1501 2250 respexisti,
1516 2221 1582 2247 etc.,
1597 2221 1625 2244 et
1637 2217 1766 2244 miserere
1780 2218 1834 2244 mei.

1132 2260 1193 2288 155.
1210 2261 1266 2297 Τὴν
1280 2261 1442 2297 προθυμίαν,
1459 2267 1511 2289 etc.
1529 2261 1582 2290 Fac
1595 2270 1642 2290 cor
1656 2271 1756 2295 meum.
1773 2269 1820 2290 etc.

1132 2306 1193 2334 151.
1208 2307 1351 2343 Λύτρωσαι
1375 2316 1408 2343 με
1431 2308 1484 2334 ἀπὸ
1509 2308 1598 2344 πάσης
1624 2309 1801 2343 συκοφαντίας
1825 2306 1860 2334 καὶ

1096 2352 1222 2388 ἀφορμῆς
1235 2372 1242 2386 ,
1265 2358 1318 2380 etc.
1346 2351 1443 2380 Libera
1464 2360 1508 2381 me
1528 2353 1562 2380 ab
1577 2354 1651 2381 omni
1673 2353 1767 2381 fraude
1786 2358 1811 2381 et
1829 2353 1859 2378 in-

1097 2406 1189 2427 CUI‘SU.
1206 2403 1258 2424 etc.

1133 2443 1193 2471 159.
1215 2443 1398 2480 Ἐμαράνθην,
1407 2449 1471 2477 etc.,
1482 2444 1628 2476 λαλοῦντας
1641 2446 1715 2480 περι,
1723 2450 1773 2472 etc.
1786 2443 1858 2471 Emat-

1096 2489 1141 2518 cui
1157 2495 1239 2523 totus,
1263 2495 1328 2523 etc.,
1353 2490 1493 2518 hmreticos
1507 2491 1643 2517 contraria
1665 2490 1807 2526 Scripturis
1818 2489 1857 2515 tuis

1097 2537 1236 2572 loquentes
1247 2536 1279 2562 de
1293 2536 1344 2563 ﬁde
1359 2540 1415 2563 tua.
1439 2546 1442 2550 -
1579 2537 1582 2541 '

1134 2581 1194 2608 1611.
1213 2581 1333 2616 Ἐπειδή,
1346 2586 1408 2614 etc.,
1421 2581 1562 2616 ὑπάρχεις,
1577 2586 1641 2613 etc.,
1658 2581 1790 2618 καλάμην,
1802 2587 1856 2607 τουτ-

1097 2627 1170 2655 έστιν
1191 2628 1218 2654 αἱ
1239 2627 1351 2663 πράξεις
1372 2628 1400 2653 αἱ
1425 2627 1547 2663 πονηραί.
1573 2627 1706 2661 Quoniam
1729 2629 1793 2663 ignis
1813 2627 1855 2662 ipse

1101 2673 1220 2704 exsistis.
1233 2677 1297 2704 etc.,
1313 2673 1451 2707 stipulam,
1466 2673 1518 2700 hoc
1530 2678 1572 2700 est
1582 2681 1679 2708 pravas
1693 2673 1852 2708 operationes.

1132 2722 1192 2749 161.
1214 2722 1242 2748 Ὁ
1257 2722 1284 2748 δὲ
1294 2721 1385 2753 δοῦλός
1398 2729 1454 2754 σου,
1466 2726 1529 2755 etc.,
1546 2721 1593 2753 τὰς
1608 2722 1637 2748 ὲν
1653 2721 1741 2756 ἑαυτῷ
1755 2719 1852 2748 ἀκάνθας

1096 2769 1142 2795 τοῦ
1159 2768 1226 2803 βίου.
1250 2768 1301 2800 Qui
1316 2773 1405 2795 autem
1425 2775 1529 2798 servus.
1542 2772 1608 2801 etc.,
1624 2767 1687 2795 vita
1699 2767 1787 2807 spinas
1797 2766 1821 2792 in
1832 2771 1851 2791 se

1096 2817 1154 2850 ipso
1169 2814 1312 2842 comburit.
