1930 3046
50 141 120 168 1221

181 197 243 233 ῼδὴ
262 206 321 224 των
333 198 528 233 Ἀναὸαθμῶν.
545 201 630 227 ΨΑΛ.
651 199 716 226 PK'.

87 244 114 270 1.
124 241 201 278 Ἦρα
227 243 289 274 τοὺς
311 242 467 278 ὀφθαλμούς
481 253 530 279 μου
553 245 592 275 εἰς
605 248 638 270 τα
652 245 712 279 ὅρη,
728 244 788 271 ὅθεν
802 244 838 279 (ιι)

49 290 110 325 ἥξει
125 291 142 324 ὴ
163 288 273 324 βοήθειὰ
291 297 351 324 μου.

87 335 115 362 2.
131 335 162 361 Ἡ
180 334 291 370 βοήθειά
307 343 356 369 μου
372 334 445 369 παρὰ
458 334 572 370 Κυρίου,

85 380 113 407 3.
134 379 187 406 Τοῦ
204 381 365 415 ποιήσαντος
380 380 425 406 τὸν
440 380 553 415 οὺρανδν
565 381 611 406 καὶ
625 381 674 416 τὴν
690 381 749 415 γῆν.

85 427 115 453 ι.
135 427 180 459 Μὴ
195 426 265 461 δῲης
280 427 320 457 εἰς
332 426 412 452 σάλον
423 426 469 452 τὸν
487 426 554 453 πόδα
570 435 627 458 σου,

83 472 114 499 5.
135 472 211 507 Μηδὲ
223 470 341 507 νυστάξῃ
356 472 369 498 ὁ
381 471 523 506 φυλάσσων
537 481 575 498 σε.

86 518 114 545 6.
128 518 192 544 Ἰδοὺ
209 518 239 544 οὐ
250 518 384 550 νυστάζει,
398 517 458 543 οὐδὲ
472 516 588 545 ὑπνὼσει
605 517 619 543 ὁ
635 516 779 552 φυλάσσων
793 515 838 542 τὸν

56 563 176 600 Ἰσραήλ.

86 609 113 637 7.
132 609 232 645 Κύριος
244 608 354 644 φυλάξοι
369 617 410 642 σε,

85 654 112 683 8.
127 654 230 690 Κύριος
246 655 333 691 σκέπη
349 663 388 681 σοι
398 653 469 690 [σου]
480 654 526 680 ἐπὶ
538 655 617 690 χεῖρα
627 654 717 687 δεξιάν
736 662 792 681 σου.

85 753 110 780 9.
134 753 254 789 Ἡμέρας
266 755 279 781 6
293 755 368 790 ἥλιος
383 755 413 781 οὐ
430 753 579 788 συγκαύσει
589 762 636 780 σε·

85 800 129 827 10.
143 800 208 827 Οὐδὲ
222 801 239 836 ἡ
256 800 354 835 σελήνη
371 800 420 835 τὴν
429 799 523 826 νύκτα.

86 846 127 873 Η.
145 846 248 882 Κύριος
264 846 376 883 φυλάξοι
392 854 421 872 σε
436 846 490 872 ἀπὸ
505 844 604 876 παντὸς
615 845 701 872 κακοῦ
711 852 717 859 ·

84 890 126 918 12.
142 891 256 924 Φυλάξιη
269 891 318 926 τὴν
330 891 418 926 ψυχήν
433 899 480 917 σου
492 891 506 917 ὁ
519 889 632 926 Κύριος.

501 140 544 168 DE
564 141 701 169 TITULIS
721 138 946 168 PSALMORUM.
966 154 1000 158 —
1021 137 1119 166 PSAL.
1138 137 1217 166 CXX.

1607 139 1617 165 ί
1623 139 1676 166 223

1020 196 1158 224 Canticum
1174 195 1320 223 Graditum.
1335 193 1435 221 PSAL.
1452 193 1537 222 CXX.

926 243 951 269 ί.
973 241 1070 269 Levavi
1097 241 1190 268 oculos
1216 248 1291 267 meos
1319 241 1345 267 iu
1372 244 1486 272 montes,
1504 239 1575 266 unde
1586 239 1676 266 veniet

890 289 1019 315 auxilium
1036 288 1113 315 mihi.

924 335 951 361 2.
972 334 1110 360 Auxilium
1127 340 1215 359 meum
1230 340 1244 358 a
1261 331 1385 363 Domino,
1410 356 1413 360 ,

923 380 950 407 5.
971 380 1022 413 Qui
1037 380 1101 407 fecit
1116 379 1214 406 cmlum
1228 382 1253 405 et
1270 383 1379 405 terram.

923 427 949 454 4.
970 427 1029 454 Non
1046 428 1091 455 det
1105 427 1130 454 iu
1145 427 1354 454 commotionem
1369 425 1463 460 pedem
1478 429 1567 456 tuum.

923 474 950 501 5.
970 473 1064 509 Neque
1079 473 1204 500 dormitet
1218 473 1264 507 qui
1281 471 1400 499 custodit
1415 477 1450 498 te.

923 519 949 546 6.
971 519 1040 547 Ecce
1055 527 1109 546 non
1126 518 1294 552 dormitabit,
1322 525 1410 552 neque
1434 515 1552 543 dormiet
1567 515 1612 550 qui
1626 523 1674 543 ou-

888 565 969 593 slodit
983 565 1074 592 Israel.

922 613 949 638 7.
966 612 1096 639 Dominus
1108 611 1226 639 custodit
1241 615 1284 638 te:

922 657 948 684 8.
965 657 1095 685 Dominus
1106 657 1239 692 protectio
1250 661 1305 690 tua,
1315 662 1397 684 super
1408 661 1518 682 manum
1533 652 1670 680 dexteram

887 707 971 730 tuam.

922 750 947 778 9.
963 749 1012 777 Per
1023 749 1093 776 diem
1108 748 1149 776 sol
1163 755 1217 775 nou
1232 751 1293 774 uret
1308 751 1333 774 te
1346 755 1353 774 :

922 796 966 823 10.
982 794 1074 830 Neque
1088 795 1150 820 luna
1169 801 1216 828 per
1227 797 1345 820 noctem.

922 842 966 869 11.
983 840 1113 867 Dominus
1125 839 1242 867 custodit
1256 844 1281 866 te
1295 838 1330 865 ab
1344 837 1417 864 omni
1432 837 1521 865 malo:

849 878 870 905 Β
919 886 963 913 12.
977 885 1120 913 Custodiat
1133 884 1252 911 animam
1267 887 1343 910 tuam
1356 882 1499 910 Dominus.

86 947 122 982 (a)
137 945 214 974 Vers.
229 946 257 974 2.
268 946 352 974 Πόθεν
365 946 434 982 ἥξει,
449 951 501 974 etc.
517 945 595 974 Vcrs.
610 947 677 974 5.11
689 945 826 982 βοήθειά,ε

901 945 950 980 τὴν
966 944 1028 980 γῆν.

606 1011 794 1039 ATHANASH
813 998 1108 1038 ΠἚΤΕΠΡΒΕΤΑἸΊΟ.

88 1081 119 1108 Ἡ
134 1081 300 1117 προκειμένη
313 1081 449 1118 ἐπιγραφὴ
462 1082 592 1118 περιέχει·
608 1082 677 1117 ’ῼδὴ
688 1082 747 1108 τῶν
756 1081 957 1116 Ἄγαϐαθμῶν·
973 1079 1164 1115 ἐξομολόγησις
1178 1078 1215 1114 (Ι)
1229 1076 1284 1104 τῶν
1295 1076 1423 1104 ἀνιέντων
1436 1075 1490 1103 ἀπὺ
1500 1075 1547 1102 τοῦ
1562 1074 1669 1111 πρώτου

47 1125 151 1162 βαθμοῦ
170 1127 216 1153 ἐπὶ
232 1127 278 1154 τὸν
295 1127 428 1163 δεύτερον,
445 1129 582 1155 τουτέστιν
595 1129 648 1155 ἀπὸ
663 1128 713 1163 τῆς
733 1128 952 1164 ἐξομολογήσεως
965 1127 1018 1154 τῶν
1039 1125 1180 1162 ἁμαρτιῶν
1202 1124 1259 1159 ἆμα
1274 1124 1369 1159 νήφειν
1382 1124 1415 1159 τῇ
1440 1123 1479 1158 (2)
1493 1122 1607 1157 διανοίᾳ,
1622 1121 1669 1147 καὶ

47 1172 96 1206 τὴν
110 1173 233 1209 βοήθειαν
246 1174 327 1201 αὐτοῦ
341 1175 542 1209 ἐπιγινώσκειν,
558 1176 653 1211 ὅτιπερ
667 1176 740 1210 παρὰ
752 1175 818 1202 Θεοῦ
831 1176 915 1202 ἐστιν.

84 1217 192 1246 Titulus
202 1220 362 1254 praepositus
379 1220 502 1247 continet
518 1229 525 1247 :
541 1214 680 1247 Canticum
696 1219 852 1252 Graduum,‘
870 1218 1007 1247 confessio
1021 1215 1224 1246 ascendentium
1237 1222 1251 1241 a
1265 1214 1353 1249 primo
1368 1213 1453 1249 gradu
1466 1212 1493 1240 in
1508 1213 1667 1245 secundum,

47 1264 98 1291 hoc
113 1268 153 1291 est
171 1272 186 1291 a
200 1263 371 1293 c0ufessione
383 1269 557 1300 peccatorum
571 1265 605 1292 ad
617 1265 699 1293 simul
713 1265 898 1300 evigilandum
915 1268 1016 1297 mente,
1033 1268 1061 1290 et
1073 1263 1107 1290 ad
1119 1260 1322 1298 agnoscendum
1336 1259 1467 1286 auxilium
1489 1267 1579 1293 suum,
1595 1259 1668 1294 quod

44 1318 62 1336 a
78 1310 132 1338 Deo
144 1314 195 1338 est.

82 1356 108 1383 1.
125 1357 260 1384 Ἀνέτεινα
287 1358 350 1389 τοὺς
373 1357 527 1394 ὀφθαλμοὺς
557 1358 605 1393 τῆς
631 1358 750 1390 διανοίας
778 1366 828 1393 μου

45 1403 159 1430 ἀκοῦσαι
181 1403 256 1439 παρὰ
276 1404 330 1430 τῶν
351 1404 436 1438 ἁγίων
450 1404 576 1440 Γραφῶν,
594 1404 676 1432 πόθεν
692 1403 830 1431 ἐλεύσεται

45 1450 63 1483 ὴ
75 1448 183 1485 βοήθειά
194 1457 255 1484 μου.

81 1494 107 1525 2,
129 1495 154 1520 5.
179 1496 234 1522 Καὶ
255 1495 358 1531 ἥκουσα
377 1496 406 1522 ὲν
426 1495 529 1528 αὑταῖς,
549 1496 589 1522 ὄτι
612 1497 629 1532 ἡ
647 1495 757 1532 βοήθειά
781 1504 831 1531 μου

45 1539 120 1575 παρὰ
135 1540 237 1575 Κυρίου
253 1540 342 1567 ἔσεται
357 1541 395 1577 (5)
409 1541 456 1568 τοῦ
471 1541 636 1578 δημιουργοῦ
653 1542 761 1568 πάντων
777 1541 830 1568 τῶν

43 1585 150 1621 ὁρατῶν
166 1586 213 1612 καὶ
228 1587 282 1612 τῶν
293 1587 427 1622 ἀοράτων.

78 1632 105 1658 4.
125 1632 296 1667 Παραγγελεϊ
313 1632 351 1667 (ί)
363 1632 435 1667 αὐτῷ
448 1633 540 1659 λοιπὸν
551 1633 565 1658 6
575 1632 640 1664 Θεός
650 1640 656 1647 ·
673 1631 778 1667 Μηκέτι
791 1631 831 1664 είς

44 1678 89 1704 τὸν
97 1677 202 1704 ὄλισθον
210 1677 263 1704 τῶν
272 1678 411 1714 προτέρων
421 1687 467 1705 σου
476 1678 679 1714 ἁμαρτημάτων
687 1677 829 1712 περιπάτει

43 1722 238 1759 (περιπατεῖνῇ
262 1723 361 1756 Σάλος
384 1724 437 1759 γὰρ
455 1723 617 1757 πειρασμὸς
639 1722 827 1758 ἑρμηνεύεται.

77 1769 104 1797 5.
121 1769 196 1805 Μηδὲ
211 1770 238 1796 δὲ
261 1769 371 1806 ὑπνὼσῃ
392 1771 406 1796 6
422 1769 484 1800 νοῦς
498 1778 544 1796 σου
559 1768 606 1795 τοῦ
621 1767 713 1794 λοιποῦ
726 1769 766 1799 εἰς
779 1767 828 1803 τὴν

42 1815 188 1850 ἁμαρτίαν,
203 1815 270 1842 ἀλλὰ
296 1815 476 1851 γρηγορειτω,
498 1814 545 1842 καὶ
570 1813 761 1850 προσευχέσθω
781 1812 827 1839 τοῦ

44 1861 81 1895 μὴ
94 1861 223 1894 ἐμπεσεῖν
237 1860 276 1892 είς
287 1860 450 1895 πειρασμόν.

77 1905 104 1931 6.
119 1905 184 1932 Ἰδοὺ
208 1904 290 1941 [οὐδὲ]
320 1906 449 1941 στιγμὴν,
481 1905 542 1932 οὐδὲ
569 1904 665 1940 χρόνον
698 1903 828 1940 παραλεί-

43 1959 89 1978 πει
105 1952 144 1987 (5)
161 1953 175 1978 ὁ
191 1951 256 1983 Θεὸς
277 1951 393 1987 ἐφορῶν,
413 1951 460 1978 καὶ
478 1951 621 1986 φυλάσσων
637 1950 683 1977 τὸν
700 1950 761 1978 νοῦν
782 1950 827 1977 τὸν

41 1997 147 2032 ὁρῶντα
157 1997 247 2024 αὐτόν.
265 1997 389 2031 Ἰσραὴλ
399 1997 452 2032 γὰρ
465 1997 643 2032 ἑρμηνεύεται
653 1996 730 2031 ὀρῶν
742 1996 825 2023 Θεόν.

77 2044 142 2076 ’1,8.
157 2044 259 2079 Κύριος
271 2045 302 2070 ὲκ
315 2043 409 2076 δεξιῶν
435 2043 481 2070 σού
507 2044 580 2069 ἐστιν
609 2042 752 2077 φυλάσσων
779 2042 826 2069 καὶ

42 2089 152 2116 σκέπων
167 2089 204 2125 (6)
223 2090 262 2120 εἰς
274 2089 307 2115 τὰ
322 2089 390 2123 ἔργα
404 2088 588 2123 δικαιοσύνης.

75 2137 103 2164 9.
125 2136 169 2162 Ἐν
182 2136 220 2171 τῷ
237 2136 306 2170 φωτὶ
318 2135 355 2163 ὣν
368 2136 404 2171 (7)
420 2135 506 2171 [ὄντα]
525 2137 598 2161 πᾶσα
611 2134 699 2169 θέρμη
713 2141 826 2169 πειρασ-

42 2180 94 2214 μοῦ
107 2181 138 2207 οὺ
157 2181 268 2216 ξηραιιεί
284 2189 313 2207 σε
324 2188 330 2194 ·
348 2180 420 2215 ἔχεις
443 2179 497 2214 γὰρ
511 2180 539 2206 ὲν
553 2180 659 2210 ἑαυτοῖς
673 2178 722 2213 τὴν
735 2178 825 2213 πηγὴν

40 2226 89 2261 τῆς
102 2226 184 2261 ζωῆς.

73 2272 119 2298 10.
133 2271 200 2298 Οὐδὲ
226 2272 243 2307 ἡ
268 2271 359 2307 ἀπάτη
375 2271 421 2298 τοῦ
437 2271 495 2306 βίου
512 2270 605 2298 τούτου
622 2271 651 2296 ὲν
679 2268 718 2305 τῷ
734 2269 824 2296 σκότει

42 2317 180 2352 κυριεύσει
198 2325 255 2343 σου.

75 2362 120 2395 ﬂ,
138 2363 180 2389 12.
203 2363 246 2389 Ἐν
264 2364 296 2399 τῇ
312 2363 403 2399 ἡμέρᾳ
423 2363 473 2397 τῆς
494 2361 609 2398 κρίσεως
636 2362 650 2387 6
672 2361 774 2396 Κύριος
792 2361 823 2388 οὗ

42 2407 189 2440 συγκαύσει
206 2416 251 2434 σε·
266 2408 296 2434 οὐ
319 2408 373 2443 γὰρ
390 2407 497 2442 μέλλεις
519 2406 591 2442 ἔχειν
610 2405 724 2432 τοιαῦτα
742 2405 821 2439 ἔργα,

42 2453 99 2487 μαλ’
112 2450 148 2480 ὧν
159 2453 283 2488 ὼφείλεις
294 2453 333 2488 τῷ
347 2453 413 2488 πυρὶ
425 2451 620 2487 παραδοθῆναι,
633 2451 718 2485 οὐδὲὴ
736 2450 822 2485 πρόσ-

41 2508 134 2535 καιρος
145 2499 210 2533 δόξα
222 2499 277 2526 τῶν
289 2498 426 2534 ἀρχόντων
437 2498 484 2525 τοῦ
504 2498 606 2533 κόσμου
623 2496 717 2523 τούτου
728 2497 745 2531 ἡ
762 2495 821 2522 κατ’

41 2544 126 2579 ὀλίγον
142 2544 283 2579 φθίνουσα,
300 2544 394 2580 ὥσπερ
407 2545 423 2580 ἡ
445 2543 542 2579 σελήνη
552 2563 560 2575 ,
574 2540 821 2570 καταδυναστεύσει

43 2596 87 2614 σου
105 2588 153 2624 (8).

915 1357 942 1384 Ι.
970 1355 1073 1383 Intendi
1091 1354 1184 1382 oculos
1200 1354 1298 1380 mentis
1321 1359 1388 1380 meae
1409 1351 1443 1378 ad
1469 1351 1632 1379 audiendum
1650 1358 1667 1378 α

879 1401 981 1430 sanctis
996 1400 1152 1435 Scripturis,
1171 1399 1242 1426 unde
1257 1397 1347 1425 veniet
1362 1397 1494 1425 auxilium
1507 1396 1587 1423 mihi.

915 1488 942 1521 2,
955 1488 982 1516 5.
1000 1487 1034 1514 Et
1045 1495 1077 1514 ex
1092 1487 1158 1521 ipsis
1171 1486 1272 1518 audivi,
1284 1485 1357 1520 quod
1371 1484 1503 1512 auxilium
1514 1491 1603 1512 meum
1615 1485 1667 1511 erit

882 1542 897 1561 a
912 1534 1029 1561 Domino
1046 1537 1168 1561 creatore
1191 1531 1339 1559 visibilium
1355 1530 1519 1565 omnium_‘et
1541 1529 1665 1557 invisibi-

882 1581 1137 1652 llllA;Ij.Denuiiti:tbit
1151 1621 1247 1649 deinde
1261 1621 1313 1656 ipsi
1328 1620 1399 1648 Deus
1416 1630 1423 1647 :
1436 1619 1476 1647 Ne
1490 1620 1608 1654 amplius
1623 1620 1665 1647 iu-

879 1671 960 1698 cedas
988 1671 1014 1696 in
1037 1669 1141 1696 lubrico
1166 1667 1334 1694 auteriorum
1355 1671 1464 1692 tuorum
1478 1669 1663 1700 peccatorum.

879 1716 957 1744 Salos
969 1715 1040 1742 enim
1054 1714 1163 1741 tentalio
1178 1713 1380 1747 interpretatur.

914 1761 940 1789 5.
958 1760 1050 1795 Neque
1065 1768 1141 1787 meus
1160 1763 1205 1785 tua
1222 1757 1341 1785 dormiat
1357 1757 1382 1783 in
1399 1760 1536 1791 posterum
1552 1755 1579 1782 in
1598 1762 1662 1790 pec-

877 1811 950 1839 cato,
967 1807 1013 1834 sed
1027 1807 1130 1841 vigilet,
1143 1810 1169 1832 et
1183 1810 1251 1837 oret,
1267 1812 1300 1831 ne
1315 1803 1417 1831 incidat
1431 1803 1457 1829 in
1471 1802 1659 1829 teutationem.

913 1854 939 1881 6.
958 1853 1027 1881 Ecce
1046 1860 1133 1887 neque
1149 1856 1288 1887 punctum,
1307 1857 1394 1884 neque
1411 1853 1575 1876 momentum
1594 1854 1662 1883 prm-

878 1901 941 1928 terit
957 1899 1039 1930 Deus,
1055 1899 1082 1925 in
1105 1905 1159 1932 quo
1186 1904 1240 1923 non
1259 1896 1382 1930 aspiciat,
1396 1899 1423 1922 et
1435 1893 1570 1921 custodiat
1583 1901 1660 1920 men-

877 1951 931 1973 tem
946 1946 1080 1972 videntem
1095 1951 1168 1971 eum.
1184 1942 1270 1970 Israel
1286 1941 1358 1969 enim
1371 1941 1563 1975 interpretatur
1572 1938 1661 1966 viden;

877 1993 971 2019 Deum.

913 2036 938 2070 7,
953 2036 979 2064 8.
1001 2034 1132 2062 Dominus
1151 2041 1166 2061 a
1187 2033 1291 2061 dextris
1302 2031 1357 2060 tuis
1376 2035 1419 2059 est
1442 2030 1617 2062 custodiens,
1633 2033 1661 2057 et

875 2089 1019 2119 protegens
1032 2082 1057 2108 in
1074 2088 1155 2116 opera
1165 2079 1289 2115 iustitiae.

910 2129 936 2156 9.
952 2130 980 2156 In
995 2129 1054 2155 luce
1069 2131 1272 2162 permanentem
1293 2123 1382 2152 omnis
1404 2121 1561 2151 tentationis
1575 2126 1659 2148 aestus

877 2183 932 2203 non
952 2180 977 2203 te
992 2179 1106 2206 exuret;
1120 2173 1214 2207 _habes
1232 2171 1305 2199 enim
1322 2171 1349 2198 in
1363 2170 1450 2204 teipso
1464 2169 1566 2196 fontem
1583 2168 1656 2195 vitae.

910 2266 951 2292 1ολ
967 2264 1060 2299 Neque
1072 2263 1194 2298 deceptio
1206 2262 1287 2296 hujus
1307 2261 1368 2288 vitae
1390 2260 1417 2287 in
1435 2259 1554 2287 tenebris
1568 2259 1658 2287 domi-

872 2311 981 2338 nabitur
995 2310 1053 2337 tibi.

908 2357 952 2390 tl,
969 2357 1011 2383 12.
1029 2356 1058 2382 In
1076 2355 1119 2382 die
1133 2353 1229 2388 judicii
1243 2352 1377 2379 Dominus
1394 2358 1447 2378 non
1463 2355 1488 2378 te
1503 2350 1656 2381 comburat,

873 2413 927 2433 non
941 2405 1012 2431 enim
1028 2404 1170 2431 habiturus
1185 2407 1227 2429 est
1238 2401 1301 2428 talia
1317 2407 1412 2435 opera,
1428 2398 1591 2434 quibuscum
1602 2396 1658 2431 igni

875 2451 1023 2478 tradendus
1044 2449 1082 2476 sis
1101 2455 1188 2482 neque
1214 2446 1378 2482 temporaria
1400 2445 1484 2480 gloria
1504 2443 1656 2478 principum

876 2495 958 2530 hujus
979 2493 1072 2521 mundi
1092 2492 1220 2528 paulatim
1234 2490 1373 2523 deﬁciens,
1388 2490 1458 2517 sicut
1481 2488 1554 2516 luna.
1568 2486 1658 2516 domi-

875 2542 984 2568 nabitur
999 2541 1026 2567 in
1043 2544 1078 2567 te.

519 2633 667 2664 Addenda
684 2637 714 2664 et
733 2631 919 2672 corrigenda
935 2639 976 2660 ex
1001 2629 1071 2660 cod.
1087 2629 1188 2660 Vatic.

73 2686 110 2722 (ἱ)
123 2686 155 2712 'H
169 2685 212 2712 διὰ
230 2686 279 2722 τῆς
294 2686 477 2722 κινναὸᾴρεως
497 2684 636 2720 περιέχει·
663 2684 700 2719 ᾮ.
728 2691 752 2710 τ.
777 2683 818 2710 ’A.

123 2720 302 2762 ἑρμηνεύεται
316 2720 516 2762 ἐξρμολύγηςιις.
533 2725 584 2746 etc.

74 2754 111 2791 (ἑ)
131 2754 312 2791 Τῆςνπρώτης
327 2754 543 2791 ἐξομολογήσεως
553 2762 578 2781 τ.
591 2754 619 2781 ἀ.
631 2754 743 2789 ἄρχεται
755 2754 820 2780 ἀνσ-

44 2791 132 2826 νὴφειν
145 2792 188 2826 τῇ,
206 2796 257 2818 etc.

75 2826 228 2860 (ὃΓΕαται,
242 2830 306 2858 etc.,
323 2826 420 2853 desunt
437 2825 491 2852 duo
503 2823 565 2860 τῶν.

75 2860 111 2895 (ι)
131 2860 327 2895 Παραγγέλλω,
342 2866 404 2893 etc.,
424 2859 623 2894 περιπατήσεις.
639 2863 692 2886 etc.

899 2680 942 2721 (5)
951 2679 1063 2723 ’Χρόνον
1076 2679 1106 2705 οὐ
1120 2678 1295 2714 παραλείπει,
1310 2675 1436 2708 ειε.,τῶν
1447 2673 1656 2710 ὁρώντωνβωη

868 2719 929 2746 νοῦς
946 2719 1026 2750 ὀρῴν,
1041 2719 1092 2741 etc.

903 2750 940 2784 (6)
955 2746 1153 2784 Φυλάσσωννσε,
1168 2748 1217 2774 καὶ
1230 2746 1339 2784 σκέπων
1353 2748 1461 2784 σεηειε.

903 2782 941 2819 (7)
956 2784 1026 2811 Φωτί
1040 2792 1086 2811 σου
1101 2783 1186 2819 δντοὲς,
1204 2788 1269 2813 etc.,
1285 2783 1314 2808 ἐν
1328 2782 1427 2814 ἑαυτῷ.

904 2817 941 2855 (8)
956 2817 1193 2846 Καταδυναστεύει
1205 2825 1263 2843 σου.
