1930 3046
114 185 186 215 1255

147 244 175 272 2.
190 245 372 281 Ἐγενήθημεν
386 247 450 274 ὡσεὶ
468 251 716 288 παρακεκλημένοι.

196 290 262 317 Τότε
280 292 400 328 ἐπλήσθη
417 296 504 330 χαρᾶς
519 296 550 323 τὺ
564 298 651 332 στόμα
665 299 757 335 ήμῶν,

170 356 176 362 .
196 336 250 362 Καὶ
265 337 281 372 ἡ
295 337 404 371 γλῶσσα
420 339 496 374 ἡμῶν
513 341 708 376 ἀγαλλιάσεως.

169 402 175 408 .
196 381 263 409 Τότε
277 383 385 418 ἐροῦσιν
400 385 428 411 ἐν
444 387 501 418 τοῖς
515 386 635 414 ἔθνεσιν·

189 428 354 464 Ἐμεγάλυνε
370 431 470 467 Κύριος
483 433 529 459 τοῦ
546 434 657 470 ποιῆσαι
671 437 729 470 μετ’
744 437 844 465 αὐτῶν.

169 494 175 501 .
190 475 354 510 Ἐμεγάλυνε
368 478 470 514 Κύριος
483 479 529 506 τοῦ
545 481 656 516 ποιῆσαι
671 482 730 518 μεθ’
746 484 823 519 ἡμῶν
842 492 848 499 ·

171 540 177 547 ,
191 520 376 558 Ἑγενήθημεν
393 524 611 560 εὐφραινόμενοι.

147 566 174 593 9.
188 567 375 603 Ἐπίστρεψον,
390 569 487 606 Κύριε,
503 571 550 606 τὴν
565 573 752 609 αἰχμαλωσίαν
765 575 853 611 ἡμῶν,

149 611 192 640 10.
205 612 248 644 Ὠς
259 614 425 650 χειμάρρους
437 617 466 642 ἐν
478 615 516 652 τῷ
526 617 604 653 νότῳ.

147 290 175 318 3.

149 335 175 362 4.

148 380 175 408 5.

148 427 175 454 6.

148 473 175 501 7.

149 519 175 547 8.

577 192 622 220 DE
646 193 786 223 TITLLIS
801 197 1024 227 PSALMORUM.
1046 215 1081 220 —-
1097 200 1193 228 PSAL.
1211 201 1316 231 CXXV.

1668 208 1736 237 1234

915 262 939 290 Α
986 260 1014 287 2.
1032 259 1107 288 Facti
1123 269 1219 289 sumus
1232 261 1303 289 sicut
1316 263 1462 291 consolati.

986 306 1012 334 5.
1029 306 1107 335 Tunc
1122 308 1255 342 repletum
1270 315 1314 337 est
1331 310 1431 344 gaudio
1446 318 1477 337 os
1490 315 1624 344 nostrum,

986 351 1012 378 4.
1027 350 1058 378 Et
1077 352 1168 388 lingua
1187 358 1280 382 nostra
1292 355 1481 382 exsultatione.

988 396 1013 423 5.
1033 396 1110 425 Tunc
1124 398 1216 426 dicent
1231 399 1302 428 inter
1320 405 1412 435 gentes
1427 410 1433 427 ε

987 441 1014 468 6.
1032 441 1216 478 Magnitieavit
1231 443 1361 473 Dominus
1375 445 1463 473 facere
1475 454 1536 474 cum
1551 446 1601 474 eis.

989 486 1016 514 τ.
1031 487 1215 523 Magniﬁcavit
1229 489 1359 519 Dominus
1374 491 1463 520 facere
1476 493 1619 521 nobiscum
1631 503 1639 521 :

991 532 1018 560 8.
1035 533 1110 561 Facti
1127 542 1223 563 sumus
1239 536 1370 565 laetantes.

990 579 1017 606 9.
1036 580 1179 614 Converte,
1196 581 1319 616 Domine,
1337 585 1519 619 captivitatem
1535 589 1667 621 nostram,

989 625 1033 653 l0.
1050 626 1127 655 Sicut
1147 632 1254 656 torrens
1271 630 1298 657 in
1317 635 1420 658 austro.

677 688 866 717 ATHANASII
886 691 1178 726 lNTERPBETATlO.

145 737 173 764 2.
189 738 352 774 Ἔγενόμεθα
368 739 406 772 ὡς
420 739 458 777 (1)
472 741 642 771 ἀνάπαυσιν·
659 744 690 772 '0
705 745 760 780 γὰρ
770 754 904 781 παρακα-

110 782 174 810 λῶν
186 783 257 816 τοὺς
270 785 430 819 ταπεινοὺς
447 787 656 821 παρεκάλεσεν
670 790 749 824 ἡμᾶς
767 792 850 826 Θεός.

147 827 173 855 5.
191 828 257 855 Τότε
277 829 451 865 ἑπλήσθημεν
466 831 625 867 Ηνεὺματος
639 834 716 868 ἁγίου
727 842 734 851 ·

147 873 173 900 ι.
189 874 245 900 Καὶ
257 874 399 910 ἠρξάμεθα
408 876 498 903 λαλεῖν
507 877 614 910 ἑαυτοῖς
623 879 661 915 (2)
672 879 706 906 ἐν
715 881 846 916 ψαλμοῖς
854 882 902 909 καὶ

109 918 227 953 ὕμνοις,
236 921 285 947 καὶ
296 920 385 954 ᾠδαῖς
392 923 604 957 πνευματικαῖς
611 923 744 959 ᾄδοντες,
758 927 807 953 καὶ
819 927 899 961 ψάλ-

109 966 218 998 λοντες
232 965 267 992 ὲν
279 966 344 999 ταῖς
363 967 497 1002 καρδίαις
508 969 592 1003 ἡμῶν
605 970 644 1003 τῷ
657 971 777 1006 ὀνόματι
791 973 895 1000 αὑτοῦ.

145 1010 173 1043 5,
191 1010 218 1038 6.
237 1012 275 1045 (5)
292 1012 359 1039 Τότε
373 1012 465 1048 ἔλεγον
479 1015 507 1041 αἱ
520 1016 638 1042 ἐναντίαι
650 1016 794 1053 δυνάμεις·
814 1018 896 1045 Εὐδό-

109 1064 196 1092 κησεν
211 1058 225 1084 ὁ
244 1057 307 1090 Υἱὸς
322 1059 369 1085 τοῦ
382 1060 450 1087 Θεοῦ
467 1060 514 1087 τοῦ
530 1061 616 1089 σῶσαι
629 1063 737 1095 αὐτούς.

146 1101 171 1129 7.
186 1102 280 1137 Ἡμεῖς
295 1103 323 1130 δὲ
336 1105 416 1132 πάλιν
431 1106 602 1142 καυχώμενοι
615 1109 644 1135 ἐν
659 1109 754 1145 Κυρίῳ
770 1110 894 1146 λέγομεν·

109 1147 256 1175 Ἥπλωσεν
267 1149 312 1176 ἐπὶ
327 1150 441 1183 πάντας,
457 1153 504 1178 καὶ
521 1153 561 1184 εἰς
573 1154 647 1189 ἡμᾶς
660 1155 691 1180 τὸ
710 1155 784 1188 ἕλεος
801 1156 894 1184 αὐτοῦ.

144 1236 172 1262 8.
193 1236 354 1273 Εὖρέθημεν
368 1239 533 1276 πλησθέντες
547 1250 580 1278 τῃ
595 1251 686 1280 χαριτι
705 1245 743 1279 (4)
759 1245 852 1274 αὐτοῦ.

144 1282 170 1313 9,
188 1281 232 1308 10.
250 1283 277 1310 '0
290 1285 456 1321 χειμάρρους
468 1284 555 1320 οὗτος,
578 1290 641 1324 περὶ
657 1287 688 1317 οὗ
702 1290 775 1326 λέγει
797 1292 810 1318 6
826 1293 896 1328 Προ-

109 1327 208 1362 φήτης,
222 1328 251 1354 ἐν
272 1329 311 1364 τῷ
333 1330 402 1366 νότῳ
422 1332 496 1358 ἐστὶν
516 1333 544 1359 ἐν
567 1335 600 1370 τῇ
618 1334 826 1373 Ῥινοκουροὺρξι
845 1327 894 1373 (5),

107 1374 169 1421 ἥτις
185 1375 258 1402 ἐστὶν
274 1376 344 1412 ἀρχὴ
368 1378 417 1411 τῆς
431 1379 569 1413 Αίγύπτου
580 1390 587 1395 ·
603 1381 643 1408 διὸ
655 1383 701 1409 καὶ
719 1384 733 1410 6
749 1384 896 1421 Προφήτης

107 1419 230 1455 εἴρηκεν,
247 1421 287 1454 ὡς
309 1424 325 1449 d
347 1423 524 1459 χειμάρῤους
542 1426 577 1453 ἐν
597 1427 636 1460 τῷ
649 1429 733 1460 νότῳ.
750 1419 896 1459 Τοῦτονοῦν

109 1465 309 1501 μεμαθήκαμεν
340 1469 414 1504 παρὰ
434 1470 573 1502 πλειόνων,
592 1473 687 1510 ὅτιπερ
700 1475 724 1500 οἱ
744 1475 896 1512 Σαρακηνοὶ

107 1512 275 1547 κατήρχοντο
291 1515 330 1545 είς
345 1514 395 1550 τὴν
411 1515 644 1553 Ῥινοκουρούραν,
660 1519 675 1554 ἢ
695 1519 754 1556 [ὡς]
772 1522 818 1547 καὶ
830 1531 896 1548 κατ-

106 1556 232 1592 έρχονται
257 1558 336 1594 μέχρι
360 1560 407 1586 τοῦ
438 1561 503 1593 νῦν,
527 1563 575 1589 καὶ
601 1564 772 1592 παιδεύουσιν
802 1566 896 1604 ὥσπερ

107 1601 271 1639 [πορθοῦσιν
296 1606 381 1642 ὅπερ]
409 1608 581 1643 εὑρίσκουσι,
606 1610 653 1637 καὶ
677 1611 834 1647 ἁνέρχονται
860 1601 899 1647 είς

105 1650 170 1681 τοὺς
188 1650 289 1682 τόπους
312 1651 412 1679 αὐτῶν.
422 1653 451 1679 '0
466 1653 493 1680 δὲ
509 1655 675 1691 χειμάρρους
686 1654 774 1690 οὗτος,
791 1659 855 1694 περὶ
868 1657 899 1685 οὗ

106 1690 184 1720 εἶπεν
199 1695 214 1721 6
230 1696 387 1732 Προφήτης,
411 1698 443 1724 ὲκ
456 1698 509 1724 τῶν
532 1690 700 1736 Σαρακηνῶν
717 1690 879 1738 κατέρχεται
891 1712 897 1718 ·

106 1740 179 1767 κατὰ
194 1740 320 1776 βούλησιν
332 1741 377 1769 οὖν
389 1743 468 1776 Θεοῦ,
483 1745 564 1780 ὴνίκα
575 1746 687 1781 γένηται
701 1747 777 1779 ὑετὸς
789 1747 898 1784 λάΰρος,

105 1785 238 1822 πληθύνει
254 1789 268 1814 6
279 1789 532 1825 χειμάρρους,ὦστε
545 1792 727 1827 κατέρχεσθαι
739 1794 820 1820 αὑτὸν
833 1803 899 1829 σφο-

105 1830 188 1867 δρῶς,
204 1831 374 1867 λαμϐάνοντα
393 1834 442 1866 τὰς
465 1835 568 1871 σκηνὰς
593 1837 646 1864 τῶν
663 1837 837 1874 Σαρακηνῶν,
851 1839 899 1866 καὶ¹

105 1878 205 1911 αὐτοὺς
226 1879 254 1905 δὲ
270 1880 426 1913 ἀπόλλυσιν,
445 1881 515 1916 ἅπερ
536 1882 565 1908 δὲ
581 1882 732 1919 διήρπασαν
745 1883 834 1910 λαϐὼν
852 1885 899 1919 φέ-

107 1931 151 1960 ρει
168 1925 208 1956 εις
223 1924 272 1959 τὴν
294 1925 528 1962 ¹Ρινοκουροὺραν,
544 1927 603 1954 ὅθεν
615 1929 662 1954 καὶ
678 1928 834 1964 ἐλήφθησαν
845 1930 898 1956 ἀπὸ

104 1970 160 1998 τῶν
175 1971 341 2007 Σαρακηνῶν
355 1973 386 2000 τὸ
402 1974 534 2009 πρότερον
546 1982 552 1989 ·
572 1975 619 2001 καὶ
635 1976 714 2010 ἡμεῖς
729 1976 768 2008 δὲ,
785 1977 899 2011 γενόμε-

105 2024 146 2044 νοι
169 2018 197 2044 ἐν
221 2019 289 2054 αὐτῇ
306 2020 339 2055 τῇ
360 2019 446 2050 πόλει,
463 2020 633 2055 ἐθεασάμεθα
654 2022 699 2048 τὸν
719 2023 896 2058 χειμάρρουν.

104 2063 192 2091 Τοῦτο
212 2063 257 2091 οὖν
273 2065 350 2092 ἐστιν
372 2066 386 2092 ὃ
407 2066 481 2099 λέγει
503 2067 517 2092 ὁ
532 2068 680 2103 Προφήτης
698 2068 730 2094 ἐκ
753 2069 898 2104 προσώπου

103 2110 160 2137 τῶν
172 2112 405 2138 πεπιστευκότων·
422 2112 472 2143 ὃτι,
485 2112 579 2148 ὥσπερ
592 2113 694 2145 ἐκεῖνος
707 2114 721 2139 ὁ
731 2115 898 2150 χειμάρρους

103 2157 169 2188 τοὺς
189 2157 238 2193 μὲν
253 2157 500 2193 αίχμαλωτίζοντας
518 2159 657 2191 ἀπόλλυσι,
673 2159 707 2186 τὰ
721 2159 749 2186 δὲ
762 2159 897 2195 ληφθέντα

105 2202 172 2237 παρ’
189 2201 277 2228 αὐτῶν
291 2202 375 2229 σκῦλα
392 2202 616 2238 ἀποκαθίστησιν,
629 2203 658 2236 ἐξ
673 2200 710 2230 ὧν
722 2204 768 2230 καὶ
781 2204 899 2240 ἐλήφθη-

106 2255 168 2278 σαν,
183 2247 255 2274 οὕτω
268 2248 379 2284 ποίησον
398 2248 445 2275 καὶ
459 2249 550 2281 αὐτὸς,
578 2249 625 2275 καὶ
638 2248 688 2281 τὰς
706 2249 754 2284 μὲν
771 2250 896 2282 ἐναντίας

104 2292 234 2328 δυνάμεις
250 2293 299 2325 τὰς
320 2294 560 2330 αίχμαλωτισάσας
584 2295 657 2330 ἡμᾶς
680 2295 834 2322 θανάτωσον
857 2296 896 2331 τῷ

106 2338 183 2365 ὕδατι
197 2339 245 2365 τοῦ
263 2339 458 2375 βαπτίσματος,
473 2340 506 2366 δι’
519 2340 601 2366 αὑτοῦ
614 2341 642 2366 δὲ
655 2340 701 2367 τοῦ
719 2340 813 2373 ὕδατος
826 2342 894 2368 ἀπό-

105 2384 150 2416 δος
166 2385 231 2420 ἡμῖν
247 2385 295 2420 τὴν
308 2385 386 2418 δόξαν
401 2386 448 2412 καὶ
459 2386 507 2420 τὴν
521 2386 687 2422 ἐλευθερίαν,
703 2387 735 2422 ἢν
750 2387 895 2421 ἀφείλαντο

105 2430 173 2465 ἡμῖν
188 2431 215 2457 αἱ
233 2430 280 2457 τοῦ
301 2430 398 2467 ἐχθροῦ
411 2431 549 2466 δυνάμεις.
567 2431 640 2466 Αὕτη
663 2430 708 2459 οὖν
732 2433 748 2467 ὴ
770 2433 895 2468 διήγησις

105 2475 160 2502 τοῦ
177 2475 348 2510 χειμάρῤου,
370 2477 416 2503 καὶ
432 2476 500 2513 αὓτη
514 2479 531 2511 ἡ
550 2478 625 2504 αἰτία
636 2477 682 2504 τοῦ
697 2479 836 2514 εἰρηκέναι
849 2480 894 2507 τὸν

107 2521 264 2556 Προφήτην.

142 2577 166 2593 ⁷⁸
183 2577 204 2604 il
219 2577 282 2605 Cor.
301 2586 338 2606 vn
365 2577 391 2605 6.
432 2578 454 2594 "
467 2577 566 2613 Ephes.
583 2587 608 2612 v,
625 2580 652 2606 4.

988 751 1015 780 2.
1030 751 1105 780 Facti
1122 761 1218 782 sumus
1235 755 1318 782 veluti
1334 755 1361 781 in
1381 756 1493 790 requie:
1516 754 1568 787 Qui
1592 755 1661 782 enim
1674 763 1737 783 con-

952 798 1054 825 solatur
1071 799 1195 833 humiles,
1212 800 1362 827 consolatus
1377 806 1415 828 est
1430 809 1475 827 nos
1490 800 1559 827 Deus
1571 800 1603 829 ⁷⁵.

985 843 1012 871 5.
1026 843 1102 871 Tunc
1118 845 1212 880 repleti
1225 854 1320 874 sumus
1338 846 1442 881 Spiritu
1459 851 1554 874 sancto
1569 856 1576 874 :

984 889 1012 916 4.
1037 889 1068 916 Et
1085 891 1219 925 cmpimus
1246 892 1450 927 nobismetipsis
1470 893 1544 928 loqui
1568 893 1595 919 in
1612 892 1733 927 psalmis,

916 951 934 978 Β
949 939 974 961 et
990 935 1111 970 hymnis,
1139 941 1165 963 et
1186 938 1298 964 canticis
1318 938 1503 973 spiritualibus
1527 942 1684 972 cantantes,
1708 942 1734 966 et

913 1619 934 1648 C.

912 2291 935 2319 D

947 981 1089 1015 psallentes
1105 983 1133 1009 in
1144 983 1267 1011 cordibus
1278 986 1375 1011 nostris
1391 985 1491 1011 nomini
1504 985 1560 1018 eius
1572 985 1604 1011 ⁷³.

982 1027 1008 1059 5,
1026 1027 1052 1054 6.
1069 1027 1145 1055 Tunc
1161 1028 1289 1056 dixerunt
1307 1030 1450 1057 contrariae
1466 1034 1635 1062 potestates:
1654 1029 1735 1057 Com-

946 1071 1050 1106 placuit
1068 1071 1138 1099 Filio
1153 1072 1200 1100 Dei
1216 1073 1292 1108 ipsos
1306 1074 1396 1101 salvos
1412 1074 1512 1101 facere.

984 1116 1011 1143 7.
1028 1116 1083 1145 Nos
1097 1122 1188 1146 autem
1203 1126 1300 1148 rursus
1322 1119 1470 1154 gloriantes
1488 1120 1515 1147 in
1532 1118 1647 1147 Domino
1666 1120 1736 1148 dici-

946 1170 1027 1190 mus:
1054 1163 1188 1198 Expandit
1211 1172 1292 1200 super
1311 1172 1416 1199 omnes,
1437 1170 1465 1193 et
1483 1173 1565 1201 super
1586 1173 1638 1194 nos
1655 1167 1735 1194 mise-

945 1210 1090 1238 ricordiam
1107 1219 1196 1239 suam.

980 1255 1007 1283 8.
1022 1255 1124 1284 Inventi
1141 1265 1237 1285 sumus
1252 1258 1346 1294 repleti
1361 1259 1446 1294 gratia
1460 1259 1557 1294 ipsius.

981 1302 1009 1334 9,
1028 1303 1071 1330 l0.
1092 1302 1211 1332 Torrcns
1236 1304 1297 1338 iste,
1323 1305 1356 1332 de
1371 1312 1426 1340 quo
1452 1305 1573 1340 loquitur
1589 1304 1734 1340 Propheta,

945 1353 987 1376 est
1000 1349 1027 1376 in
1046 1354 1122 1384 parte
1137 1350 1251 1378 australi
1265 1351 1292 1378 in
1310 1350 1510 1384 Rhinocerura,
1525 1359 1586 1386 quae
1601 1356 1644 1378 est
1660 1351 1736 1386 prin-

945 1395 1045 1430 cipium
1064 1395 1190 1431 Egypti;
1211 1396 1271 1424 ideo
1292 1402 1319 1424 et
1334 1397 1470 1433 Propheta
1485 1398 1564 1430 dixit,
1581 1397 1661 1425 ueluti
1679 1402 1734 1423 tor-

947 1448 1005 1468 rens
1030 1441 1058 1467 in
1087 1447 1189 1469 austro.
1209 1441 1266 1470 Hoc
1289 1443 1361 1470 enim
1385 1443 1532 1471 didicimus
1554 1451 1570 1470 a
1598 1442 1734 1478 pluribus.

947 1487 1019 1522 quod
1040 1486 1169 1515 Saraceni
1198 1488 1378 1517 deveniebant
1401 1491 1427 1517 in
1452 1489 1687 1522 Rhinoceruram,
1705 1494 1736 1517 ut

946 1534 1095 1561 etiamnum
1112 1535 1234 1568 veniunt,
1250 1539 1276 1562 et
1293 1535 1493 1571 depopulantur
1511 1544 1681 1571 quaecunque
1695 1535 1735 1562 in-

951 1579 1074 1613 veniunt,
1089 1584 1116 1607 et
1132 1585 1306 1608 revertuntur
1319 1581 1346 1608 in
1363 1582 1421 1608 loca
1438 1589 1496 1609 sua.
1513 1582 1630 1609 Torrcns
1645 1587 1734 1609 autem

951 1625 1011 1658 iste,
1028 1625 1061 1653 de
1086 1633 1141 1661 quo
1166 1627 1288 1661 loquitur
1306 1627 1458 1662 Propheta,
1483 1636 1515 1654 ex
1536 1627 1733 1655 Saracenorum

951 1675 1022 1698 terra
1035 1672 1168 1707 originem
1185 1672 1284 1700 habet:
1303 1673 1450 1700 secundum
1476 1674 1558 1709 igitur
1572 1674 1619 1701 Dei
1640 1674 1735 1701 volun-

949 1721 1044 1751 tatem,
1061 1725 1122 1745 cum
1141 1718 1268 1753 copiosus
1286 1718 1372 1745 imber
1389 1720 1470 1751 cadit,
1483 1720 1550 1746 adeo
1567 1721 1664 1747 crescit
1680 1725 1735 1746 tor-

951 1770 1023 1794 rens,
1038 1766 1068 1789 ut
1085 1763 1260 1790 vehementer
1276 1771 1305 1791 se
1324 1763 1422 1791 inferat
1446 1766 1556 1791 trahens
1574 1772 1666 1791 secum
1692 1769 1734 1791 ta-

950 1809 1098 1836 bernacula
1117 1809 1326 1843 Saracenorum,
1352 1814 1380 1837 et
1401 1810 1474 1845 ipsos
1498 1810 1732 1852 quidem.per;;lit,

949 1863 1120 1890 quaecunque
1135 1859 1225 1883 autem
1245 1859 1405 1890 rapuerunt,
1433 1857 1568 1892 accipiens
1595 1856 1646 1884 fert
1667 1856 1734 1884 Rhi-

950 1907 1124 1934 noceruram,
1146 1901 1216 1928 unde
1233 1905 1259 1928 et
1271 1905 1349 1928 antea
1365 1906 1444 1936 capta
1467 1901 1578 1929 fuerunt
1592 1909 1606 1929 a
1622 1901 1736 1930 Sarace-

949 1946 1013 1973 nis:
1035 1951 1062 1974 et
1089 1955 1139 1975 nos
1162 1947 1271 1982 quidem
1297 1955 1360 1975 cum
1385 1956 1507 1976 essemus
1532 1949 1559 1976 in
1577 1957 1608 1976 ea
1626 1949 1735 1978 civitate

948 1993 1069 2020 vidimus
1083 1997 1243 2020 torrentem.
1257 1991 1314 2021 lloc
1331 1993 1412 2028 igitur
1425 1999 1476 2026 est,
1492 1995 1564 2029 quod
1583 1995 1649 2022 dicit
1665 1994 1733 2023 Pro-

949 2039 1027 2072 pheta
1045 2046 1078 2066 ex
1104 2047 1220 2074 persona
1239 2040 1428 2068 credentium:
1457 2041 1529 2075 quod
1557 2041 1734 2076 quemadmo-

948 2085 1013 2111 dum
1032 2085 1076 2112 ille
1094 2089 1201 2113 torrens
1215 2093 1274 2117 cos,
1292 2086 1338 2121 qui
1355 2087 1424 2114 alios
1440 2086 1465 2113 in
1485 2078 1668 2121 captivitatem
1684 2088 1734 2113 ab-

949 2130 1099 2164 duxerunt,
1116 2132 1214 2166 perdit,
1230 2136 1307 2167 capta
1332 2137 1422 2160 autem
1444 2133 1478 2160 ab
1504 2133 1569 2167 ipsis
1587 2133 1672 2168 spolia
1692 2140 1734 2160 re-

950 2177 1039 2205 stituit
1054 2177 1103 2210 eis,
1121 2179 1221 2213 quibus
1234 2183 1260 2206 et
1273 2185 1364 2214 erepta
1380 2179 1504 2211 fuerant;
1519 2180 1554 2206 ita
1567 2179 1609 2208 lac
1623 2185 1649 2207 et
1664 2180 1730 2214 ipse,

949 2229 977 2250 et
987 2223 1140 2251 contrarias
1155 2229 1312 2259 potestates,
1328 2224 1374 2260 qui
1391 2226 1511 2260 captivos
1522 2234 1572 2253 nos
1585 2226 1731 2259 duxerunt,

949 2268 1073 2295 interﬁce
1090 2276 1161 2304 aqua
1186 2269 1326 2304 baptismi,
1347 2271 1440 2296 eadem
1457 2274 1546 2297 autem
1563 2277 1634 2305 aqua
1653 2270 1735 2298 redde

949 2314 1028 2341 nobis
1052 2314 1179 2350 gloriam,
1195 2321 1222 2343 et
1245 2316 1408 2348 libertatem,
1425 2325 1507 2352 quam
1523 2317 1602 2344 nobis
1625 2317 1733 2351 eripue-

949 2365 1014 2387 runt
1032 2365 1180 2398 potestates
1203 2361 1317 2389 inimici.
1346 2361 1407 2390 Hinc
1429 2363 1511 2398 igitur
1525 2367 1566 2390 est
1589 2363 1734 2398 explicatio

949 2405 1076 2433 dictionis
1101 2406 1175 2434 illius
1191 2427 1197 2437 ,
1217 2407 1286 2434 sicut
1314 2412 1426 2442 torrens,
1442 2413 1468 2437 et
1484 2410 1542 2437 inec
1565 2416 1659 2442 causa,
1683 2416 1735 2437 cur

948 2450 1082 2487 Propheta
1095 2453 1153 2488 ejus
1170 2454 1333 2481 meminerit.

584 2637 736 2669 Addenda
753 2642 783 2669 et
799 2639 988 2678 corrigenda
1011 2648 1051 2670 ex
1069 2640 1138 2672 cod.
1155 2641 1256 2673 Vatic.

141 2685 179 2722 (1)
195 2685 247 2722 Εἰς
259 2686 422 2719 ἀνάπαυσιν,
436 2692 501 2720 etc.,
516 2689 530 2714 6
544 2688 619 2720 Θεός.

142 2721 180 2755 (2)
194 2721 238 2748 Ἐν
250 2722 366 2754 ἑαυτοῖς.

142 2722 169 2755 (2
194 2722 238 2748 Ἐν
250 2722 366 2754 ἑαυτοῖς.

142 2722 180 2792 (εξ
198 2757 232 2784 Ν.
250 2757 276 2790 5,
289 2758 366 2790 Τότε,
375 2757 494 2790 εἰσητοΰ
503 2758 586 2786 deest.
599 2758 634 2785 N.
643 2758 670 2791 ὃ,
679 2758 704 2791 7,
714 2759 819 2794 Ἡμεῖς,
828 2764 892 2790 etc.,

944 2691 974 2716 ὲν
986 2689 1026 2729 ’τῷ
1040 2690 1145 2729 Eppia),
1161 2695 1225 2724 etc.,
1239 2693 1278 2723 είς
1295 2692 1398 2724 πάντας
1410 2693 1493 2729 ἡμᾶς,
1508 2696 1560 2719 etc.

981 2726 1020 2761 (Δ)
1040 2725 1095 2761 ’ζῇς
1108 2726 1226 2761 χάριτος,
1241 2731 1292 2754 etc.

982 2728 1008 2757 (Δ
1040 2728 1095 2760 Τῆς
1108 2728 1226 2761 χάριτος,
1241 2731 1292 2754 etc.

982 2728 1078 2796 (ὅςέῈν
1097 2762 1130 2796 τῇ
1148 2762 1314 2797 Ῥινοκούρᾳ.
1336 2767 1399 2794 etc.,
1414 2762 1452 2795 ὠς
1467 2762 1644 2798 χειμάρρους,
1666 2767 1731 2795 etc.,

110 2820 181 2853 nem.
196 2813 328 2854 ascripsi:
352 2819 426 2842 recte
440 2820 544 2854 autemZ
569 2823 604 2854 an
626 2823 706 2844 secus
730 2816 838 2850 benigni
860 2816 970 2845 lectoris
990 2817 1095 2852 judicio
1118 2818 1279 2854 relinquam.
1297 2817 1390 2853 Neque
1415 2820 1487 2846 enim
1513 2819 1578 2846 mihi
1603 2826 1664 2854 spes
1680 2827 1731 2852 est,

109 2847 200 2889 omnia
219 2849 251 2876 ad
268 2847 369 2877 rectam
386 2854 417 2889 et_
429 2858 521 2877 veram
537 2851 682 2889 lectionem
705 2847 834 2889 revocare
849 2860 939 2885 posse.
956 2847 1057 2888 et'qute
1072 2857 1184 2881 sanctus
1196 2847 1304 2880 'doctor
1325 2847 1443 2889 scripsit,
1461 2861 1488 2882 et
1509 2862 1581 2882 nunc
1595 2847 1690 2882 nianca
1707 2847 1732 2884 cl

111 2883 204 2911 mutila
219 2892 251 2911 ac
266 2889 396 2920 corrupta
409 2885 547 2921 leguntur,
562 2886 589 2914 in
604 2886 738 2922 integrum
753 2883 905 2914 restituere.
