1930 3046
48 161 125 188 i237

82 219 111 246 5.
127 219 173 251 Εἰς
189 219 276 254 μάτην
289 219 353 255 ὑμῖν
364 221 420 247 ἐστι
429 220 459 247 τὺ
474 220 544 257 [τοῦ]
558 222 692 258 ὸρθρίζειν
704 231 711 239 ”

82 264 112 291 6.
135 264 289 299 Ἐγείρεσθε
307 265 376 299 μετὰ
386 265 417 291 τὸ
432 265 577 300 καθῆσθαι,

82 309 112 336 7.
131 309 163 335 Οἱ
178 309 313 340 ὲσθίοντες
325 309 406 344 ἄρτον
416 308 521 343 ὀδύνης,

82 355 113 382 8.
132 355 216 381 Ὅταν
233 354 270 390 δῷ
286 356 341 386 τοῖς
356 355 508 390 ἀγαπητοῖς
522 353 603 381 αὑτοῦ
621 354 713 381 ὕπνον.

86 400 116 427 9.
138 399 204 425 Ἰδοὺ
220 400 237 434 ἠ
253 398 419 434 κληρονομία
432 399 546 434 Κυρίου,
560 399 628 425 υἱοί-

85 445 132 471 10.
153 445 183 470 ⁷0
196 444 291 479 μισθὸς
309 444 354 471 τοῦ
370 444 476 480 καρποῦ
489 444 539 479 τῆς
553 444 678 480 γαστρός.

85 491 132 518 Η.
156 490 229 516 Ὣσεὶ
247 490 310 526 βέλη
324 491 352 517 ὲν
366 490 437 526 χειρὶ
446 490 558 516 δυνατοῦ
569 499 575 506 '

85 537 132 564 η.
148 537 243 568 Οὕτως
259 537 282 563 οἱ
302 537 354 563 υἱοὶ
373 537 424 564 τῶν
436 536 677 572 ἐκτετιναγμένων.

87 584 132 610 15.
149 584 303 620 Μακάριος,
319 583 349 615 ὃς
362 583 498 619 πληρώσει
519 582 568 619 τὴν
594 582 741 618 ἐπιθυμίαν
755 581 837 610 αὑτοῦ

49 629 81 662 ἐξ
96 629 188 656 αὐτῶν
195 636 203 643 ⁸

88 675 133 702 IL.
151 675 189 702 Οὐ
225 674 501 711 καταισχυνθήσονται
516 695 523 708 ,
558 675 622 702 ὅταν
651 674 751 702 λαλῶσι
781 675 837 707 τοῖς

51 720 160 756 ἐχθροῖς
175 720 258 747 αὑτοῦ
272 719 385 757 [αὐτῶν]
402 721 430 747 ὲν
444 720 551 753 πύλαις.

483 159 528 186 DE
547 159 686 188 TITULIS
706 160 929 190 PSALMORUM.
946 174 982 182 α
994 160 1092 188 PSAL.
1108 158 1226 187 CXXVI.

1598 159 1668 189 1238

848 227 871 254 Α
922 222 948 250 5.
964 221 1068 249 Vanum
1082 225 1122 249 est
1138 220 1215 248 vobis
1231 224 1294 248 ante
1307 220 1396 248 lucem
1412 227 1543 255 surgere:

920 269 946 296 6.
965 268 1229 304 Surgitepostquam
1245 266 1379 299 sederitis,

922 315 949 342 7.
964 314 1015 347 Qui
1032 313 1204 341 manducatis
1219 320 1316 348 panem
1332 312 1445 339 doloris.

922 360 949 387 8.
967 360 1034 387 Cum
1050 359 1156 387 dederit
1170 359 1275 386 dilectis
1295 359 1352 386 suis
1367 366 1512 388 somnum.

923 404 951 434 '9.
971 405 1042 433 Ecce
1058 405 1205 432 haereditas
1216 404 1334 436 Domini,
1353 405 1415 432 ﬁlii:

924 450 968 477 10.
983 449 1087 477 Merces
1103 449 1209 477 fructus
1227 450 1340 477 ventris.

922 496 966 523 Η,
984 495 1060 523 Sicut
1073 495 1178 530 sagittae
1192 496 1219 522 in
1235 503 1316 522 manu
1332 495 1469 531 potentis:

923 541 967 568 l2.
986 541 1022 568 Ita
1040 540 1088 568 ﬁlii
1103 548 1293 568 excussorum.

923 587 968 614 l5.
987 587 1085 615 Beatus
1100 587 1142 613 vir
1154 587 1201 622 qui
1217 587 1342 622 implebit
1364 586 1529 615 desiderium
1545 593 1624 614 suum
1637 594 1670 614 ex

888 640 954 668 Ipsis
968 641 975 660 :

927 676 968 703 M.
984 675 1044 704 Non
1070 676 1273 706 eonfundentur
1303 685 1366 706 eum
1385 677 1529 714 loquentur
1553 677 1672 705 inimicis

891 722 947 750 suis
960 722 987 750 in
999 727 1087 758 porta.

614 824 801 853 ATHANASll
819 823 1111 853 INTERPRETATIO.

87 923 115 950 5.
138 922 219 958 Ὑμῖν
231 923 286 954 τοῖς
298 922 451 957 προφήταις
465 923 505 954 είς
521 923 609 959 μάτην
627 923 685 950 ἐστὶ
700 924 731 950 τδ
743 924 766 957 (1
771 926 781 959 )
793 925 840 959 ὀρ-

926 924 952 951 5.
970 924 1062 957 Vobis,
1078 923 1225 959 prophetae,
1239 931 1338 951 vanum
1361 927 1403 950 est
1421 926 1484 950 ante
1507 922 1594 950 lucem
1609 930 1672 951 sur-

52 968 157 1004 θρίζειν
171 969 252 1003 ὑμᾶς,
269 968 316 994 καὶ
330 968 422 995 λαϐεῖν
432 969 477 995 τὸν
492 969 569 1003 λόγον
579 969 626 996 τοῦ
641 970 708 997 Θεοῦ
727 971 771 998 διὰ
792 971 840 1007 τὴν

53 1015 197 1042 ἀπείθειαν
212 1014 266 1041 τῶν
280 1014 438 1050 ἀνθρώπων.

88 1071 115 1096 6.
135 1070 230 1105 Ὅμως
249 1069 317 1104 μετὰ
340 1070 388 1106 τὴν
407 1071 533 1106 κοίμησιν
552 1072 627 1107 ὑμῶν
644 1072 803 1100 ἀνίστασθε·
826 1074 840 1100 ὁ

54 1115 133 1150 λόγος
145 1115 199 1151 γὰρ
212 1115 288 1150 ὑμῶν
303 1115 393 1150 μέλλει
409 1117 603 1152 κηρύσσεσθαι,
620 1118 666 1145 καὶ
682 1118 758 1153 ἄγειν
772 1120 839 1146 πὰν-

53 1169 103 1192 τας
124 1162 164 1192 είς
179 1161 228 1196 τὴν
245 1161 337 1188 πίστιν
350 1162 398 1188 τοῦ
413 1162 490 1189 Θεοῦ.

89 1219 116 1245 7.
133 1219 164 1245 0i
179 1217 236 1250 νῦν,
251 1218 333 1245 διὰτὸ
349 1219 451 1254 μηδένα
466 1219 543 1255 ὑμῶν
554 1220 672 1254 ἀκούειν,
688 1230 721 1257 με
736 1222 841 1257 (2)660-

55 1270 104 1297 νης
120 1261 254 1292 ἐσθίοντες
267 1260 312 1287 τδν
326 1261 429 1287 ἑαυτῶν
445 1262 535 1297 ἄρτον.

89 1316 116 1343 8.
137 1316 205 1342 Πότε
219 1316 438 1351 (5)διεγείρεσθε,
448 1317 511 1343 ὅταν
520 1318 534 1343 ὁ
549 1317 649 1352 Κύριος
661 1318 764 1353 μέλλων
778 1319 840 1345 συλ-

55 1361 240 1397 λαμϐάνεσθαι
257 1362 308 1388 ὑπὸ
323 1362 376 1388 τῶν
397 1362 531 1389 Ἰουδαίων
546 1363 592 1389 ἐπὶ
616 1365 671 1394 τοῖς
690 1364 840 1399 ἀγαπητοῖς

55 1406 149 1438 αὐτοῦ,
166 1407 288 1432 τουτέστι
301 1407 356 1437 τοῖς
368 1407 525 1439 ἀποστόλοις
536 1415 542 1422 ·
560 1408 724 1435 Καθεύδετε
735 1410 767 1436 τὸ
778 1411 840 1435 λοι-

55 1452 124 1484 πὸν,
141 1453 191 1478 καὶ
214 1453 441 1479 ἀναπαύσω-θε-
468 1452 573 1487 fin-me
594 1453 649 1489 γὰρ
675 1455 691 1481 ὁ
718 1455 840 1489 παραδιο

54 1496 129 1529 δούς
141 1505 189 1531 με.

89 1551 116 1580 9.
138 1552 203 1578 Ἰδοὺ
220 1553 236 1587 ἡ
251 1552 417 1588 κληρονομία
431 1553 532 1589 Κυρίου
547 1554 600 1580 υἱοὶ
617 1554 693 1590 ὑμῶν
704 1555 758 1582 τῶν
773 1564 839 1591 προ-

56 1598 159 1634 φητῶν,
172 1599 197 1624 οἱ
210 1598 362 1625 ἀπόστολοι.

90 1654 135 1681 10.
154 1654 210 1681 Καὶ
220 1656 234 1682 ὁ
250 1655 344 1690 μισθὸς
356 1655 402 1682 τοῦ
419 1656 501 1682 πόνου
516 1656 593 1692 ὑμῶν
610 1658 656 1684 καὶ
671 1658 719 1693 τῆς
733 1658 838 1694 ὀδύνης,

55 1698 87 1736 ἧς
104 1701 180 1736 ἔχετε
195 1701 233 1736 (4)
243 1701 303 1728 τότε
315 1701 514 1737 κυριεύσοντες,
527 1703 638 1735 τούτους
648 1705 712 1736 τοὺς
725 1705 841 1731 ἀποστό-

55 1749 117 1781 λους
129 1750 193 1785 ἡμῖν
206 1749 307 1776 ἔτεκεν.

91 1806 136 1833 Η.
158 1806 201 1838 Ὠς
218 1805 282 1841 βέλη
294 1808 456 1841 πεμπόμενα
473 1807 548 1842 παρά
565 1817 636 1839 τινος
652 1808 778 1844 εὐστόχου
793 1810 841 1836 καὶ

59 1852 179 1887 ἰσχυροῦ,
199 1851 284 1883 οὕτως
301 1852 368 1879 εἰσὶν
381 1853 404 1879 οἱ
420 1853 563 1879 ἀπόστολοι
583 1854 634 1880 ὑπὸ
648 1855 750 1890 Κυρίου
768 1864 839 1890 πεμ-

59 1898 170 1934 πόμενοι
182 1898 221 1929 είς
235 1897 265 1924 τὸ
281 1899 420 1934 κήρυγμα.

90 1955 135 1982 12.
150 1956 181 1982 Οἱ
197 1955 250 1981 υἱοὶ
263 1955 317 1982 τῶν
333 1955 489 1991 προφητῶν,
504 1955 558 1982 τῶν
575 1955 612 1991 μὴ
629 1956 743 1992 ἑχόντων
756 1957 784 1984 ὲν
792 1957 840 1984 αὐ-

56 2002 110 2033 τοῖς
133 2000 171 2034 (5)
197 2002 267 2032 σῖτα,
282 2001 298 2036 ἢ
314 2000 415 2036 βρῶσιν
429 2000 477 2036 τὴν
487 2001 680 2035 ἀφανίζουσαν.

88 2058 133 2084 15.
150 2057 302 2092 Μακάριος,
314 2058 354 2084 ὅτι
363 2057 371 2094 [
380 2058 472 2094 ὅστις]
486 2058 524 2094 (6)
541 2059 590 2094 τὴν
613 2058 759 2094 ἐπιθυμίαν
770 2058 839 2093 ἔχων

56 2104 92 2135 εἰς
116 2102 151 2129 τὰ
169 2102 301 2138 εἰρημένα
326 2103 378 2129 ὑπὸ
397 2103 450 2129 τῶν
475 2103 649 2135 ἀποστόλων,
679 2103 722 2131 καὶ
745 2103 840 2141 μαθὼν

56 2148 133 2180 αὐτὰ,
151 2149 199 2174 καὶ
216 2148 336 2184 πληρῶν.

31 2212 34 2215 '
88 2205 134 2232 M.
151 2205 181 2231 Ol
200 2205 313 2231 τοιοῦτοι
325 2205 379 2240 γὰρ
393 2204 423 2231 οὐ
435 2204 668 2240 καταισχύνονται,
683 2205 746 2232 ὅταν
761 2214 839 2240 μετα-

890 977 963 1004 gere,
974 973 1002 996 et
1017 976 1127 996 sumere
1149 969 1259 997 verbum
1282 968 1329 996 Dei
1345 972 1454 1003 propter
1468 967 1609 995 hominum
1629 969 1672 996 iu-

890 1016 1088 1044 credulitatem.

925 1071 951 1099 6.
969 1071 1163 1100 Verumtamen
1189 1077 1250 1107 post
1275 1072 1466 1100 dormitionem
1490 1077 1608 1109 vestram
1629 1080 1673 1107 re-

890 1119 1008 1153 surgite;
1022 1122 1112 1146 vester
1132 1119 1203 1145 enim
1227 1126 1316 1146 sermo
1329 1118 1532 1154 praedicabitur,
1545 1124 1572 1147 et
1585 1119 1672 1147 addu-

890 1167 933 1191 cet
947 1171 1042 1191 omnes
1058 1163 1090 1190 ad
1103 1163 1150 1191 Dei
1163 1164 1253 1191 ﬁdem.

927 1220 952 1246 7.
965 1219 1043 1247 Nunc
1059 1224 1161 1252 autem,
1177 1221 1240 1255 quia
1263 1227 1343 1247 nemo
1366 1227 1415 1248 vos
1437 1220 1522 1254 audit,
1539 1227 1602 1248 cum
1625 1220 1673 1248 do-

889 1265 947 1294 lore
962 1266 1043 1293 editis
1059 1274 1156 1301 panem
1173 1271 1304 1293 vestrum.

925 1322 951 1349 8.
966 1322 1085 1350 Tandem
1102 1323 1259 1358 resurgetis,
1273 1331 1334 1350 cum
1352 1323 1484 1350 Dominus
1497 1323 1673 1358 comprehcn-

889 1368 968 1395 detur
991 1375 1006 1395 a
1029 1367 1129 1395 Iudaeis
1156 1368 1227 1395 inter
1256 1376 1321 1395 suos
1337 1368 1462 1400 dilectos,
1478 1369 1529 1395 hoc
1545 1372 1587 1396 est
1606 1376 1672 1403 apo-

890 1415 985 1447 stolos,
1001 1419 1026 1442 et.
1045 1414 1164 1442 dixerit:
1181 1415 1300 1442 Dormile
1321 1415 1380 1449 jam
1398 1419 1422 1441 et
1443 1415 1605 1450 requiescite,
1625 1423 1674 1450 ap-

890 1461 1074 1496 propinquavit
1089 1461 1157 1488 enim
1172 1461 1216 1495 qui
1232 1469 1271 1487 me
1286 1461 1371 1488 tradet
1383 1461 1416 1487 ⁷⁸.

925 1559 952 1587 9.
967 1558 1036 1587 Ecce
1049 1559 1193 1587 haereditas
1207 1560 1313 1587 Domini
1326 1559 1373 1587 ﬁlii
1385 1561 1479 1593 vestri,
1495 1569 1512 1588 ο
1527 1561 1671 1597 prophetae,

891 1606 1016 1640 apostoli.

928 1663 971 1690 to.
989 1661 1021 1690 Et
1035 1670 1140 1690 merces
1164 1663 1264 1690 laboris
1292 1663 1391 1695 vestri,
1416 1667 1444 1690 et
1466 1663 1568 1691 doloris
1592 1671 1671 1698 quem

890 1709 1030 1736 habebatis
1043 1713 1108 1736 tunc
1122 1709 1308 1744 praedicantes,
1320 1709 1429 1738 eosdem
1443 1709 1581 1744 apostolos
1597 1710 1672 1738 nobis

889 1754 1003 1790 peperit.

926 1812 970 1839 ll.
986 1812 1061 1841 Sicut
1077 1812 1129 1840 tela
1142 1813 1224 1840 missa
1240 1811 1274 1839 ab
1289 1811 1381 1846 aliquo
1400 1811 1488 1846 perito
1504 1815 1532 1838 et
1549 1809 1612 1838 forti
1628 1819 1672 1839 sa-

889 1858 1015 1893 gittario;
1031 1859 1067 1886 ita
1082 1863 1146 1886 sunt
1168 1858 1283 1893 apostoli
1298 1857 1375 1885 missi
1390 1865 1406 1884 a
1417 1857 1533 1885 Domino
1549 1857 1582 1885 ad
1602 1865 1672 1891 pra:-

889 1904 1042 1932 dicandum.

925 1960 968 1987 42.
989 1959 1048 1987 Filii
1062 1961 1253 1994 prophetarum
1275 1967 1329 1987 non
1347 1959 1502 1987 habentium
1523 1959 1550 1987 in
1564 1967 1593 1987 se
1605 1960 1670 1995 ipsis

890 2005 1067 2039 frumentum,
1084 2010 1131 2032 aut
1143 2013 1234 2033 escam
1252 2005 1432 2032 deﬁcientem.

928 2060 971 2088 15.
988 2059 1087 2087 Beatus
1100 2060 1255 2095 quicunque
1267 2059 1371 2087 habens
1385 2059 1548 2087 desiderium
1565 2067 1670 2092 eorum,

888 2113 948 2141 quae
962 2106 1032 2134 dicta
1044 2110 1108 2133 sunt
1123 2105 1157 2133 ab
1169 2105 1310 2140 apostolis,
1324 2110 1350 2133 et
1362 2105 1443 2133 discit
1455 2104 1514 2139 ipsa
1529 2109 1555 2132 et
1566 2105 1669 2140 implet.

924 2205 967 2232 Η.
983 2204 1063 2232 Tales
1077 2204 1150 2232 enim
1163 2211 1217 2231 non
1234 2203 1449 2236 confunduntur,
1463 2211 1524 2232 cum
1540 2204 1672 2231 decedunt

57 2251 183 2278 ϐαίνωσιν
199 2253 231 2279 ὲκ
254 2251 300 2278 τοῦ
317 2252 419 2287 κόσμου
437 2251 548 2284 τούτου,
569 2252 615 2278 καὶ
629 2251 747 2278 ἐναντίαι
760 2252 838 2278 δυνά-

909 2259 923 2278 x
937 2251 988 2278 hoc
1003 2250 1116 2282 mundo,
1125 2254 1151 2277 et
1160 2250 1304 2277 contrariae
1314 2254 1462 2284 potestates
1478 2253 1582 2277 stantes
1595 2254 1672 2276 extra

59 2305 117 2331 μεις
131 2297 249 2324 ἑστῶσαι
264 2296 361 2329 ἔξωθεν
375 2297 430 2323 τῶν
441 2296 531 2323 πυλῶν
543 2297 590 2323 τοῦ
603 2297 717 2332 οὐρα.νοῦ
729 2297 839 2332 ζητοῦσι

57 2344 114 2370 κατ’
128 2343 217 2370 αὐτῶν
233 2343 322 2378 εὑρεῖν
333 2352 394 2370 τινα
407 2343 505 2378 πρᾶξιν
523 2343 643 2378 πονηρὰν
663 2343 700 2379 (7)
720 2344 760 2374 εἰς
785 2343 835 2369 αὺ-

57 2389 127 2420 τοὺς,
142 2389 185 2415 ἴνα
201 2388 424 2424 κατηγορήσωσιν
439 2388 528 2415 αὐτῶν
549 2388 618 2424 πρὸς
638 2388 684 2415 τὸν
709 2388 776 2415 Θεὸν
801 2388 839 2419 ὼς

58 2433 265 2469 ἡμαρτηκότων.

90 2523 113 2539 ⁷⁸
129 2522 223 2550 Matth.
245 2531 319 2556 xxvr,
334 2523 379 2555 45,
395 2522 442 2551 46.

891 2297 952 2324 εωιὶ
968 2300 1060 2331 portas
1075 2300 1202 2330 quaerunt
1222 2300 1316 2323 contra
1329 2296 1403 2330 ipsos
1416 2295 1537 2322 invenire
1553 2295 1672 2330 aliquam

891 2342 1043 2376 improbam
1056 2341 1202 2376 actionem,
1213 2346 1244 2369 ut
1257 2348 1305 2369 eos
1316 2346 1445 2376 tanquam
1456 2345 1612 2377 peccatores
1619 2340 1672 2369 Deo

891 2391 1028 2416 accusem.

530 2603 681 2635 Addenda
696 2605 727 2635 et
745 2601 933 2642 corrigenda
950 2609 990 2632 ex
1014 2601 1084 2633 cod.
1099 2599 1200 2631 Vatic.

141 2697 195 2740 ’ξρῦ
203 2696 341 2740 ῥρθρίζειν
353 2698 434 2740 υμᾶς,
452 2698 498 2740 καὶ
513 2697 612 2730 λαλεῖν,
625 2702 677 2726 etc.

89 2731 127 2766 (2)
143 2733 208 2759 Μετ’
220 2731 313 2766 ὀδύνης
326 2731 427 2766 ἤσθιον,
439 2737 491 2760 etc.

91 2767 127 2801 (5)
143 2767 211 2803 Πότε
231 2768 260 2794 δὲ
282 2767 430 2803 ἐγείρεσθε,
448 2769 511 2794 ὅταν
525 2769 538 2794 ὁ
558 2767 659 2803 Ίησοῦς
679 2769 693 2794 ὁ
722 2767 835 2802 μέλλων,

91 2777 127 2801 (ὓ)
143 2777 211 2794 ιιοτε
231 2777 260 2794 οε
282 2777 430 2803 εγειρεσυε,
448 2777 511 2794 οταν
525 2777 538 2794 ο
567 2777 575 2794 Ι
598 2777 659 2800 σους
679 2777 693 2794 ο
722 2777 829 2802 μεΑΛωνη

60 2802 260 2835 θιεηίουδαίων
276 2804 340 2839 εἴπῃ
356 2805 422 2838 τοῖς,
437 2808 488 2832 etc.
505 2803 567 2831 Mox
578 2777 653 2831 Hecst
666 2802 712 2830 καί
725 2807 750 2831 et
766 2804 829 2838 γάρ.

925 2697 962 2732 (ι)
976 2697 1069 2732 Εἴχετε
1081 2697 1141 2723 τότε
1157 2696 1348 2732 κηρύσσοντες.

1043 2733 1148 2764 ἑαυτοῖς
1166 2731 1236 2764 σῖτα,
1253 2732 1269 2766 ἣ
1284 2731 1384 2766 βρῶσίν
1396 2737 1467 2762 τινα,
1483 2733 1535 2757 etc-

920 2767 966 2837 (gi?
976 2768 1101 2837 Πῗνηρὰν
1114 2801 1288 2837 πεπραχότας
1304 2800 1411 2832 αὺτούς,
1421 2805 1473 2827 etc.
