1884 3047
366 120 410 148 DE
430 121 568 149 TlTULlS
587 119 817 149 PSALMOBUM.
833 134 869 139 ——
886 118 985 146 PSAL;
1001 118 1123 146 CXXXI.
1465 116 1534 145 1250

16 183 38 211 El
50 182 204 217 ἀναεήσομαι
216 181 261 208 ἐπὶ
273 180 366 215 κλίνης
383 180 527 216 στρωμνῆς
542 189 604 216 μου.
709 182 732 209 Α

709 182 732 209 Α
781 177 806 204 ι.
830 176 858 204 Si
872 177 1019 204 ascendero
1035 177 1062 203 in
1085 177 1184 204 lectum
1199 176 1277 204 strati
1293 175 1356 206 mei.

17 229 111 256 Εξδώσω
126 227 206 254 ὕπνον
219 227 274 258 τοῖς
284 225 433 261 ὀφθαλμοῖς
450 234 511 261 μου,

781 222 808 249 5.
830 221 859 248 Si
873 222 973 249 dedero
991 229 1119 248 somnum
1138 221 1228 248 oculis
1243 221 1321 254 meis,

15 274 56 300 Καὶ
64 273 111 303 τοῖς
121 270 263 305 βλεφάροις
279 279 329 306 μου
340 270 506 305 νυσταγμὺν,

786 268 811 295 6.
833 267 866 295 Et
889 267 1026 302 palpebris
1045 268 1113 294 meis
1129 267 1366 297 dormitationem.

14 319 53 344 Καὶ
62 318 200 344 ἀνάπαυσιν
214 317 269 348 τοῖς
283 316 428 351 κροτάφοις
441 325 492 352 μου
509 337 516 349 ,

783 317 809 344 ⁵1.
829 317 862 343 Et
881 317 1003 351 requiem
1020 316 1192 351 temporibus
1209 317 1287 343 meis.

13 365 60 394 Ἕως
72 361 97 390 οὗ
105 362 173 397 εὕρω
186 362 269 388 τόπον
286 362 324 397 τῷ
338 363 449 398 Κυρίῳ,

783 363 810 391 8.
830 362 923 390 Donec
940 363 1076 389 inveniam
1093 363 1184 389 locum
1203 362 1330 395 Domino,

17 410 125 444 Σκήνωμα
138 408 175 443 τῷ
193 407 253 443 Θεῷ
272 407 378 434 Ἰακώϐ.

786 409 813 437 9.
836 409 1054 436 Talicrnaculum
1073 408 1129 436 Deo
1140 408 1234 436 Jacob.

13 456 75 482 t'loaia
87 454 237 489 ἠκούσαμεν
251 454 334 490 αὐτὴν
351 455 379 480 ἐν
398 454 520 489 Ἐφραθά
531 463 537 469 ·

784 454 826 482 10.
847 454 916 481 Ecce
930 455 1085 481 audivimus
1099 462 1157 481 eam
1175 454 1201 481 in
1218 453 1357 488 Ephratha
1373 460 1380 469 '

14 522 20 528 .
31 501 131 536 Εὖρομεν
146 501 232 536 αὐτὴν
245 502 274 527 ὲν
289 502 345 532 τοῖς
368 500 470 532 πεδίοις
484 500 531 527 τοῦ
546 499 661 536 δρυμοῦ.

608 499 661 526 ιοῦ.
783 501 826 527 Η.
848 499 1005 526 Invenimus
1025 507 1084 526 eam
1100 500 1126 526 in
1145 500 1249 534 campis
1268 500 1352 527 silvae.

13 568 19 574 η
30 547 222 582 Εἰςελευσόμεθα
239 548 279 579 εἰς
293 547 327 574 τὰ
341 547 508 582 σκηνώματα
523 546 606 574 αὑτοῦ
618 554 624 561 ·

605 554 624 566 η·
785 545 827 571 1⁸2.
845 544 1020 572 lntroibimus
1036 545 1062 571 in
1080 545 1253 572 tabernacula
1266 545 1326 580 ejus
1342 553 1349 572 :

14 614 18 620 .
34 594 240 628 llpnsuuvﬁcopsv
262 594 301 625 εἰς
317 593 362 619 τὸν
376 593 468 626 τόπον,
489 591 519 620 οὗ
539 593 656 629 ἔστησαν
674 594 698 621 οἱ

793 591 830 617 l5.
853 590 1036 618 Adorabimus
1057 590 1084 617 in
1111 590 1190 624 loco,
1221 590 1268 618 ubi
1295 593 1427 618 steterunt
1455 589 1537 625 pedes

13 648 20 670 ς
30 638 103 665 αὐτοῦ.
750 636 774 672 ej
780 645 820 664 us.

15 706 19 711 .
35 685 168 721 Ἀνάστηθι,
183 685 283 722 Κύριε,
297 685 336 716 εὶς
349 685 397 720 τὴν
413 685 565 713 ἀνάπαυε-ἰν
582 694 639 718 σου,

616 694 639 718 υ,
786 682 829 709 14.
846 682 941 718 Surge,
958 682 1082 715 Domine,
1098 682 1125 709 in
1141 683 1262 717 requiem
1277 687 1360 715 tuam,

13 746 20 756 η.
29 730 55 756 Σὺ
67 731 106 756 καὶ
120 731 134 766 ἠ
149 730 267 762 κιϐωτὸς
281 729 327 756 τοῦ
343 730 513 765 ἁγιάσματὸς
528 739 585 757 σου.

582 750 585 757 ,
790 730 833 756 15.
853 729 892 756 Tu
907 734 933 757 et
946 738 1008 757 arca
1024 729 1248 757 sanctificationis
1264 734 1326 756 tum.

15 777 51 802 ,οἱ
66 778 138 811 ἱερεῖς
154 785 199 803 σου
213 776 369 803 ὲνδύσονται
382 775 565 811 δικαιοσύνην,

786 775 832 802 16.
851 773 1012 802 Sacerdotes
1029 775 1066 802 tui
1081 775 1226 801 induentur
1240 774 1384 809 justitiam,

16 822 70 848 ,Καὶ
88 823 109 849 οἱ
130 823 197 849 ὅσιοί
225 831 273 849 σου
296 821 504 857 ὰγαλλιάσονται
528 821 699 858 [ἀγαλλιάσει

791 822 832 849 l7.
847 821 879 848 Et
893 821 980 849 sancti
995 821 1032 848 tui
1048 821 1221 849 exsultabunl
1238 821 1432 858 [exsultatione
1444 820 1535 849 exsul-

13 866 142 902 λιάςονταιῙ.
715 867 737 894 Β
753 871 757 894 ¹

127 866 142 902 1.
715 867 737 894 Β
753 867 871 903 tabunt].

13 925 20 936 ι
31 911 122 938 Ἕνεκεν
137 912 220 940 Δαδὶδ
235 911 283 939 τοῦ
299 912 391 939 δούλου
407 921 454 939 σου

791 913 834 940 18.
850 913 964 948 Propter
980 913 1065 941 David
1080 921 1190 942 servum
1205 917 1282 943 tuum

473 1001 659 1029 ATHANASII
679 1001 975 1030 INTERPRETATIO.

20 1077 42 1103 El
52 1078 81 1114 μὴ
95 1079 133 1104 ἐπ’
146 1078 182 1114 (Ι)
199 1079 317 1114 ἐδάφους
331 1078 443 1106 ὕπνωσα
452 1078 498 1105 τοῦ
513 1078 618 1106 λοιποῦ.

786 1079 812 1108 ι.
832 1079 889 1108 Nisi
903 1080 930 1107 in
943 1079 1064 1107 futurum
1081 1080 1157 1108 humi
1175 1088 1302 1109 somnum
1325 1081 1449 1116 capiam:

20 1123 37 1150 6.
50 1124 73 1149 Εἰ
88 1124 221 1159 παύσομαι
237 1123 396 1159 ἀγρυπνῶν,
413 1124 459 1151 καὶ
474 1125 702 1161 προσευχόμενος,

796 1125 815 1158 i,
830 1126 857 1154 6.
879 1125 906 1153 Si
924 1134 1069 1154 cessavero
1086 1127 1207 1162 vigilare,
1223 1131 1250 1155 et
1267 1135 1358 1160 orare,
1377 1132 1404 1154 et
1416 1126 1540 1154 meditarl

13 1166 97 1200 μελετῶν
111 1168 203 1198 νυκτὸς
217 1168 267 1194 καὶ
282 1167 387 1203 ἡμέρας
400 1169 428 1194 ὲν
448 1166 487 1202 τῷ
502 1168 576 1202 νόμῳ
591 1177 648 1195 σου.
749 1178 757 1198 ι

373 1176 387 1199 ς
400 1169 428 1194 ὲν
448 1166 487 1202 τῷ
502 1168 576 1202 νόμῳ
591 1177 648 1195 σου.
749 1170 793 1198 die
806 1178 838 1198 ac
851 1176 929 1198 nocte
947 1171 973 1197 in
991 1171 1047 1206 lege
1061 1175 1117 1199 tua.

13 1232 15 1238 ι
26 1213 91 1239 Καὶεί
102 1213 174 1240 δώσω
187 1214 282 1240 ἄνεσιν
295 1214 328 1249 τῇ
343 1213 447 1249 διανοίᾳ
458 1214 508 1249 τῆς
520 1214 635 1250 καρδίας
651 1223 702 1250 μου

797 1217 813 1243 l.
834 1216 868 1243 Et
895 1217 918 1245 si
943 1217 1043 1245 dedero
1071 1218 1193 1252 requiem
1222 1218 1306 1247 menti
1323 1218 1414 1246 cordis
1436 1218 1489 1246 mei
1515 1218 1541 1246 in

13 1258 45 1282 tri
53 1259 159 1293 νοήματα
170 1259 225 1285 τῶν
245 1258 370 1294 Γραςρῶν.

757 1261 905 1297 Scripturis
928 1264 1142 1297 perscrutandis.

13 1303 43 1333 ,9.
54 1304 111 1335 Ἕως
124 1302 152 1331 οὗ
164 1303 209 1330 διὰ
226 1304 279 1338 τῆς
300 1303 410 1339 χάριτος
428 1302 511 1330 αὑτοῦ
535 1304 704 1340 οἰκοδομήσω

798 1308 818 1341 3,
834 1308 860 1336 9.
878 1308 970 1336 Donec
993 1309 1079 1343 gratia
1101 1313 1145 1336 tua
1170 1309 1309 1336 aedificabo
1332 1316 1376 1337 me
1401 1309 1489 1344 ipsum
1515 1308 1542 1337 in

13 1348 52 1374 νηὸν
61 1347 122 1376 οἷκον
134 1349 171 1384 τῷ
185 1349 291 1385 Κυρίῳ,
306 1350 352 1376 καὶ
367 1350 517 1376 ἀνάπαυσιν
527 1349 565 1384 τῷ
579 1349 639 1384 Θεῷ
649 1347 703 1376 ὑπτ-

798 1362 867 1381 mum
894 1354 1021 1388 Domino,
1038 1360 1065 1382 et
1090 1356 1211 1390 requiem
1230 1354 1286 1382 Deo
1310 1355 1542 1382 auscultationis:

13 1393 30 1427 5,;
45 1394 88 1428 (2)·
108 1395 222 1430 εἴπαμεν
238 1396 305 1430 γὰρ,
328 1394 435 1422 Ἰακὼὸ
451 1395 632 1431 ἑρμηνεύεται
647 1397 703 1422 ὑπ’

14 1438 32 1469 ἠ.
718 1439 739 1467 C

800 1401 878 1428 Limus
894 1401 967 1428 enim
979 1401 1053 1436 quod
1062 1400 1147 1428 Iacob
1165 1401 1358 1435 interpretatur
1373 1400 1544 1433 auscultatio.

14 1446 32 1464 ll.

13 1483 86 1512 illaab
101 1487 254 1522 ἠκούσαμεν
278 1487 307 1512 ὲν
331 1486 500 1522 Εὑαγγελίῳ,
516 1486 557 1513 ὃτι
578 1486 647 1522 αὕτη
666 1487 704 1522 (5)

800 1487 835 1514 [0.
854 1486 923 1514 Ecce
935 1488 1092 1516 audivimus
1106 1489 1133 1516 in
1153 1488 1313 1524 Evangelia,
1337 1490 1411 1524 quod
1428 1490 1485 1518 haec
1505 1494 1544 1517 est

13 1533 191 1567 Νήἀνὰπαυσις
211 1533 261 1559 τοῦ
281 1532 367 1565 Θεοῦ,
392 1533 456 1559 ὅταν
478 1540 519 1564 τις
541 1532 654 1568 πωλήσῃ
674 1532 708 1559 τὰ

799 1533 864 1567 ιιιὶοε
884 1532 942 1564 Dei.
957 1541 1019 1560 cum
1031 1535 1094 1568 quis
1109 1535 1263 1562 vendiderit
1278 1535 1371 1562 omnia
1389 1535 1460 1562 bona
1481 1542 1543 1570 sua,

13 1583 85 1611 “avra
95 1578 178 1612 αὑτοῦ,
193 1579 242 1605 καὶ
266 1577 304 1613 δῷ
319 1579 446 1613 πτωχοῖς,
462 1578 509 1604 καὶ
527 1577 644 1614 ἀπέλθῃ,
662 1578 709 1604 καὶ

799 1577 902 1605 dederit
924 1579 1099 1614 pauperibus,
1120 1583 1147 1606 et
1163 1579 1288 1610 abiverit,
1310 1583 1337 1606 et
1352 1579 1480 1606 omnibus
1502 1587 1543 1606 re-

13 1623 112 1657 τὰξηται·
129 1625 258 1658 Ἐφραθὰ
278 1623 332 1659 γὰρ
351 1623 531 1658 ἑρμηνεύεται
548 1622 708 1658 παραδιδόνο

800 1624 941 1651 ntiaverit:
956 1623 1093 1655 Epltt‘alha
1106 1627 1178 1651 enim
1194 1625 1388 1659 interpretatur
1399 1625 1433 1653 de
1447 1626 1544 1661 eo.qul

14 1669 192 1703 uapaosaoplar.

759 1669 860 1704 praebet
871 1669 1006 1703 fructuum
1019 1669 1173 1696 ubertatem.

13 1711 140 1750 1.Εὖρομεν
158 1715 196 1748 (4)
219 1715 271 1751 τὴν
295 1714 448 1742 ἀνάπαυσιν
473 1714 574 1751 ταύτην
600 1716 640 1747 εἰς
661 1715 710 1751 τὴν

803 1715 837 1742 ll.
857 1714 1013 1742 Invenimus
1031 1714 1153 1749 requiem
1174 1714 1245 1742 hanc
1261 1715 1288 1742 in
1317 1722 1420 1748 eremo,
1444 1715 1488 1742 ubi
1505 1720 1547 1743 est

13 1767 53 1794 pm,
65 1761 120 1788 ἔνθα
133 1762 162 1788 τὺ
175 1762 280 1797 πλῆθος
300 1762 357 1788 ἐστι
374 1761 429 1788 τῶν
445 1761 549 1796 ἀνδρῶν
563 1760 616 1788 τῶν
633 1762 709 1796 ἐχόν-

803 1760 908 1787 tltiludo
923 1760 1045 1787 virorum
1069 1760 1229 1788 habentium
1253 1761 1335 1788 corda
1360 1769 1410 1788 sua
1428 1769 1547 1796 expansa

13 1805 152 1841 νήτλωμένας
162 1807 212 1839 τὰς
234 1806 348 1842 καρδίας
370 1806 439 1842 πρὸς
453 1806 499 1833 τὸν
519 1806 600 1834 Θεόν’
616 1806 710 1842 δῆλον,

815 1806 898 1834 Deum
922 1805 1110 1840 (manifestum
1129 1811 1188 1839 est,
1204 1806 1279 1842 quod
1298 1806 1448 1835 monachos
1461 1807 1548 1842 signi-

13 1857 21 1882 ς
31 1854 138 1888 μοναχοὺς
151 1854 235 1888 λέγει.
762 1851 848 1885 licat).

15 1894 32 1922 ἰ
42 1897 236 1935 Εἰσελευσόμεθα
251 1900 292 1931 είς
299 1899 334 1926 τὰ
346 1899 512 1935 μοναστὴρια
526 1898 593 1934 πρὸς
606 1898 636 1925 τὸ
648 1899 714 1925 ἀπο-

803 1897 844 1925 12.
861 1896 1036 1926 lntroibimus
1057 1905 1085 1925 in
1103 1898 1269 1926 monasteria
1289 1898 1322 1926 ad
1338 1900 1547 1928 renunliandum

13 1942 76 1974 Mat.
765 1944 872 1971 mundo.

13 1988 33 2016 l3.
51 1990 91 2017 Τὸν
118 1993 231 2028 σταυρδν
261 1991 343 2019 αὐτοῦ
371 1992 619 2028 προσκυνήσομεν,
651 1990 716 2017 ἔνθα

805 1990 846 2017 15.
863 1989 979 2018 Crucem
1001 1991 1061 2026 ejus
1075 1991 1269 2024 adorabimus,
1294 1991 1339 2019 ubi
1362 1992 1462 2020 conﬁxi
1486 1999 1549 2021 sunt

13 2033 79 2071 inm
90 2039 110 2065 οἱ
123 2039 198 2071 πόδες
209 2038 304 2066 αὑτοῦ.

187 2038 304 2071 ςαὺτοῦ.
766 2037 848 2072 pedes
862 2036 931 2071 ejus.

13 2079 221 2120 14.Προσεύχονται
240 2085 265 2111 οἱ
282 2084 427 2120 ἡγούμενοι
442 2083 512 2120 ὑπὲρ
524 2083 579 2110 τῶν
597 2084 716 2110 ἀποτασ-
733 2119 747 2121 _

807 2083 846 2110 16.
865 2082 952 2110 Orant
974 2083 1104 2118 praesides
1129 2084 1326 2111 monachorum
1351 2092 1400 2119 pro
1429 2084 1482 2118 iis,
1505 2086 1551 2121 qui

13 2127 71 2161 ιὲνων,
91 2119 223 2164 λέγοντες·
246 2130 335 2162 *Ελθὲ,
357 2130 456 2165 Κύριε,
481 2119 520 2161 είς
540 2129 589 2165 τὴν
603 2129 715 2165 καρδίαν
732 2119 754 2146 D

807 2129 865 2156 mdo
889 2130 1094 2162 renuntiarunt,
1113 2130 1234 2157 dicentes
1255 2138 1262 2156 :
1279 2130 1363 2162 Veni,
1382 2130 1507 2164 Domine,
1525 2132 1551 2158 iu

13 2175 100 2202 numth
110 2177 156 2212 τὴν
169 2177 322 2204 ἁνάπαυσίν
335 2185 381 2203 σου
397 2177 543 2203 τελούντων
561 2176 612 2211 (5).

768 2184 815 2204 cor
831 2176 957 2207 istorum,
972 2175 1018 2210 qui
1033 2176 1154 2210 requiem
1170 2180 1243 2202 tuam
1255 2175 1382 2202 elliciunt.

13 2213 74 2246 1.3.2:»
87 2221 151 2255 ἐλθὲ,
167 2223 214 2249 καὶ
228 2224 246 2258 ἡ
263 2223 340 2258 χάρις
354 2230 406 2256 σου
425 2222 472 2248 σὺν
493 2223 549 2253 τοῖς
567 2220 656 2255 ἁγίοις
671 2229 718 2247 σου

809 2220 848 2248 IS.
866 2220 932 2247 Veni
949 2224 977 2247 tu
988 2239 996 2253 ,
1018 2226 1045 2248 et
1061 2220 1146 2255 gratia
1164 2226 1210 2248 tua
1226 2229 1288 2248 cum
1309 2221 1436 2250 omnibus
1453 2222 1553 2249 sanctis

13 2270 45 2291 rw.
768 2267 833 2294 tuis.

13 2306 36 2336 ιθ·
51 2312 129 2347 Ἡμεῖς
144 2315 167 2341 οῑ
193 2315 275 2350 ἱερεῖς
292 2323 339 2341 σου
363 2312 529 2349 ἐνδυσάμεθα
549 2312 588 2349 (6)
610 2312 655 2339 διὰ
671 2312 720 2347 τῆς

812 2313 852 2341 18.
866 2312 922 2341 Nos
936 2313 1093 2341 sacerdotes
1117 2313 1155 2341 tui
1171 2313 1317 2341 induemur
1337 2321 1385 2348 per
1402 2313 1556 2343 doctrinam

13 2359 110 2393 Μηλίοις
122 2362 229 2395 τούτους
239 2362 302 2394 τοὺς
312 2362 360 2397 τῆς
376 2361 548 2395 δικαιοσύνης
565 2359 649 2391 υἱούς.

433 2361 548 2395 ιιοσύνης
565 2359 649 2391 υἱούς.
771 2359 815 2387 his
825 2360 937 2394 justitia:
949 2360 1022 2387 ﬁliis.
1175 2381 1177 2385 .

13 2400 37 2428 I7.
49 2405 93 2433 Καὶ
111 2408 206 2440 πάντες
224 2409 248 2435 οἱ
262 2407 372 2443 ἄγγελοί
389 2415 437 2433 σου
453 2406 500 2433 καὶ
519 2407 592 2433 πᾶσα
609 2407 626 2441 ἡ
643 2405 720 2432 ἁδελ-

813 2405 852 2432 17.
867 2405 901 2432 Et
923 2413 1019 2432 omnes
1043 2405 1131 2440 angeli
1157 2405 1207 2439 tui,
1234 2410 1262 2433 et
1285 2406 1375 2433 omnis
1401 2405 1557 2433 fraternitas

13 2454 42 2483 ⁷ης
59 2452 249 2486 ἅγαλλιάσονται
266 2455 313 2482 ἐπὶ
334 2455 368 2490 τῇ
389 2453 515 2489 ἀποταγῇ
541 2451 644 2478 τούτων
667 2451 721 2478 τῶν

813 2451 946 2478 iultabunt
959 2451 986 2478 in
1001 2452 1202 2479 renuntiatione
1215 2461 1259 2479 seu
1270 2452 1433 2487 professione
1449 2452 1557 2484 borum,

13 2494 134 2527 θελθὸντων.

771 2497 818 2532 qui
835 2497 869 2523 ad
885 2498 1058 2525 monasticam
1075 2499 1156 2525 vitam
1170 2503 1310 2526 venerunt.

13 2536 40 2566 I8.
57 2543 95 2570 Διὰ
114 2545 157 2572 τὸν
177 2545 256 2582 χορὸν
278 2546 323 2573 τὸν
344 2545 533 2582 πεποθημένον
559 2545 614 2572 τῶν
639 2544 724 2578 ἁγίων

808 2543 852 2570 18.
869 2543 982 2578 Propter
998 2544 1114 2571 chorum
1130 2545 1312 2572 desideratum
1327 2548 1485 2572 sanctorum
1502 2547 1550 2571 tuo

13 2590 31 2608 ιδ’
41 2587 112 2616 Δαϐὶδ
123 2591 173 2627 γὰρ
189 2592 368 2628 ἑρμηνεύεται
383 2591 600 2626 πεποθημένος.

773 2597 835 2616 rum
853 2598 860 2616 :
877 2588 961 2615 David
976 2591 1047 2616 enim
1064 2590 1258 2626 interpretatur
1272 2590 1445 2617 desideratus.

411 2659 564 2691 Addenda
579 2663 610 2689 et
634 2657 823 2696 corrigenda
841 2665 880 2687 ex
896 2656 967 2687 cod.
985 2656 1086 2688 Vatic.

14 2715 40 2751 (ί)
54 2720 101 2748 Ἐπ’
114 2723 194 2752 deest.

51 2755 96 2795 Ῐῆς
105 2759 219 2795 ρπακοῆς
230 2768 237 2774 θ
250 2760 366 2795 εἴπαμεν
378 2759 447 2795 γὰρι
453 2759 495 2786 ὅτι
507 2757 618 2790 Ἰακώϐ,
630 2760 698 2788 ctc.:

690 2761 698 2788 ε
775 2724 851 2795 Ε’ἷὲᾒ
871 2754 1116 2795 Ῐὲκῖελ9ύνῖων·.
1200 2789 1212 2795 -
1287 2788 1299 2795 .
1361 2788 1366 2795 .
1423 2787 1434 2793 -

17 2785 220 2830 [dirimit-ev.
254 2785 260 2786 ⁷
384 2785 400 2800 ’⁵
418 2785 479 2830 ’³⁵νῄ
582 2827 588 2830 Δ
611 2785 617 2790 ’
685 2785 698 2830 ί
807 2785 1053 2830 ζϐλᾚνδυσόμεθσ.
1073 2789 1182 2822 τούτους
1198 2789 1222 2816 δ.
1243 2797 1268 2816 τ.
1284 2788 1308 2816 δ.
1327 2788 1390 2822 τοὺς
1408 2787 1456 2823 τῆς
1472 2786 1496 2816 δ.
1510 2785 1559 2815 αὺ-

18 2821 42 2856 ίδλ
54 2821 247 2866 Εὖραμένξεὶεη
269 2829 337 2866 πρὸς
353 2829 398 2857 τὸν
413 2829 490 2864 Θεὸν,
501 2827 634 2856 ’τουτέστι
645 2826 718 2859 τούς.
775 2821 822 2853 τοῦ
839 2821 922 2857 υἱούς.
