1930 3046
34 131 112 160 Ῐ-Ξεὸ

74 190 120 216 51.
131 189 193 215 Ὀτι
206 191 294 225 κρινεῖ
308 190 409 226 Κύριος
424 191 468 217 τὸν
488 192 552 218 λαὸν
566 193 648 219 αὑτοῦ
660 202 667 209 ο

73 234 120 261 '52.
142 235 197 261 Καὶ
214 235 260 261 ἐπὶ
277 237 332 268 τοῖς
345 235 449 268 δούλοις
465 238 547 264 αὐτοῦ
565 239 816 276 παρακληθήσεται.

74 281 120 308 53.
143 281 185 308 Τὰ
203 281 300 309 εἴδωλα
319 282 372 309 τῶν
398 283 483 311 ἐθνῶν
500 286 631 322 ἀργύριον
649 288 696 314 καὶ
713 289 824 324 χρυσίον

31 327 111 362 ἔργα
124 327 224 363 χειρῶν
240 327 401 364 ἀνθρώπων.

77 372 122 399 54.
145 372 237 408 Στόμα
252 373 353 408 ἔχουσι,
369 375 415 401 καὶ
427 375 458 401 οὐ
475 375 637 412 λαλήσουσιν
648 389 654 395 -

75 418 122 445 55.
134 418 309 455 Ὀφθαλμοὺς
322 420 425 455 ἔχουσι,
434 422 481 448 καὶ
492 423 542 449 οὐκ
554 423 675 458 ὄψονται.

74 463 121 491 56.
131 461 201 491 Ὦτα
218 465 319 500 ἔχουσι,
334 467 382 493 καὶ
395 467 446 494 οὐκ
457 468 683 504 ἐνωτισθήσονται
695 470 836 506 [ἀκούσον-

32 509 108 545 eat]-

74 557 120 584 57.
142 557 211 584 Οὐδὲ
224 558 278 594 γάρ
290 559 347 585 ἐστι
364 560 473 594 πνεῦμα
486 561 514 587 ὲν
531 561 570 596 τῷ
585 562 699 597 στόματι
717 562 815 590 αὐτῶν.

77 603 124 631 58.
133 603 244 639 Ὅμοιοι
258 606 350 638 αὐτοῖς
363 605 484 640 γένοιντο
499 608 524 634 οἱ
539 608 680 640 ποιοῦντες
693 610 773 642 αὐτὰ,

75 649 121 676 59.
144 650 200 677 Καὶ
216 650 315 683 πάντες
329 653 353 678 οἱ
367 652 526 684 πεποιθότες
540 654 583 679 ἐπ’
598 655 698 686 αὐτοῖς.

73 697 120 725 40,
142 696 224 730 Οἶκος
239 699 358 735 Ἰσραὴλ,
373 699 538 736 εὐλογήσατε
553 702 597 728 τὸν
609 701 726 737 Κύριον·

73 743 120 770 ΔΙ.
141 743 225 776 Οἶκος
238 744 355 780 Ἀαρὼν,
369 746 534 782 εὐλογῆσατε
549 747 595 774 τὸν
606 747 708 783 Κύριον
717 757 724 763 ’

73 789 120 817 42.
142 787 225 822 Οἶκος
239 790 314 822 Λευῒ,
335 792 502 828 εὐλογήσατε
516 793 562 820 τὸν
578 793 681 828 Κύριον
693 801 700 808 '

75 836 121 862 45.
141 835 175 863 Οἱ
200 836 363 872 φοϐούμενοι
387 839 432 865 τὸν
457 839 568 875 Κύριον,
599 839 765 876 εὐλογήσατε
789 841 834 866 τὸν

35 881 153 917 Κύριον.

76 927 122 954 M.
144 927 299 964 Εὖλογητὸς
319 930 421 966 Κύριος
435 931 467 957 ὲκ
484 931 563 963 Σιὼν,

74 971 122 999 45.
137 972 167 999 Ὀ
184 974 320 1001 κατοικῶν
342 975 530 1011 Ἰερουσαλήμ.

492 135 536 162 DE
558 135 697 165 TlTULlS
721 138 950 171 PSALMORUM.
973 158 1007 166 --
1027 140 1124 170 PSAL.
1143 141 1282 168 CXXXIV.

1614 146 1625 172 1
1632 146 1682 174 ⁵266

924 198 969 224 ΞΗ.
992 198 1061 231 Quia
1077 197 1213 233 judicabit
1227 198 1360 226 Dominus
1379 201 1510 235 populum
1528 209 1607 229 suum
1622 213 1627 228 :

926 243 969 269 52.
992 243 1025 270 Et
1036 243 1063 270 in
1076 244 1162 271 servis
1181 244 1239 271 suis
1253 243 1453 279 deprecabitur.

923 289 966 316 5'5.
988 289 1141 317 Simulacra
1159 289 1282 324 gentium
1295 295 1436 326 argentum
1454 297 1481 319 et
1496 299 1607 325 aurum,
1620 300 1684 328 ope-

887 342 916 361 ra
932 342 1063 362 manuum
1079 335 1230 363 hominum.

923 381 968 409 34.
989 381 1026 409 Os
1041 382 1151 416 habent,
1168 387 1195 410 et
1210 390 1264 410 non
1281 383 1425 418 loquentur
1442 393 1449 411 ;

922 428 967 455 55.
987 427 1087 455 Oculos
1104 428 1213 461 habent,
1229 433 1256 457 et
1272 436 1325 457 non
1343 429 1479 457 videbunt.

922 473 965 501 56.
988 473 1076 502 Aures
1094 473 1204 506 habent,
1218 478 1246 502 et
1261 482 1316 502 non
1333 475 1445 502 audient
1459 484 1465 501 :

923 562 967 589 57.
989 561 1082 598 Neque
1094 563 1167 590 enim
1183 566 1226 590 est
1240 562 1354 597 spiritus
1371 562 1397 589 in
1413 569 1460 590 ore
1475 562 1608 597 ipsorum.

921 608 965 635 58.
988 607 1097 636 Similes
1112 609 1165 636 illis
1182 608 1248 636 ﬁant
1261 608 1308 644 qui
1326 608 1431 635 faciunt
1445 616 1487 642 ea,

921 653 966 680 59.
989 653 1021 681 Et
1035 661 1130 681 omnes
1147 653 1194 689 qui
1213 653 1353 681 conﬁdunt
1367 654 1393 680 in
1407 654 1456 682 eis.

923 702 966 730 40.
987 702 1090 730 Domus
1105 702 1198 736 Israel,
1218 702 1371 730 benedicite
1384 702 1499 730 Domino
1513 713 1518 729 :

921 749 965 776 41.
987 747 1091 776 Domus
1105 749 1207 782 Aaron,
1225 747 1378 776 benedicite
1393 748 1508 776 Domino
1522 758 1528 775 :

921 795 966 822 4'2.
989 793 1091 822 Domus
1105 793 1181 827 Levi,
1197 794 1351 822 benedieite
1367 793 1502 822 Domino:

922 841 965 867 ἀΰ.
986 839 1038 873 Qui
1053 840 1155 868 timetis
1172 840 1330 874 Dominum,
1347 840 1499 868 benedicitc
1516 840 1639 869 Domino.

923 929 966 956 Μ.
989 929 1151 956 Benedictus
1167 929 1299 956 Dominus
1316 936 1349 956 ex
1363 929 1439 960 Sion,

923 975 968 1002 45.
989 974 1041 1008 Qui
1057 975 1162 1002 habitat
1175 975 1202 1002 in
1215 974 1377 1003 Jerusalem.

609 1075 800 1103 ATHANASII
822 1075 1112 1104 INTERPRETATIO.

73 1164 119 1191 51.
130 1163 191 1190 Ὅτι
205 1166 311 1200 ποιήσει
324 1164 425 1200 Κύριος
437 1165 487 1200 τὴν
498 1166 636 1202 ἐκδίκησιν
651 1165 697 1193 τοῦ
709 1166 773 1192 λαοῦ
785 1167 827 1193 αὺ-

38 1211 86 1238 τοῦ
104 1211 136 1237 ὲκ
153 1210 208 1237 τῶν
222 1211 350 1238 ἐναντίων
365 1211 515 1247 δυνάμεων.
572 1204 574 1207 ’

73 1257 119 1284 52.
138 1257 194 1284 Καὶ
219 1257 266 1284 ἐπὶ
281 1259 339 1289 τοῖς
362 1257 529 1284 ὑπακούουσι
544 1258 582 1294 τῷ
600 1258 671 1294 λόγῳ
683 1259 729 1286 τοῦ
745 1259 834 1294 Εὐαγ-

39 1303 129 1337 γελίου
146 1303 243 1330 ἑαυτὸν
259 1304 424 1340 δυσωπήσας
440 1305 686 1340 καταλλαγήσεται.

73 1349 119 1376 55.
144 1350 185 1376 Τὰ
202 1349 317 1386 σώματα
333 1351 378 1377 καὶ
396 1351 424 1377 αἱ
445 1350 530 1386 ψυχαὶ
548 1351 602 1377 τῶν
619 1351 733 1383 ἐθνικῶς
747 1351 833 1387 βιούν-

39 1404 93 1422 των
120 1395 282 1422 δεδούλωται
304 1397 343 1432 (1)
366 1398 398 1433 τῇ
421 1397 604 1432 φιλαργυρίᾳ·
628 1397 658 1424 τὸ
678 1398 726 1433 μὲν
754 1398 836 1425 ιδικὺν

39 1441 76 1472 ὡς
90 1441 139 1467 καὶ
155 1441 272 1476 ἀλλαχοῦ
282 1442 389 1479 εἴρηται
405 1442 484 1478 δῆλόν
500 1443 584 1473 ἐστιν,
597 1444 614 1478 ὴ
624 1443 652 1469 δὲ
665 1442 765 1479 θεωρία
775 1443 836 1470 τοῦ-

40 1496 68 1513 το
86 1486 224 1522 βούλεται.

72 1534 119 1561 54.
140 1534 224 1561 Οὐδὲν
239 1534 294 1572 ’κὰρ
308 1536 445 1570 εἰρηνικὸν
461 1537 490 1562 ὲν
504 1535 543 1571 τῷ
555 1536 669 1572 στόματι
683 1536 780 1563 αὐτῶν.

921 1166 964 1193 5t.
982 1165 1115 1199 Quoniam
1132 1165 1265 1194 Dominus
1280 1165 1432 1194 vindicabit
1451 1165 1583 1200 populum
1597 1174 1677 1194 suum

887 1218 901 1236 ιι
917 1210 1064 1238 contrariis
1081 1210 1272 1246 potestatibus.

921 1256 966 1283 5‘2.
998 1255 1030 1283 Et
1060 1256 1086 1283 in
1115 1255 1305 1284 obedientibus
1320 1256 1404 1284 verbo
1429 1257 1568 1292 Evangelii
1592 1258 1633 1286 sui
1648 1265 1678 1286 se

886 1302 975 1337 ipsum
992 1310 1112 1330 exorans
1126 1303 1360 1330 reconciliabitur.

921 1349 967 1376 55.
982 1347 1116 1384 Corpora,
1133 1353 1160 1376 et
1175 1350 1273 1377 anima:
1296 1357 1402 1383 eorum,
1424 1351 1469 1385 qui
1488 1351 1626 1385 gentiliter
1638 1351 1678 1378 vi-

885 1399 964 1426 vunt,
978 1394 1131 1422 inserviunt
1146 1395 1268 1423 avaritia:
1293 1404 1298 1422 :
1323 1396 1436 1431 proprie
1453 1401 1543 1423 autem
1559 1397 1624 1432 quid
1640 1398 1678 1424 si-

886 1440 995 1476 gnificet
1005 1440 1069 1468 alibi
1079 1441 1162 1468 etiam
1177 1441 1280 1469 dictum
1296 1446 1348 1475 est,
1358 1442 1488 1478 allegoria
1504 1447 1593 1470 autem
1607 1443 1678 1470 hanc

885 1486 969 1521 exigit
982 1486 1205 1521 explicationem.

921 1533 965 1560 54.
986 1532 1060 1560 Nihil
1073 1533 1146 1560 enim
1164 1534 1310 1568 paciﬁcum
1327 1534 1354 1561 in
1372 1542 1420 1562 ore
1437 1535 1570 1570 ipsorum.

73 1580 120 1607 35.
134 1580 178 1607 Ἐν
194 1581 285 1608 σκότει
300 1581 354 1618 γὰρ
379 1582 600 1618 διαπορευόμενοι
614 1582 651 1618 (‘2)
665 1584 715 1610 οὐκ
736 1584 835 1618 ἀνανή-

922 1579 966 1606 55.
988 1579 1017 1606 1η
1045 1579 1165 1606 tenebris
1181 1587 1290 1615 semper
1303 1580 1476 1608 ambulantes
1493 1581 1526 1608 ad
1543 1581 1675 1608 sobrieta~

40 1634 148 1652 εουσιν.

72 1669 120 1698 56.
130 1670 187 1705 Οὐχ
201 1671 367 1699 ὑπακούουσι
383 1673 437 1709 γὰρ
449 1675 504 1706 τοῖς
516 1674 562 1701 τοῦ
578 1674 645 1701 Θεοῦ
657 1676 834 1710 προστάγμα-

42 1723 93 1748 σιν,
110 1715 151 1747 ὡς
173 1716 219 1742 καὶ
244 1717 259 1743 ὸ
283 1717 386 1753 Κύριος
410 1719 478 1754 πρὸς
492 1720 555 1751 τοὺς
572 1720 709 1752 τοιούτους
725 1720 832 1755 ἔλεγεν·

46 1761 73 1787 Ὀ
87 1756 169 1796 ἔχων
183 1759 244 1789 ὦτα
260 1763 393 1798 ἀκούειν,
409 1766 552 1793 ἀκουέτω.

73 1807 120 1835 '57.
142 1807 209 1834 Οὐδὲ
226 1809 264 1844 (5)
283 1809 336 1846 γὰρ
351 1810 442 1846 ἔχουσι
458 1811 569 1847 Πνεῦμα
587 1813 674 1847 ἅγιον.

73 1853 120 1881 '58.
134 1853 250 1889 Ὁμοίως
263 1856 317 1883 τῶν
329 1858 477 1893 χρημάτων
492 1859 530 1898 τῷ
548 1860 613 1894 πυρὶ
634 1861 833 1896 παραδοθήσον-

41 1909 83 1927 ται
99 1900 124 1927 οἱ
141 1900 353 1937 θησαυρίζοντες
367 1905 450 1932 αὑτά.

74 1947 120 1975 59.
141 1948 198 1975 Καὶ
217 1949 317 1982 πάντες
329 1951 353 1976 οἱ
369 1951 529 1984 πεποιθότες
546 1953 592 1979 ἐπὶ
606 1953 720 1980 πλούτου
739 1953 834 1988 ἀδηλό-

45 2002 113 2029 cur}.

74 2040 122 2068 40.
141 2041 174 2068 Οἱ
189 2041 297 2069 εὐθεῖαν
312 2042 420 2078 ἔχοντες
433 2044 482 2080 τὴν
498 2044 610 2076 καρδίαν
622 2045 690 2081 πρὸς
701 2046 746 2072 τὸν
758 2046 834 2078 Θεὸν,

46 2087 172 2119 ἢξάσατε
186 2088 232 2115 τὸν
246 2089 349 2126 Κύριον
359 2098 366 2105 ·
384 2091 509 2126 Ἰσραὴλ
523 2091 576 2127 γὰρ
594 2091 775 2127 ἑρμηνεύεται
787 2094 822 2119 εὺ

45 2132 135 2166 θύτης
149 2134 234 2162 Θεοῦ.

75 2178 121 2206 41.
142 2179 173 2205 Οἱ
190 2180 291 2216 ἑδραῖοι
302 2181 378 2213 ὄντες
391 2183 455 2217 περὶ
466 2181 515 2218 τὴν
532 2183 622 2209 πίστιν
636 2183 682 2209 καὶ
695 2183 744 2216 τὰς
760 2185 834 2210 ἐντο-

44 2225 89 2258 λὰς
103 2225 151 2253 τοῦ
165 2226 244 2258 Θεοῦ,
260 2227 388 2260 δοξάσατε
404 2228 442 2263 (ί)
455 2229 501 2255 τὸν
512 2229 614 2265 Κύριον
626 2238 631 2243 ·
654 2229 762 2264 Ἀαρὼν
781 2230 834 2265 γὰρ

45 2272 224 2308 ἑρμηνεύεται
239 2273 308 2306 ὅρος
320 2273 461 2301 δυνατόν.

76 2316 122 2343 42.
135 2317 166 2343 Οἱ
182 2318 375 2354 προσκείμενοι
389 2318 428 2354 τῷ
440 2319 509 2354 Θεῷ,
522 2319 652 2353 δοξάσατε
666 2320 711 2347 τὸν
721 2320 831 2356 Κύριον·

44 2361 115 2388 Λευῒ
130 2362 170 2398 (5)
184 2362 238 2398 γὰρ
250 2364 430 2399 ἑρμηνεύεται
444 2366 671 2400 προσκείμενος.

77 2407 121 2434 45.
140 2409 171 2434 Οἱ
185 2409 308 2442 εὐλαϐεῖς
320 2412 353 2446 τῇ
365 2411 472 2447 καρδίᾳ,
486 2411 675 2447 ὲγκωμιέισατε
689 2411 778 2438 αὐτόν.

77 2453 122 2485 44,
135 2453 179 2480 45.
196 2454 273 2481 Σιὼν
284 2456 461 2492 ἑρμηνεύεται
477 2456 596 2491 διψῶσα
606 2465 613 2472 ·
636 2455 833 2490 Ἰερουσαλὴμ

46 2497 225 2533 ἑρμηνεύεται
244 2498 348 2533 ὅρασις
362 2500 483 2536 εἰρήνης
495 2510 501 2516 ·
517 2502 548 2528 ἐκ
563 2502 674 2537 καρδίας
687 2499 734 2528 οὖν
750 2500 832 2535 διψώ-

47 2551 93 2578 σης
111 2543 149 2579 (6)
164 2544 310 2579 εὐλογητὸς
322 2545 424 2582 Κύριος
439 2548 453 2574 ό
469 2547 604 2574 κατοικῶν
621 2548 649 2574 ἐν
666 2547 744 2583 αὐτῇ.

887 1630 938 1652 tem
956 1624 1056 1652 mentis
1071 1632 1126 1652 non
1139 1625 1265 1654 redeunt.

920 1671 964 1698 56.
990 1671 1048 1698 Non
1067 1671 1140 1699 enim
1161 1672 1292 1699 obediunt
1315 1671 1415 1699 divinis
1437 1673 1590 1706 praeceptis,
1606 1671 1677 1699 sicut

885 1723 912 1745 et
925 1718 1057 1746 Dominus
1068 1718 1128 1746 istis
1143 1717 1212 1745 dixit
1227 1717 1296 1750 :Qui
1308 1718 1385 1745 habet
1398 1726 1475 1745 aures
1489 1718 1616 1745 audiendi
1627 1726 1676 1745 au-

885 1765 953 1792 dial.

921 1812 964 1839 57.
985 1810 1078 1846 Neque
1092 1811 1164 1839 enim
1183 1810 1284 1838 habent
1301 1811 1434 1847 Spiritum
1451 1815 1586 1838 sanctum.

922 1858 966 1885 58.
987 1857 1103 1886 Perinde
1126 1864 1158 1885 ac
1180 1857 1302 1891 pecuniae
1315 1857 1369 1893 igni
1387 1858 1528 1885 tradentur
1541 1858 1677 1885 thesauri-

887 1909 980 1931 zantes
991 1911 1046 1931 eas.

921 1950 965 1977 59.
985 1949 1019 1977 Ει
1033 1950 1193 1985 omnes,qui
1208 1949 1385 1977 conﬁduntin
1395 1950 1499 1977 incerto
1506 1949 1673 1977 divitiarum.

920 2039 964 2066 40.
985 2038 1037 2072 Qui
1057 2043 1162 2066 rectum
1179 2038 1284 2066 habetis
1310 2046 1358 2066 cor
1373 2038 1406 2065 ad
1426 2037 1510 2065 Deum
1528 2037 1677 2073 gloriﬁcate

885 2085 1030 2114 Dominum
1045 2094 1051 2112 :
1068 2084 1155 2112 Israel
1173 2085 1245 2113 enim
1260 2085 1456 2120 interpretatur
1470 2083 1600 2110 rectitude
1615 2082 1675 2111 Dei.

921 2175 967 2202 41.
983 2174 1035 2208 Qui
1049 2174 1120 2202 ﬁrmi
1133 2175 1199 2202 estis
1212 2175 1239 2201 in
1253 2174 1305 2202 fide
1322 2178 1348 2201 et
1366 2174 1507 2210 praeceptis
1520 2173 1579 2207 Dei,
1593 2173 1676 2208 glori-

887 2221 965 2248 [icate
988 2220 1134 2248 Dominum
1161 2229 1167 2247 :
1196 2223 1286 2247 Aaron
1306 2221 1378 2247 enim
1397 2220 1587 2255 interpretatur
1603 2228 1676 2247 mons

887 2269 973 2303 fortis.

921 2316 966 2343 42.
983 2314 1106 2350 Appositi
1120 2314 1175 2341 Deo
1188 2314 1336 2350 glorilleate
1348 2314 1494 2342 Dominum
1508 2324 1514 2341 :
1531 2315 1593 2342 Levi
1605 2316 1678 2342 enim

886 2362 1080 2397 interpretatur
1094 2360 1241 2395 appositus.

917 2406 961 2433 45.
976 2405 1016 2433 Pii
1029 2409 1056 2433 et
1069 2406 1193 2433 timentes
1210 2406 1302 2438 corde,
1317 2407 1435 2434 exaltate
1451 2414 1525 2434 eum.

919 2453 964 2486 44,
980 2453 1024 2480 45.
1041 2451 1107 2480 Sion
1124 2452 1319 2487 interpretatur
1333 2453 1424 2479 sitiens
1440 2461 1448 2479 .'
1466 2452 1616 2480 Jerusalem
1638 2452 1680 2479 in-

888 2503 1052 2534 terpretatur
1068 2500 1134 2526 visio
1149 2499 1222 2534 pacis
1237 2507 1246 2526 :
1262 2507 1295 2526 ex
1309 2499 1390 2526 corde
1405 2499 1487 2534 igitur
1509 2500 1616 2527 sitiente
1635 2498 1680 2526 be-

888 2546 1015 2573 nedictus
1029 2545 1173 2579 Dominus,
1186 2546 1233 2581 qui
1251 2545 1356 2573 habitat
1374 2545 1400 2572 in
1414 2545 1483 2581 ipso.

524 2637 678 2669 Addenda
701 2641 731 2668 et
748 2637 935 2677 corrigenda
952 2645 992 2667 ex
1012 2636 1082 2667 cod.
1100 2635 1202 2667 Vatic.

81 2732 117 2766 (Ἰ)
137 2731 328 2760 Δεδούλωνται.

81 2767 118 2802 (3)
137 2767 330 2802 Πορευόμενοι.

82 2767 108 2799 (2
137 2767 330 2802 Πορευόμενοι.

82 2767 120 2837 (δὲ
141 2801 207 2840 Qua;
218 2803 270 2830 sub
284 2811 311 2830 n.
325 2803 479 2840 57rdcsunt.
490 2805 523 2832 At
542 2805 585 2837 57,
599 2805 643 2838 38,
655 2805 689 2831 ita
703 2804 834 2840 ιὈμοίως

48 2835 98 2863 τῶν
111 2835 266 2874 χρημάτων
281 2839 510 2875 παραδοθήσονται
526 2841 564 2875 τῷ
579 2835 681 2875 αἰωνίῳ
703 2835 767 2875 πυρὶ
788 2835 835 2876 θηξ

890 2734 1061 2766 σαυρίζοντες
1075 2733 1154 2759 αὐτά.

936 2747 951 2759 Π
963 2747 1060 2766 ιδυνῑεε
1075 2747 1154 2759 υωιιι.

936 2747 961 2804 i)
982 2767 1116 2805 Δοξᾴσατε
1133 2768 1178 2795 τὸν
1194 2769 1305 2805 Κύριον,
1322 2769 1396 2796 deest
1413 2768 1440 2796 in
1454 2767 1514 2796 cod.

924 2805 962 2838 (5)
982 2804 1062 2834 Λευῒς
1080 2804 1144 2839 γάρ,
1158 2809 1209 2831 etc.

926 2838 963 2875 (6)
985 2838 1218 2875 Διτζιιῦσηςαὺτδν,
1235 2838 1387 2874 εὐλογητός,
1405 2843 1457 2867 etc.
