1930 3046
43 129 132 159 1269

85 192 98 216 1
107 190 138 218 5.
156 189 209 216 Τδν
222 190 297 225 ἥλιον
310 190 349 221 εἰς
365 189 488 222 ἐξουσίαν
500 191 548 226 τῆς
564 192 670 227 ἡμέρας
682 200 690 208 ·

86 234 136 262 16.
153 235 215 262 Ὀτι
227 235 268 267 εἰς
278 234 324 261 τὸν
335 234 421 261 αἰῶνα
438 236 467 261 τὺ
483 235 555 267 ἕλεος
570 236 662 263 αὐτοῦ.

86 281 138 308 17.
155 280 210 308 Τὴν
222 281 335 316 σελήνην
347 281 393 307 καὶ
405 281 467 312 τοὺς
482 282 598 317 ἀστέρας
610 283 650 314 εἰς
663 283 785 315 ἐξουσίαν
796 284 844 319 τῆς

42 334 80 352 νυ
86 326 156 358 κτός
167 335 174 341 “

91 373 138 400 18.
159 374 220 399 Ὀτι
234 374 275 405 εἰς
287 373 334 400 τὸν
351 373 437 400 αἰῶνα
449 377 479 400 το
489 374 563 406 ἔλεος
574 375 665 402 αὑτοῦ.

89 417 138 444 19.
157 418 203 453 Τῷ
213 418 363 452 πατάξαντι
374 418 511 452 Αἴγυπτον
528 420 576 446 σὺν
596 422 653 452 τοῖς
664 421 845 456 πρωτοτόκοιί

45 465 148 492 αὐτῶν
159 473 166 480 ·
451 476 455 491 ι

87 510 137 538 20.
154 511 215 537 ’Ότι
230 512 270 542 εἰς
283 511 328 538 τὸν
342 511 428 538 αἰῶνα
443 511 473 538 τὸ
487 511 561 543 ἕλεος
573 512 665 539 αὑτοῦ.

88 556 137 583 21.
156 557 211 583 Καὶ
222 557 382 591 έξαγαγόντι
397 557 441 584 τὸν
463 558 569 593 Ἰσραὴλ
581 560 613 584 ὲκ
630 558 713 593 μέσου
725 559 828 586 αὐτῶν·

88 601 136 628 22.
153 602 214 628 Ὅτι
231 603 269 634 εἰς
284 602 328 629 τὸν
341 603 427 630 αἰῶνα
442 603 472 630 τὸ
486 603 558 635 ἔλεος
574 603 666 630 αὑτοῦ.

89 647 139 674 25.
161 648 205 674 Ἐν
217 649 289 684 χειρὶ
301 649 421 684 κραταιᾷ
436 649 481 675 καὶ
494 650 523 675 ἐν
535 649 656 684 βραχίονι
669 650 763 686 ὑψηλῷ
773 659 780 665 ο

88 693 137 721 ΘΛ.
154 693 216 720 ’Ὁτι
232 695 272 726 εἰς
288 695 333 721 τὸν
345 695 431 722 αἰῶνα
445 695 474 722 τὸ
485 695 558 727 ἕλεος
574 696 667 723 αὐτοῦ.

88 739 138 766 25.
156 739 201 775 Τῷ
223 740 408 767 καταδιελόντι
431 740 480 776 τὴν
501 741 635 777 Ἐρυθρὰν
650 741 787 769 θάλασσαν
805 749 844 774 εις

46 785 204 820 διαιρέσεις
213 794 219 800 ·
304 787 310 792 “

88 830 137 857 26.
157 831 218 857 ’Ότι
235 831 272 863 εἰς
287 831 330 858 τὸν
344 832 429 858 αἰῶνα
441 832 471 858 τὸ
486 831 561 864 ἔλεος
573 831 665 858 αὑτοῦ.

503 130 547 157 DE
567 129 706 158 TITULIS
725 130 949 158 PSALMORUM.
971 146 1005 151 —
1026 130 1122 158 PSAL.
1143 131 1273 160 CXXXV.

1611 134 1679 162 12Ἱο

859 195 882 222 Α
931 192 975 220 15.
997 192 1087 220 Solem
1104 193 1131 219 in
1149 198 1308 228 potestatem
1323 193 1377 220 diei

934 239 974 266 i6.
995 238 1129 271 Quoniam
1141 240 1168 266 in
1183 244 1312 266 aeternum
1334 239 1522 267 misericordia
1539 241 1608 276 ejus.

936 285 977 311 i7.
996 285 1101 312 Lunam
1115 289 1142 313 et
1159 286 1251 313 stellas
1266 285 1292 312 in
1307 290 1471 321 potestatem
1488 287 1591 315 aoctis:

901 373 908 377 “
932 375 976 402 l8.
999 376 1136 408 Quoniam
1151 384 1177 403 tn
1199 381 1331 404 :eternum
1349 376 1536 404 misericordia
1553 378 1623 412 ejus.

931 422 975 448 i9.
992 421 1044 454 Qui
1070 422 1206 457 percussit
1225 421 1371 458 Egyptum
1402 431 1464 450 cum
1491 424 1678 460 primogenitis

894 475 989 495 eorum
1003 476 1010 496 Ζ

930 514 976 542 20.
994 513 1130 547 Quoniam
1147 515 1175 542 in
1192 520 1322 543 aeternum
1338 516 1527 544 misericordia
1538 517 1607 552 ejus.

928 560 973 586 ‘21.
991 559 1043 592 Qui
1058 560 1153 588 eduxit
1168 559 1251 588 Israel
1268 561 1301 589 de
1314 562 1403 590 medio
1415 569 1525 590 eorum:

931 605 976 632 22.
995 604 1129 638 Quoniam
1144 607 1170 633 in
1189 611 1321 634 aeternum
1347 607 1536 635 misericordia
1555 608 1624 644 ejus.

930 652 976 678 25.
998 651 1026 678 1η
1046 659 1128 679 manu
1142 653 1244 686 potenti
1266 657 1292 680 et
1307 653 1419 680 brachio
1434 654 1557 681 excelso:

931 697 978 724 ΞΑ.
996 698 1133 730 Quoniam
1148 698 1175 724 in
1192 702 1324 726 aeternum
1340 699 1526 727 misericordia
1539 700 1608 735 ejus.

932 742 977 770 ‘25.
994 742 1046 775 Qui
1057 743 1150 771 divisit
1164 751 1239 772 mare
1253 744 1374 771 Rubrum
1387 745 1414 771 in
1431 744 1595 772 divisiones:

934 831 978 859 26.
997 832 1132 866 Quoniam
1154 833 1181 860 in
1195 838 1324 861 aeternum
1338 833 1526 861 misericordia
1538 833 1608 869 ejus.

87 876 138 903 27.
152 877 207 903 Καὶ
225 877 382 912 διαγαγόντι
401 878 447 905 τὸν
468 878 576 913 Ἰσραὴλ
595 877 638 904 διὰ
656 878 738 913 μέσου
758 879 843 914 αὐτῆς

933 879 979 907 27.
998 879 1030 906 Et
1043 879 1137 907 eduxit
1152 878 1236 907 Israel
1250 887 1298 914 per
1309 879 1428 907 medium
1446 878 1505 914 ejus
1519 867 1574 915 [ex
1590 879 1679 907 medio

48 920 106 956 [ἐκ
120 922 203 957 μέσου
217 923 306 950 αὐτῶν
318 923 328 959 ]

87 967 135 994 28.
155 968 215 994 Ὅτι
225 969 264 1000 εἰς
279 968 323 995 τὸν
337 968 423 995 αἰῶνα
433 969 463 996 τὺ
475 969 548 1001 ἕλεος
563 970 655 997 αὐτοῦ.

87 1012 136 1040 29.
152 1014 208 1040 Καὶ
222 1014 389 1046 ὲκτινάξαντι
405 1015 505 1050 Φαραὼ
523 1016 570 1042 καὶ
586 1015 635 1051 τὴν
659 1015 774 1051 δύναμιν
790 1015 841 1042 αὐ-

47 1058 100 1085 τοῦ
118 1060 157 1091 εἰς
169 1059 306 1087 θάλασσαν
331 1060 474 1097 Ἐρυθρὰν.

90 1105 131 1139 (ιι)
146 1104 226 1134 Vers.
241 1106 286 1139 ‘29,
302 1107 346 1140 50,
365 1108 463 1135 desunt
481 1109 507 1136 in
524 1110 584 1136 cod.

895 924 1006 959 eorum]
1022 934 1028 951 :

929 970 975 1002 28,
992 970 1127 1003 Quoniam
1142 972 1169 998 in
1185 976 1315 999 aeternum
1335 971 1522 1000 misericordia
1536 971 1606 1006 ejus.

929 1016 975 1043 29.
993 1017 1031 1050 (a)
1048 1016 1081 1043 Et
1095 1017 1217 1045 excussit
1235 1017 1406 1046 Pharaonem
1417 1019 1453 1053 ζει
1473 1017 1600 1045 virtutem
1618 1017 1678 1046 elus

895 1062 922 1088 in
935 1062 1008 1089 mari
1019 1061 1129 1090 Rubro:

615 1185 801 1213 ATHANASII
820 1184 1112 1214 INTERPRETATIO.

88 1261 132 1288 15.
153 1263 222 1294 Τοὺς
245 1262 282 1298 (1)
299 1263 392 1297 ἁγίους
409 1263 503 1299 ἄρχειν
527 1263 575 1290 τοῦ
589 1264 654 1290 λαοῦ
675 1265 722 1291 τοῦ
741 1264 842 1299 φωτὸς,

50 1308 135 1340 αὐτὸς
152 1308 235 1345 [περὶ
250 1309 360 1346 αὐτῶν]
376 1309 428 1346 γὰρ
440 1310 559 1347 εἴρηται,
584 1310 625 1337 ὅτι
648 1311 715 1337 τότε
732 1310 844 1345 ἐκλάμ-

51 1356 169 1388 ψουσιν
184 1355 224 1387 ὡς
241 1357 257 1381 ὁ
273 1355 368 1388 ἣλιος.

88 1397 134 1424 17.
148 1397 204 1433 Τὴν
220 1398 342 1425 Παλαιὰν
355 1399 491 1436 Διαθήκην
508 1399 629 1432 καὶτοὺς
641 1402 783 1437 προφήτας
795 1401 844 1437 ἄρ-

51 1452 111 1478 χειν
124 1443 180 1470 τῶν
194 1444 253 1471 τότε
277 1442 418 1472 Ἰουδαίων.

87 1488 131 1516 19.
151 1489 196 1524 Τῷ
208 1491 261 1516 πᾶν
275 1490 304 1516 τὸ
322 1491 422 1527 πλῆθος
438 1491 491 1518 τῶν
515 1492 650 1528 δαιμόνων
665 1495 841 1530 συντρίψαντι

51 1535 102 1562 σὺν
115 1536 176 1567 ταῖς
190 1536 287 1571 ἀρχαῖς
299 1538 346 1564 καὶ
364 1538 402 1572 (Ξ)
417 1540 477 1570 ταῖς
497 1538 633 1571 ἐξουσίαις
651 1541 749 1569 αὐτῶν.

87 1579 134 1606 Si.
151 1581 206 1606 Καὶ
223 1582 368 1617 ῥυσαμένῳ
379 1583 423 1609 τὸν
438 1583 501 1610 λαὸν
516 1584 686 1618 φωτισθέντα
698 1586 736 1622 (5)
745 1588 777 1622 τῇ
790 1587 842 1614 δια-

50 1626 112 1662 νοίᾳ
127 1628 159 1654 ἐκ
172 1628 222 1663 τῆς
237 1629 357 1661 δουλείας
372 1630 472 1657 αὐτῶν.

85 1671 133 1699 25.
154 1671 198 1698 Ἐν
213 1673 252 1708 τῷ
269 1674 325 1709 Υἰῷ
339 1675 420 1701 αὑτοῦ
435 1675 474 1711 τῷ
492 1678 629 1711 μονογενεῖ

87 1719 135 1746 ‘25.
152 1718 197 1754 Τῷ
208 1720 254 1746 τὸν
269 1721 371 1756 κόσμον
383 1722 634 1758 διαμερίσαντιτοῖς
648 1723 806 1756 ἀποστόλοις
814 1725 843 1751 ἐν

51 1765 91 1799 τῷ
105 1765 264 1801 κηρύγματι
277 1767 376 1794 αὐτῶν,
400 1768 435 1793 Τὸ
455 1769 504 1803 μὲν
517 1768 615 1795 εἰδικόν
638 1769 676 1803 (4)
691 1770 844 1806 γεγενημέσ

51 1819 97 1837 νον
113 1811 174 1837 τότε
188 1813 217 1838 ἐν
236 1813 269 1847 τῇ
294 1812 411 1848 Ἐρυθρᾷ
434 1813 555 1849 θαλάσσῃ
573 1815 618 1841 ἐπὶ
637 1815 788 1847 Μωῦσέως,
806 1815 844 1847 ὡς

52 1857 148 1884 πολλοὶ
164 1858 218 1884 τῶν
233 1859 355 1885 παλαιῶν
381 1860 534 1895 ἱστοροῦσι,
556 1861 650 1896 ὅτιπερ
673 1862 714 1893 εἰς
736 1861 782 1887 δύο
798 1862 844 1888 καὶ

51 1903 120 1930 δέκα
137 1903 208 1939 μέρη
229 1904 307 1931 διεῖλε
327 1905 386 1932 τότε
407 1905 456 1941 τὴν
475 1906 611 1933 θάλασσαν
627 1907 677 1942 τὴν
698 1907 842 1943 Ἐρυθρὰν.

51 1949 98 1977 ἱνα
118 1950 221 1986 ἑκάστη
236 1951 307 1986 φυλὴ
333 1952 400 1978 ἰδίαν
421 1953 479 1978 eam
506 1953 602 1990 ὁδεύσῃ
624 1954 658 1979 δι’
676 1955 761 1990 αὐτῆς
779 1964 784 1970 ·
804 1955 844 1981 διὸ

52 1995 180 2022 καίοὗτω
191 1996 264 2031 λέγει
277 1998 290 2024 ὁ
298 1997 414 2033 ψαλμὸς,
423 1997 463 2030 τῷ
475 1999 680 2026 καταδιελόντι
693 2000 751 2034 τὴν
765 2001 845 2034 Ἐρυ-

53 2041 130 2074 θρὰν
145 2041 317 2074 θάλασσαν,
335 2043 382 2068 καὶ
393 2043 443 2069 οὐκ
454 2040 530 2069 εἶπεν
546 2045 589 2076 εἰς
601 2044 758 2078 διαίρεσιν,
783 2044 832 2071 ἀλλ
841 2043 848 2052 '

52 2089 97 2121 εἰς
113 2087 281 2122 διαιρέσεις.
301 2088 376 2124 Αὕτη
400 2087 445 2115 οὖν
464 2090 480 2124 ὴ
497 2089 601 2125 ἱστορία
625 2091 641 2124 ὴ
667 2090 799 2126 γενομένη
817 2091 845 2116 ὲν

931 1264 973 1292 15.
995 1264 1112 1292 Sanctos
1126 1270 1244 1299 praeesse
1257 1262 1358 1298 populo
1374 1263 1453 1295 lucis,
1469 1262 1502 1290 de
1518 1262 1584 1297 ipsis
1605 1262 1678 1290 enim

892 1311 997 1339 dictum
1009 1314 1062 1343 est,
1076 1310 1149 1346 quod
1166 1314 1228 1336 tunc
1240 1308 1377 1344 fulgebunt
1393 1310 1460 1336 sicut
1475 1308 1514 1336 εοι
1531 1308 1563 1342 ’⁸,
1579 1311 1630 1336 etc.

929 1405 974 1433 l7.
995 1405 1080 1433 Vetus
1105 1404 1309 1434 Testamentum
1336 1410 1363 1432 et
1388 1405 1534 1440 prophetas
1562 1413 1678 1440 praeesse

893 1452 958 1479 olim
971 1450 1082 1479 Iudaeis.

892 1525 895 1529 ,
929 1497 972 1525 19.
991 1498 1042 1530 Qui
1059 1497 1190 1525 contrivit
1217 1504 1326 1524 omnem
1349 1497 1503 1524 daamonum
1528 1497 1675 1524 multitudi~

892 1550 953 1570 nem
963 1551 1024 1570 cum
1041 1542 1239 1576 principatibus
1252 1546 1278 1569 et
1291 1541 1472 1576 potestatibus
1488 1549 1594 1568 eorum.

929 1588 975 1614 2i.
992 1587 1023 1614 Et
1034 1587 1080 1621 qui
1108 1586 1209 1620 eripuit
1224 1586 1355 1621 populum
1380 1589 1470 1612 mente
1493 1585 1680 1613 illuminatum

892 1642 926 1661 ex
941 1634 1048 1660 illorum
1061 1633 1202 1660 servitute.

927 1680 970 1706 25.
989 1678 1017 1705 In
1033 1678 1102 1705 Filio
1118 1685 1169 1705 suo
1183 1677 1332 1712 unigenito.

927 1725 974 1752 25.
991 1724 1042 1757 Qui
1060 1724 1153 1751 divisit
1169 1723 1302 1750 mundum
1319 1722 1449 1757 apostolis
1464 1721 1490 1748 in
1505 1727 1600 1748 eorum
1610 1727 1680 1755 pree-

893 1773 1039 1801 dicatioue.
1059 1771 1137 1808 Quod
1153 1771 1273 1806 speciale
1288 1770 1398 1805 quidem
1424 1769 1538 1804 contigit
1563 1773 1629 1795 tunc
1652 1768 1678 1795 in

894 1821 962 1847 mari
977 1820 1070 1848 Rubro
1094 1818 1146 1846 sub
1168 1817 1270 1852 Moyse,
1288 1815 1519 1851 quemadmodum
1537 1814 1615 1842 multi
1631 1822 1679 1841 ve-

895 1872 982 1894 terum
999 1867 1135 1898 scribunt,
1154 1864 1225 1899 quod
1240 1871 1314 1890 mare
1327 1862 1449 1889 Rubrum
1464 1861 1581 1889 divisum
1594 1865 1637 1888 est
1653 1861 1679 1887 in

894 1915 1039 1942 duodecim
1057 1917 1160 1948 partes,
1180 1911 1247 1938 adeo
1262 1914 1292 1937 ut
1308 1909 1434 1944 qtuelibet
1454 1908 1542 1935 tribus
1557 1914 1606 1935 sua
1636 1906 1680 1933 via

895 1968 943 1996 per
958 1960 1024 1987 illud
1039 1958 1176 1986 incederet
1189 1965 1195 1989 ;
1209 1956 1324 1990 ideoque
1338 1955 1374 1982 ita
1395 1955 1462 1982 dicit
1478 1954 1612 1989 psalmus,
1635 1953 1680 1986 qui

895 2006 984 2033 divisit
999 2013 1070 2032 mare
1092 2004 1219 2036 Rubrum,
1235 2006 1262 2029 et
1277 2009 1330 2029 non
1346 2002 1383 2028 ait
1403 2002 1430 2027 in
1451 2000 1618 2030 diuisionem,
1634 1998 1681 2024 sed

894 2050 921 2077 in
937 2050 1088 2076 divisiones.
1112 2049 1138 2076 ld
1157 2049 1245 2083 ipsum
1261 2047 1352 2082 igitur,
1364 2046 1435 2081 quod
1450 2053 1483 2073 ex
1498 2044 1614 2072 historia
1626 2048 1681 2070 tra-

895 2096 981 2122 ditum
998 2100 1050 2126 est,
1070 2094 1218 2129 contigisse
1234 2093 1260 2119 in
1277 2092 1344 2118 mari
1362 2091 1466 2123 Rubro,
1484 2090 1510 2117 in
1528 2091 1614 2125 figura
1629 2088 1681 2116 fuit

52 2135 86 2168 τῇ
109 2133 228 2170 Ἐρυθρᾷ
241 2134 363 2170 Θαλάσσῃ
380 2136 420 2166 εἰς
441 2135 526 2162 τύπον
548 2135 656 2170 ὑπῆρχε
678 2135 724 2161 τοῦ
739 2135 842 2170 κόσμου

910 2143 1000 2175 1undi,
1015 2143 1063 2177 qui
1079 2142 1243 2170 dividendus
1272 2145 1330 2168 erat
1355 2148 1370 2167 a
1397 2139 1512 2168 Domino
1538 2137 1679 2167 duodecim

53 2178 101 2205 τοῦ
115 2179 257 2214 μέλλοντος
271 2179 434 2215 διαιρεῖσθαι
449 2182 505 2212 τοίς
523 2181 569 2207 δύο
582 2181 629 2208 καὶ
644 2181 710 2208 δέκα
725 2181 841 2208 ἀποστό-

53 2225 111 2257 λοις
127 2225 203 2262 παρὰ
217 2226 329 2261 Κυρίου.

89 2271 135 2298 ΞἹ.
150 2273 189 2307 (α)
205 2272 260 2299 Καὶ
276 2272 357 2298 αὐτὸν
373 2272 418 2299 τὸν
438 2272 517 2308 χορὸν
539 2272 593 2299 τῶν
614 2272 770 2299 ἀποστόλων
790 2272 842 2298 τῶν

56 2319 233 2354 θεασαμένων
247 2319 327 2345 αὑτὸν
341 2319 479 2353 διαγαγὼν
506 2318 550 2345 διὰ
579 2319 661 2354 μέσου
684 2319 733 2354 τῆς
754 2319 843 2345 οἰκου-

56 2366 150 2400 μένης.

89 2412 134 2440 ‘29.
151 2412 206 2438 Καὶ
222 2412 397 2448 συντρίψαντι
410 2411 455 2438 τὸν
466 2411 598 2443 διάϐολον,
612 2411 658 2438 καὶ
669 2410 706 2446 (5)
723 2411 771 2446 τὴν
797 2410 842 2437 δύ-

58 2467 140 2494 ναμιν
154 2458 237 2485 αὑτοῦ
253 2460 281 2485 ὲν
293 2458 332 2494 τῷ
350 2458 517 2494 βαπτίσματι
533 2467 538 2472 ·
559 2457 692 2494 Ἐρυθρὰν
706 2457 734 2484 δὲ
745 2457 843 2484 θάλασ-

95 2505 118 2539 _"
130 2503 226 2531 Matth.
249 2511 308 2536 xui,
325 2504 355 2531 ι-

896 2187 1036 2222 apostolis.

931 2274 1031 2310 27..Et
1062 2275 1150 2310 ipsum
1181 2275 1365 2310 apostolorum
1397 2274 1511 2302 chorum
1530 2271 1680 2300 videntium

896 2328 969 2353 eum,
985 2328 1034 2355 per
1048 2321 1168 2354 medium
1187 2321 1319 2349 mundum
1336 2320 1456 2348 deduxit.

931 2412 976 2440 29.
994 2411 1027 2439 Et
1043 2412 1171 2440 contrivit
1184 2412 1335 2444 diabolum,
1351 2416 1378 2440 et
1397 2411 1545 2447 potentiam
1573 2409 1632 2446 ejus
1653 2409 1681 2436 in

898 2457 1052 2493 baptismo;
1070 2465 1146 2485 mare
1161 2462 1251 2486 autem
1267 2457 1390 2485 Rubrum
1416 2456 1477 2485 ideo
1492 2461 1570 2484 vocat
1592 2455 1680 2490 bapti-

515 2558 669 2589 Addenda
700 2562 730 2588 et
759 2558 946 2598 corrigenda
964 2569 1001 2590 ex
1024 2560 1095 2592 cod.
1126 2561 1227 2591 Vatic.

91 2626 134 2662 μ)
148 2626 202 2652 Του
215 2624 365 2660 ἄρχεινλτου
383 2623 448 2650 λαοῦ
460 2631 507 2649 του
521 2622 610 2657 φωτός
622 2630 628 2636 ·
642 2621 724 2653 αὐτὸς
739 2620 793 2657 γὰρ
808 2621 847 2647 εί-

59 2664 216 2699 emensi?-

93 2697 131 2731 (Ξ)
149 2696 204 2722 Καί
219 2695 305 2722 deest.

147 2731 203 2773 καὶ
224 2729 390 2773 φῳτισίξέντα
406 2730 455 2766 τὴν
470 2730 600 2772 ᾂιάνοιαν⁹
611 2729 643 2773 ἐξ
659 2729 708 2769 τῇς
715 2728 844 2773 Sapiam:

59 2763 157 2795 αὐτῶν.
173 2763 281 2802 Ἰσραὴλ
299 2765 353 2801 γὰρ
363 2763 542 2801 ἑρμηνεύεται
555 2764 616 2795 νοῦς
633 2763 704 2799 ὁρῶν
714 2763 790 2790 Θεόν.

934 2623 973 2657 (4)
987 2623 1024 2649 Τὸ
1039 2622 1088 2658 μὲν
1101 2623 1193 2654 ἰδικὸς,
1206 2628 1270 2654 etc..
1286 2622 1323 2654 ὡς
1335 2622 1438 2658 δώδεκα
1448 2620 1518 2656 μέρη
1530 2620 1552 2646 δ.
1568 2627 1646 2658 τρι.-

905 2654 1049 2693 Ἐρυθράνζ
1063 2663 1126 2690 etc.,
1142 2659 1158 2694 ὴ
1177 2658 1282 2694 ἱστορία
1293 2659 1313 2694 ﬁ
1324 2654 1472 2694 γεναμένή,
1486 2654 1550 2686 etc.,
1567 2655 1623 2686 τοῖς
1633 2654 1684 2680 δὼ-

897 2692 963 2720 δεκα
978 2692 1137 2728 ἀποστόλοις
1150 2692 1225 2728 παρὰ
1237 2692 1283 2719 eos
1292 2692 1407 2728 Κυρίου,
1423 2696 1475 2728 etc.

933 2729 971 2762 (5)
984 2727 1016 2755 N.
1033 2728 1068 2756 29
1081 2729 1175 2763 incipit
1191 2725 1229 2755 ὀί)
1247 2727 1298 2762 bis|
1311 2725 1411 2757 verbis,
1426 2725 1481 2752 Καὶ
1497 2725 1557 2760 τήν,
1574 2728 1625 2751 etc.

95 2826 133 2859 tu)
150 2823 379 2855 Commentarius,
401 2831 447 2850 seu
475 2822 701 2859 interpretation.
722 2821 756 2849 27
778 2825 808 2849 et
835 2820 869 2849 28
894 2820 970 2849 deest
984 2821 1011 2848 in
1027 2820 1159 2856 cod.,!sed
1175 2820 1234 2855 ejus
1244 2820 1305 2848 loco
1332 2821 1421 2846 exstat
1437 2817 1549 2851 interpr.
1568 2823 1628 2851 qua
1641 2819 1687 2846 est.

59 2869 87 2889 Β.
104 2857 138 2889 29
155 2864 180 2888 et
195 2859 240 2894 50,
256 2860 300 2896 qui
317 2859 457 2896 duo_vcrs.
474 2859 500 2886 in
519 2858 579 2887 cod.
598 2857 734 2886 deﬁciunt.
