1930 3046
228 115 295 144 ηπ
690 118 718 146 5.
739 118 927 148 ATHANASII
945 120 988 148 ορ

1148 121 1192 149 ΙΙΙ.
1213 137 1247 142 --
1266 119 1470 148 EXEGETICA.
1795 119 1860 147 1972

262 171 308 200 30.
322 171 462 206 Quoniam
473 172 500 200 in
515 177 646 201 aeternum
661 173 850 203 misericordia
868 177 942 212 ejus.

918 185 942 205 5.
1030 180 1052 208 Α
1103 178 1147 204 50.
1161 178 1223 204 Ὀτι
1235 178 1276 209 εἰς
1290 177 1336 203 τὸν
1354 175 1441 203 αἰῶνα
1459 175 1489 202 τὸ
1504 175 1576 206 ἕλεος
1589 174 1680 202 αὐτοι)Δ

261 218 306 245 51.
326 217 379 252 Qui
394 218 515 246 traduxit
538 219 667 254 populum
682 228 763 248 suum
780 229 828 256 per
843 222 999 250 desertum:

1103 223 1148 251 3i.
1165 223 1210 258 Τῷ
1224 223 1382 257 διαγαγόντι
1399 222 1445 248 τὸν
1456 221 1519 247 λαὸν
1535 220 1617 247 αὐτοῦ
1629 221 1658 247 ὲν
1678 221 1712 256 τῇ
1728 220 1847 256 ἐρήμῳ·

261 264 308 292 32.
325 264 460 297 Quoniam
473 265 500 292 in
516 269 648 293 aeternum
667 266 855 296 misericordia
871 268 941 304 ejus.

925 277 941 296 ι.
1105 270 1150 297 32.
1169 270 1229 296 ’Ὁτι
1243 270 1283 301 εἰς
1298 269 1344 295 τὸν
1360 269 1446 295 αἰῶνα
1461 267 1492 294 τὸ
1508 267 1581 299 ἔλεος
1593 266 1687 294 αὑτοῦ.

261 309 308 337 33.
323 309 376 344 Qui
389 310 524 344 percussit
543 318 619 346 reges
637 318 767 346 magnos:

1103 315 1148 343 55,
1165 316 1211 351 Τῷ
1225 315 1375 348 πατάξαντι
1396 314 1516 349 βασιλεῖς
1532 314 1680 349 μεγάλους·

261 356 308 384 54.
325 355 460 390 Quoniam
480 356 506 383 in
519 361 651 384 aeternum
670 358 859 386 misericordia
875 359 944 393 ejus.

926 367 944 386 5-
1105 361 1150 388 54.
1170 362 1231 387 ’Ὁτι
1245 362 1286 393 εἰς
1299 360 1344 387 τὸν
1356 360 1444 387 αἰῶνα
1459 360 1492 386 τὸ
1509 360 1582 391 ἔλεος
1596 357 1688 387 αὐτοῦ.

262 402 307 430 35.
324 401 356 430 Et
366 402 466 430 occidit
479 411 557 438 reges
570 403 670 432 fortes:

1103 408 1149 435 35.
1166 408 1221 437 Καὶ
1232 407 1422 434 ἀποκτείναντι
1435 405 1555 441 βασιλεῖς
1571 405 1718 442 κραταιούς
1727 414 1733 421 ·

263 449 308 476 36.
329 448 466 482 Quoniam
482 450 508 476 in
527 455 660 478 aeternum
678 451 866 478 misericordia
879 451 948 486 ejus.

917 459 948 479 Is.
1103 452 1148 480 36.
1167 453 1228 479 Ὅτι
1242 454 1281 484 εἰς
1292 452 1337 479 τὸν
1353 451 1438 479 αἰῶνα
1453 451 1483 478 τὸ
1498 450 1570 482 ἔλεος
1587 449 1679 476 αὐτοῦ.

262 495 307 522 57.
326 495 416 523 Sehon
431 503 521 531 regem
534 496 758 524 Amorrhteorum
770 507 776 523 ε

1103 498 1147 526 37.
1165 498 1217 524 Τὸν
1233 498 1310 534 Σηὼν
1327 497 1440 533 βασιλέα
1457 497 1512 524 τῶν
1532 496 1706 532 Ἀμορραίων
1718 503 1724 510 ·

264 540 309 568 58.
329 541 465 574 Quoniam
480 542 507 569 in
522 546 655 570 aeternum
672 543 858 570 misericordia
872 542 944 578 ejus.

922 551 944 571 ε.
1103 545 1149 574 58.
1164 545 1227 572 Ὅτι
1241 546 1281 578 εἰς
1298 545 1341 572 τὸν
1354 545 1442 572 αἰῶνα
1454 544 1484 571 τὸ
1499 543 1575 575 ἕλεος
1591 542 1684 570 αὑτοῦ.

265 588 309 615 59.
328 587 361 616 Et
375 587 415 625 ΟΒ
427 596 516 624 regem
531 588 620 616 Basan
632 598 638 616 :

1106 591 1149 618 39.
1167 591 1224 618 Kal
1236 591 1281 618 τὸν
1295 591 1344 625 Ὣγ
1361 591 1474 626 βασιλέα
1485 591 1534 626 τῆς
1546 590 1636 617 Βασάν
1645 599 1651 605 ·

264 633 308 661 40.
323 633 457 667 Quoniam
472 635 499 662 in
512 640 643 663 aeternum
658 635 844 663 misericordia
859 636 928 671 ejus.

1106 637 1150 664 40.
1165 637 1228 664 Ὅτι
1242 637 1282 668 εἰς
1298 637 1344 663 τὸν
1361 637 1449 664 αἰῶνα
1465 636 1496 663 τὸ
1510 636 1583 668 ἔλεος
1598 635 1694 663 αὐτοῦ.

262 680 308 708 41.
325 680 448 708 Et'dedit
463 685 563 709 terram
577 689 674 709 eorum
689 681 873 709 haereditatem
887 691 892 708 :

1106 683 1151 710 41.
1170 683 1225 710 Καὶ
1238 684 1310 710 δόντι
1327 683 1376 719 τὴν
1394 683 1446 718 γῆν
1463 682 1553 709 αὐτῶν
1568 681 1754 718 κληρονομίαν
1767 690 1774 698 ·

264 725 309 753 42.
327 725 464 770 Quoniam
483 727 510 754 in
524 731 656 755 aeternum
668 727 860 755 misericordia
875 728 945 763 ejus.

915 736 945 755 Is.
1104 728 1147 756 42,
1161 729 1222 755 Ὀτι
1237 729 1276 760 εἰς
1292 727 1338 755 τδν
1350 728 1437 755 αἰῶνα
1451 728 1482 755 τὸ
1493 727 1567 759 ἕλεος
1583 726 1677 754 αὑτοῦ.

263 771 309 800 45.
328 770 518 800 Haereditatem
534 771 615 800 Israel
629 779 710 801 servo
723 780 790 801 suo:

1106 775 1151 802 45.
1169 774 1360 810 κληρονομίαν
1383 774 1492 810 Ἰσραὴλ
1504 773 1590 810 δούλῳ
1604 773 1686 801 αὑτοῦ
1700 783 1705 788 ·

263 818 310 845 44.
329 817 463 851 Quoniam
479 818 507 846 in
524 823 656 847 aeternum
671 819 861 848 misericordia
874 820 944 854 ejus.

911 828 944 848 Is.
1105 821 1148 848 44.
1165 821 1226 848 Ὅτι
1236 822 1275 853 εἰς
1289 820 1334 848 τὸν
1349 821 1435 848 αἰῶνα
1452 820 1482 847 τὸ
1492 821 1566 852 ἔλεος
1580 819 1673 847 αὑτοῦ.

266 864 312 892 45.
326 864 395 897 Quia
410 864 439 892 in
454 865 606 893 humilitate
623 870 718 893 nostra
731 873 836 893 memor
852 865 905 894 l'uit
929 866 1019 894 nostri

1107 868 1152 895 45.
1167 868 1229 894 Ὅτι
1245 869 1274 895 ὲν
1287 868 1321 894 ei
1341 866 1506 894 ταπεινώσει
1520 866 1599 894 ἱκιιῶν
1614 865 1740 902 ἐμνήσθη
1756 864 1836 900 ἡμῶν

231 909 378 938 Dominus:

1072 913 1174 950 Κύριος
1187 922 1192 928 ·

266 957 310 985 46.
328 957 464 990 Quoniam
480 958 507 985 in
519 962 652 986 :cternum
665 958 854 986 misericordia
864 958 936 995 ejus.
967 982 978 995 ,

913 967 936 988 s.
967 982 978 995 ,
1107 959 1150 986 46.
1164 959 1227 985 Ὅτι
1242 959 1281 990 εἰς
1292 959 1338 986 τὸν
1352 958 1440 985 αἰῶνα
1454 958 1484 984 τὸ
1494 957 1567 989 ἕλεος
1578 957 1671 984 αὐτοῦ.

265 1004 312 1031 47.
328 1003 362 1030 Ει
375 1004 490 1031 redemit
501 1011 552 1033 nos
568 1003 734 1032 ab'inimicis
749 1004 867 1033 nostris:

1108 1005 1153 1032 47.
1171 1005 1227 1032 Καὶ
1243 1004 1416 1040 ὲλυτρὼτατο
1430 1004 1505 1039 ἡμᾶς
1517 1005 1549 1030 ὲκ
1561 1003 1614 1030 τῶν
1626 1003 1733 1039 ἐχθρῶν
1749 1002 1843 1039 ἡμῶν·

264 1049 310 1078 48.
329 1049 464 1083 Quoniam
482 1050 509 1077 in
523 1054 656 1078 aeternum
670 1050 859 1079 misericordia
879 1052 948 1087 ejus.

911 1059 948 1080 us.
1107 1049 1151 1077 48.
1167 1050 1228 1076 Ὅτι
1241 1051 1281 1081 εἰς
1297 1050 1342 1076 τὸν
1353 1049 1438 1076 αἰῶνα
1451 1049 1481 1075 τὸ
1491 1048 1566 1080 ἔλεος
1581 1048 1673 1076 αὑτοῦ.

265 1095 311 1123 49.
327 1094 380 1129 Qui
393 1095 439 1123 dat
453 1103 544 1124 escam
560 1096 637 1123 omni
649 1096 742 1124 carni:

1108 1096 1153 1124 49.
1173 1097 1202 1123 Ὁ
1217 1096 1305 1128 διδοὺς
1317 1096 1421 1132 τροφὴν
1436 1095 1511 1131 πάσῃ
1527 1095 1608 1130 σαρκί
1618 1104 1624 1111 ·

800 1174 988 1203 A'l'llANASll
1006 1173 1298 1203 lNTERPRETATlO.

233 1244 335 1270 smum,
351 1237 416 1272 quia
428 1237 659 1273 quemadmodum
676 1237 704 1265 in
723 1237 794 1265 mari
811 1237 954 1266 vivescunt
965 1236 995 1272 ejt

1101 1245 1125 1262 tv
1137 1235 1182 1262 διὰ
1198 1235 1277 1262 τοῦτο
1290 1235 1364 1270 λέγει
1381 1235 1411 1262 τὸ
1427 1235 1569 1270 βάπτισμα
1593 1234 1656 1260 ἐ.πεί
1671 1233 1708 1268 (l)
1731 1234 1774 1265 ὼς
1795 1233 1824 1260 ὲν
1836 1233 1863 1268 τῇ

231 1283 332 1318 pisces,
349 1283 386 1310 ita
402 1287 430 1310 et
455 1282 483 1310 in
507 1282 559 1310 hoc
582 1283 686 1311 mundo
704 1287 830 1310 natantes
851 1282 990 1310 viviﬁcant

1103 1282 1197 1317 ιλάσσῃ
1208 1281 1403 1315 ζωογονοῦνται
1423 1281 1446 1307 οἱ
1464 1280 1554 1316 ἰχθύες
1571 1280 1667 1316 αὐτῆς,
1689 1279 1766 1307 οὕτω
1787 1281 1834 1307 καὶ
1844 1281 1865 1306 οἰ

234 1329 360 1356 homines
376 1329 505 1364 baptizati
522 1329 550 1356 in
563 1329 697 1364 sanguine
711 1328 819 1356 Domini
836 1327 924 1355 nostri
940 1326 996 1355 JeSI

1114 1326 1153 1362 τῷ
1170 1327 1265 1362 κόσμῳ
1273 1326 1360 1361 τούτῳ
1375 1327 1518 1362 νηχόμενοι
1543 1325 1682 1361 ἄνθρωποι
1705 1324 1865 1357 ζωοποιοῦν-

235 1380 380 1410 propterea
388 1374 461 1401 enim
478 1374 580 1402 dicitur
593 1374 729 1407 Rubrum,
743 1377 773 1400 ut
786 1373 900 1408 sanguis
915 1372 994 1401 Domi

1103 1381 1138 1405 tt,
1161 1371 1353 1408 βαπτιζόμενοι
1379 1373 1409 1398 ἐν
1422 1371 1461 1408 τῷ
1472 1372 1568 1407 αἵματι
1591 1371 1637 1398 τοῦ
1664 1371 1770 1407 Κυρίου
1793 1371 1865 1406 ἡμῶν

233 1420 314 1448 nobis
331 1419 510 1455 signiﬁcetur.

1103 1418 1169 1454 ησοῦ
1184 1427 1190 1433 ·
1201 1418 1245 1445 διὰ
1258 1418 1313 1455 γὰρ
1327 1417 1407 1445 τοῦτο
1423 1419 1530 1454 εἰρηται
1550 1417 1678 1453 Ἐρυθρὰ,
1692 1417 1736 1443 ἵνα
1750 1417 1785 1444 τὸ
1803 1415 1865 1452 eiu:

1073 1464 1118 1490 ’τοῦ
1133 1464 1169 1500 (2)
1190 1464 1292 1500 Κυρίου
1309 1465 1426 1500 σημαίνῃ
1439 1465 1513 1499 ἡμῖν.

269 1509 316 1535 3L
330 1508 382 1541 Qui
397 1507 531 1544 gubernat
545 1508 675 1544 populum
690 1515 770 1535 suum
784 1508 811 1536 in
828 1508 941 1536 mundo.

1108 1509 1152 1536 3|.
1169 1509 1213 1545 Τῷ
1233 1510 1401 1544 ποιμαίνοντι
1414 1510 1460 1536 τὸν
1474 1509 1537 1536 λαὸν
1552 1509 1634 1536 αὑτοῦ
1651 1510 1680 1535 ὲν
1695 1509 1735 1544 τῷ
1746 1510 1853 1545 κόσμῳ.

269 1553 315 1580 55.
328 1553 504 1589 Principatus
519 1553 633 1581 diaboli.

1109 1555 1154 1582 33.
1173 1555 1230 1587 Τὰς
1242 1555 1330 1590 ἀρχὰς
1343 1555 1392 1582 τοῦ
1407 1555 1541 1582 διαϐόλου·

270 1599 316 1627 55.
331 1599 365 1627 Ει
380 1603 527 1635 potestates
540 1600 612 1636 ejus.

1110 1599 1156 1627 35.
1169 1601 1226 1626 Kal
1241 1599 1291 1632 τὰς
1304 1599 1428 1632 ἐξουσίας
1440 1599 1533 1627 αὑτοῦ.

270 1646 316 1674 37.
334 1646 402 1674 Seon
413 1647 607 1682 interpretatur
630 1648 740 1675 lentatio
763 1647 853 1675 calida
876 1656 925 1676 seu
951 1648 1023 1677 vehe-

1109 1646 1153 1673 37.
1170 1646 1256 1681 Σηὼν
1270 1647 1308 1682 (3)
1322 1646 1501 1682 ἑρμηνεύεται
1521 1646 1688 1680 πειρασμὸς
1704 1645 1826 1680 θερμὸς,
1839 1645 1864 1675 ὃς

235 1700 322 1724 mens,
341 1692 430 1726 qualis
445 1697 487 1720 est
510 1692 636 1720 diabolus
653 1700 701 1720 rex
719 1693 920 1721 mundanarum
946 1694 997 1721 voli

1103 1701 1149 1719 πιν
1165 1693 1179 1719 ὁ
1193 1692 1316 1724 διάϐολος
1328 1693 1342 1719 ὁ
1358 1692 1484 1728 βασιλεὺς
1495 1692 1549 1719 τῶν
1560 1692 1662 1728 ἡδονῶν
1678 1691 1728 1719 τοῦ
1751 1693 1865 1727 κόσμου.

236 1742 343 1774 ptatum
361 1747 368 1765 :
383 1738 598 1765 Amorrliworum
623 1743 714 1766 autem
729 1739 922 1774 interpretatur
939 1747 998 1775 aqu:

1105 1739 1259 1773 pappain
1270 1739 1299 1766 δὲ
1312 1738 1494 1775 ἑρμηνεύεται
1507 1740 1727 1774 πικραινόντων
1739 1738 1867 1768 ὑδάτων.

236 1794 296 1813 rum
310 1785 536 1818 exacerbaulium,
552 1785 647 1820 quales
661 1790 725 1812 sunt
739 1786 884 1813 contrariae
907 1792 998 1822 potesr

1106 1794 1144 1821 τερ
1158 1786 1228 1812 εἰσὶν
1241 1786 1269 1813 al.
1285 1786 1407 1813 ἐναντίαι
1421 1786 1562 1821 δυνάμεις,
1576 1786 1604 1812 αἰ
1614 1785 1812 1821 πικραίνουσαι
1821 1786 1868 1812 πᾶν

237 1838 279 1862 tes
291 1833 487 1861 exacerbantes
500 1840 609 1860 omnem
629 1831 760 1859 animam.

474 1840 487 1860 s
500 1840 609 1860 omnem
629 1831 760 1859 animam.
1077 1836 1126 1857 σαν
1137 1830 1234 1866 ψυχήν.

272 1880 318 1908 39.
335 1880 376 1916 0g
392 1880 588 1915 interpretatur
603 1886 764 1914 congregans
783 1887 792 1906 :
818 1879 908 1907 Busan
935 1885 1025 1908 autem

1111 1876 1154 1904 39.
1174 1877 1226 1911 Ὢγ
1241 1876 1423 1912 ἑρμηνεύεται
1440 1875 1581 1910 αθροίζων
1593 1884 1600 1890 '
1616 1875 1724 1902 Βασὰν
1737 1875 1768 1902 δὲ
1784 1876 1866 1913 ἑρμη-

237 1927 434 1961 interpretatur
446 1926 591 1962 ignominia
606 1925 696 1952 sicca:
712 1929 828 1953 mortem
846 1926 930 1962 igitur
941 1927 999 1962 sign

1107 1923 1182 1950 ύεται
1197 1923 1329 1957 αἰσχύνη
1354 1922 1430 1957 ξηρά
1445 1931 1453 1938 ο
1470 1922 1515 1949 τὸν
1530 1922 1645 1948 θάνατον
1665 1919 1712 1948 οὖν
1733 1921 1812 1956 λέγει
1826 1920 1867 1947 τὸν

237 1973 302 2001 ﬁcat
323 1977 534 2009 congregantem
558 1972 667 2006 quidem
686 1976 821 2005 mortuos,
840 1973 997 2001 dominante

1105 1968 1229 2002 ινάγοντα
1257 1967 1306 2003 μὲν
1328 1967 1392 1999 τοὺς
1413 1967 1545 2002 νεκροὺς,
1570 1965 1748 2001 βασιλεύοντα
1772 1965 1803 1992 δὲ
1822 1965 1867 1998 τῆς

238 2024 329 2047 autem
344 2027 392 2054 per
402 2024 555 2055 peccatum.

458 2024 555 2048 catum.
1076 2014 1220 2050 ἁμαρτίας.

274 2066 318 2104 Al.
336 2065 369 2093 Et
380 2065 456 2094 dedit
473 2065 575 2100 populo
603 2067 675 2094 ﬁdeli
700 2074 846 2102 supernam
863 2066 1025 2100 Jerusalem,

1115 2059 1159 2087 41.
1176 2059 1231 2086 Καὶ
1241 2059 1314 2086 δόντι
1329 2059 1368 2095 τῷ
1382 2059 1439 2094 λαῷ
1455 2058 1494 2094 τῷ
1513 2057 1602 2094 πιατῷ
1617 2057 1667 2093 τὴν
1689 2057 1747 2084 ἂνω
1771 2058 1868 2094 Ἰερου-

239 2112 267 2139 in
283 2102 337 2148 qua
354 2112 399 2140 isti
418 2112 578 2139 habitabant
597 2113 758 2148 priusquam
778 2121 793 2140 e
816 2113 885 2140 cmlo
910 2114 1001 2149 projic.

1103 2105 1179 2141 ιλὴμ,
1207 2105 1236 2131 ἐν
1255 2102 1272 2142 ᾖ
1297 2103 1368 2132 οὗτοι
1392 2104 1535 2140 κατῴκουν
1551 2104 1605 2140 πρὸ
1627 2103 1676 2131 τοῦ
1704 2102 1821 2139 ῥιφῆναι
1833 2103 1865 2138 (4)

239 2164 345 2187 rentur.

1080 2151 1134 2178 ἀπὸ
1153 2151 1198 2178 τοῦ
1215 2152 1245 2178 ού
1250 2151 1340 2188 ρανοῦ.

275 2205 321 2233 45.
335 2204 526 2233 Hzereditatem
542 2206 644 2233 sanctis
657 2206 726 2233 suis.

1114 2197 1157 2225 45.
1175 2198 1366 2233 κληρονομίαν
1377 2199 1434 2229 τοῖς
1444 2198 1532 2232 ἁγίοις
1544 2196 1635 2224 αὐτοῦ,

276 2251 320 2278 45.
337 2250 407 2284 Quia
423 2250 492 2278 vidit
504 2258 554 2278 nos
568 2251 597 2278 in
614 2251 774 2285 servitutem
788 2251 914 2280 redactos
931 2259 946 2278 a
957 2259 1024 2279 con-

1113 2243 1154 2270 45.
1173 2244 1234 2270 Ὀτι
1256 2241 1325 2270 εἶδεν
1345 2243 1385 2279 (5)
1402 2244 1477 2278 ἡμᾶς
1495 2243 1712 2276 δεδουλωμένους
1740 2242 1795 2268 ὑπὸ
1817 2240 1866 2268 τῶν

239 2297 333 2325 trariis
357 2297 549 2332 potestatibus,
565 2302 593 2324 et
605 2297 795 2326 misericordia
811 2301 901 2325 motus
926 2301 977 2329 est,

1103 2289 1209 2316 μαντίων
1219 2289 1370 2325 δυνάμεων,
1385 2289 1433 2316 καὶ
1449 2288 1660 2324 ἐσπλαγχνίσθη,
1688 2287 1736 2314 καὶ
1755 2287 1865 2323 ἠλέητξν

1103 2336 1154 2350 ..Η-

240 2343 370 2372 misertus
381 2347 423 2370 est
439 2343 538 2371 nostri.

399 2347 423 2370 st
439 2343 538 2371 nostri.
1045 2336 1066 2350 ν
1081 2336 1161 2371 ἡμᾶς-

276 2389 322 2416 47.
335 2388 368 2416 Et
395 2389 510 2416 redemit
535 2397 586 2417 nos
609 2390 738 2424 passione
762 2397 814 2418 sua
828 2390 863 2418 ab
879 2390 1028 2418 immundis

1113 2381 1156 2408 47.
1177 2382 1233 2408 Καὶ
1249 2380 1424 2416 ὲλυτρώσατο
1445 2382 1518 2416 ἡμᾶς
1541 2380 1587 2407 διὰ
1605 2379 1652 2407 τοῦ
1669 2380 1776 2412 πάοοιις
1788 2378 1864 2406 αὑτοῦ

240 2434 394 2471 spiritibus.

1077 2428 1109 2454 ἐκ
1122 2427 1176 2454 τῶν
1192 2427 1357 2464 ἀκαθάρτων
1369 2427 1540 2463 πνευμάτων.

275 2481 320 2509 49.
339 2480 444 2509 Sensus
465 2481 575 2516 quidem
587 2482 714 2518 proprius
730 2482 892 2510 manifestus
908 2486 960 2515 est,
987 2481 1027 2508 in-

1111 2474 1156 2501 49.
1174 2474 1211 2500 Τὸ
1227 2474 1277 2509 μὲν
1301 2474 1400 2500 είδικὺν
1422 2473 1501 2509 δῆλόν
1525 2474 1613 2505 ἐστιν,
1640 2473 1658 2508 ἡ
1683 2472 1713 2498 δὲ
1739 2470 1864 2508 ἑρμηνεία

241 2527 399 2564 terpretatio
427 2531 518 2555 autem
549 2527 694 2563 allegorica
718 2528 863 2556 verborum
885 2527 1003 2564 Prophet

1101 2520 1122 2546 ›ὖ
1137 2520 1174 2556 (6)
1193 2521 1336 2557 Προφήτου
1355 2519 1434 2548 τοῦτο
1463 2520 1538 2556 δηλοῖ
1553 2529 1559 2534 ·
1592 2520 1606 2546 ὁ
1625 2518 1721 2545 ἑαυτὸν
1743 2519 1863 2554 παρέχων

240 2576 293 2604 hoc
304 2575 456 2611 signiﬁcat:
471 2575 518 2610 qui
535 2570 766 2611 praibetseipsum
779 2575 877 2609 cibum
900 2575 927 2602 in
945 2575 998 2602 vita

1101 2567 1168 2602 ροφὴ
1197 2568 1238 2598 είς
1251 2567 1324 2602 ζωὴν
1337 2567 1446 2594 αἰώνιον
1464 2566 1544 2593 παντὶ
1557 2565 1694 2601 ἀνθρώπῳ
1703 2565 1862 2602 βουλομένῳ.

239 2626 369 2651 πει-[1³η]
383 2621 458 2649 omni
477 2622 581 2649 homini
596 2621 706 2649 volenti.

717 2681 870 2712 Addenda
886 2685 917 2712 et
935 2683 1121 2723 corrigenda
1140 2693 1179 2715 ex
1193 2685 1262 2716 cod.
1281 2685 1382 2715 Vatic.

329 2735 451 2771 ᾎΕπειδήη
563 2770 567 2771 γ
1116 2737 1151 2771 (ί)
1169 2736 1297 2771 Ἐιφῶσιν
1310 2736 1357 2763 ἀπ’
1374 2735 1506 2770 οὐρανῶν.

275 2769 380 2813 ίὲἰῐοξ
401 2769 716 2813 Ἵηςοῦςημάνεὴιιῖνς.
804 2806 810 2813 .
1113 2769 1253 2813 (Mise-

333 2800 478 2843 gt‘tbv,ctc.
505 2800 570 2841 (leg.
591 2800 688 2841 ῗήὼν)
703 2806 771 2843 ὅπερ
799 2806 915 2842 ὑπάρχει
934 2809 948 2834 ὁ
967 2808 1019 2835 διά-

648 2806 688 2840 )ν)
703 2806 771 2843 ὅπερ
799 2806 915 2842 ὑπάρχει
934 2809 948 2834 ὁ
967 2808 1019 2835 διά·
1114 2800 1150 2843 (ὕ)
1164 2808 1218 2842 Τῆς
1236 2806 1410 2843 προφητείας.

242 2838 319 2871 (nlo;
333 2841 347 2866 ὁ
359 2838 517 2876 βασιλεύων.
531 2845 596 2876 etc.,
611 2838 684 2876 ἅπερ
700 2838 777 2874 εἰσίν,
790 2847 841 2869 cte.
