1930 3046
61 154 134 183 1277
486 156 529 184 DE
549 157 687 186 TlTULlS
705 158 929 188 PSALMORUM.
945 175 973 181 -
994 159 1091 187 PSAL.
1113 159 1268 187 CXXXVII.
1617 159 1685 188 1278

94 213 122 240 2.
137 211 191 240 Καὶ
203 213 324 240 ἐναντίον
337 213 460 248 ἀγγέλων
476 214 555 249 ψαλῶ
566 224 606 242 σοι
618 226 623 232 ·

864 220 885 248 Α
936 219 964 246 2.
982 217 1015 246 Et
1030 219 1057 245 in
1077 224 1224 253 conspectu
1243 218 1401 253 angelomm
1415 218 1529 252 psallam
1543 218 1590 245 tibi
1605 227 1612 243 -.

94 258 124 286 3.
141 259 202 285 ὀτι
218 259 338 294 ἥκουσας
360 260 449 287 πάντα
463 261 499 287 τὰ
512 262 622 297 ῥήματα
640 263 686 289 τοῦ
715 263 847 298 στόματός

815 263 847 295 ’ός
935 264 961 291 '5.
981 264 1115 297 Quoniam
1129 264 1229 292 audisti
1243 264 1334 290 omnia
1349 263 1430 290 verba
1443 263 1500 291 oris
1514 264 1577 291 mei.

60 312 124 339 μου.

95 349 123 377 4.
140 349 326 386 Προσκυνήσω
338 351 407 387 πρὸς
426 352 488 378 ναὸν
501 353 577 386 ἅγιόν
591 362 637 380 σου
646 361 652 368 ·

937 356 962 382 1.
979 355 1106 382 Adorabo
1120 354 1153 381 ad
1169 354 1296 388 templum
1311 357 1435 381 sanctum
1453 357 1547 380 tuum:

96 395 122 423 5.
141 396 195 423 Καὶ
211 396 443 433 ὲξομολογήσομαι
456 399 494 435 τῷ
505 400 615 434 ὀνόματί
629 408 675 426 σου
686 420 694 432 ,

608 400 615 425 ί
629 408 675 426 σου
686 420 694 432 ,
937 399 964 426 5.
980 397 1013 425 Et
1027 398 1174 426 conﬁtebor
1192 397 1295 425 nomini
1310 402 1366 431 tuo,

96 441 123 468 6.
147 442 209 469 Ἐπὶ
223 443 262 478 τῷ
278 443 348 470 ὲλέει
363 453 410 471 σου
422 445 470 471 καὶ
486 447 518 481 τῇ
540 444 652 481 ἀληθείᾳ
668 454 714 472 σου
724 453 732 461 ’

936 444 962 471 6.
982 443 1070 479 Super
1082 443 1266 471 misericordia
1282 449 1339 476 tua,
1353 447 1379 470 et
1392 443 1503 471 veritate
1516 447 1578 470 tua:

95 488 123 515 7.
138 487 201 515 Ὅτι
215 489 384 525 ἐμεγάλυνας
399 490 445 517 ἐπὶ
459 491 513 518 πᾶν
531 490 656 527 [πάντας]
678 492 708 518 τὸ
719 492 803 528 ὗνομα
818 491 849 520 τὸ

935 490 962 518 7.
973 490 1108 524 Quoniam
1122 489 1301 524 magniﬁcasti
1317 497 1398 524 super
1411 497 1491 516 omne
1503 488 1621 525 [omnes]
1635 497 1683 517 no-

60 535 144 569 ἆγιόν
153 543 210 562 σου.

898 546 960 566 men
973 542 1096 565 sanctum
1113 541 1200 564 tuum.

95 582 122 608 8.
146 581 190 607 Ἐν
250 581 283 608 ἂν
299 581 391 618 ἡμέρᾳ
407 583 603 620 ἐπικαλέσομαί
632 593 681 617 σε,
696 584 764 620 ταχὺ
797 585 849 611 ἑπ-

934 584 959 611 8.
972 584 1000 610 ln
1016 591 1178 618 quacunque
1189 582 1233 611 die
1245 584 1407 613 invocavero
1415 587 1452 616 te,
1465 583 1594 611 velociter
1605 590 1684 610 exau-

59 626 176 653 ἀκουσόν
187 636 247 662 μου·

241 636 247 642 ·
898 632 925 659 di
938 639 981 659 me
994 640 1000 657 :

94 673 121 701 9.
138 673 327 711 Πολυωρήσεις
344 686 377 712 με
393 678 421 704 ἐν
434 678 504 714 ψυχῇ
528 687 577 714 μου
591 679 704 714 δυνάμει
718 687 775 706 σου.

936 679 963 704 9.
979 677 1171 712 Multiplicabis
1184 685 1227 705 me
1245 677 1271 704 in
1287 678 1378 705 anima
1395 685 1454 705 mea
1468 677 1566 703 virtute
1583 682 1634 703 tua.

95 719 139 747 10.
164 721 471 757 Ἐξομολογησάσθωσάν
499 733 561 757 σοι,
584 724 670 760 Κύριε
683 745 689 756 ,
707 726 807 757 πάντες
823 726 849 752 οἱ

936 723 979 751 10.
999 723 1185 751 Conﬁtenntur
1203 725 1262 756 tibi,
1277 724 1408 757 Domine,
1425 731 1520 751 omnes
1537 731 1613 758 reges
1629 728 1683 750 ιαμ

59 766 180 801 βασιλεῖς
194 768 243 803 τῆς
260 770 311 804 γῆς
320 777 327 784 ·
899 778 935 798 ra:
947 780 954 798 :
1517 775 1523 779 ”

95 811 138 839 11.
156 811 218 839 ’Ότι
233 813 353 848 ἥκουσαν
370 815 458 842 πάντα
472 816 507 844 τὰ
522 817 631 851 ῥήματα
651 816 697 843 τοῦ
716 817 848 851 στόματός

799 817 848 848 ιτός
937 816 981 844 11.
1000 816 1068 850 Quia
1084 816 1228 844 audierunt
1242 816 1332 843 omnia
1349 816 1431 844 verba
1445 817 1501 844 oris
1515 816 1561 843 tui.

58 865 108 884 σου

94 901 136 928 12.
156 901 208 928 Καὶ
223 903 366 937 ᾲσάτωσαν
384 905 413 931 ἐν
425 906 484 937 ταῖς
499 906 568 938 ὁδοῖς
579 907 681 942 Κυρίου
695 907 774 943 [ὁδοῖς
787 916 844 941 σου⁷

935 908 978 936 1‘2.
993 907 1025 936 Et
1040 908 1183 936 cantentin
1197 907 1249 935 viis
1258 907 1366 934 Domini
1380 906 1445 942 [viis
1458 907 1523 938 tuis,
1536 905 1659 943 Domine]
1673 915 1680 933 .-

56 946 156 983 Κύριε]
168 956 174 962 ’

92 993 137 1020 13.
155 994 214 1020 ’Ὁτι
231 996 334 1031 μεγάλη
348 997 363 1031 ἡ
378 996 440 1028 δόξα
451 997 564 1032 Κυρίου.

935 998 977 1024 15.
997 997 1131 1030 Quoniam
1148 1004 1242 1032 magna
1257 1000 1299 1023 est
1312 995 1398 1031 gloria
1409 994 1524 1021 Domini.

92 1039 136 1066 14.
152 1039 212 1066 Ὀτι
227 1040 328 1076 ὑψηλὸς
340 1041 452 1077 Κύριος,
467 1043 514 1069 καὶ
530 1042 565 1070 τὰ
580 1044 692 1070 ταπεινὰ
706 1044 806 1080 ἐφορᾷ·

933 1043 977 1070 14.
987 1042 1120 1075 Quoniam
1129 1042 1254 1070 excelsus
1261 1041 1403 1076 Dominus.
1410 1045 1436 1068 et
1443 1039 1554 1067 humilia
1560 1039 1679 1074 resptcit:

92 1084 136 1112 15.
153 1085 209 1112 Καὶ
223 1086 258 1113 τὰ
270 1087 360 1123 ὑψηλὰ
379 1088 432 1115 ἀπὸ
451 1089 587 1125 μακρόθεν
601 1089 739 1124 γινώσκει.

631 1089 739 1116 νώσκει.
935 1089 978 1116 15.
994 1089 1027 1115 Et
1044 1089 1097 1116 alta
1117 1097 1132 1116 a
1147 1089 1226 1124 longe
1245 1088 1391 1123 cognoscit.

619 1174 807 1202 ATHANASII
827 1174 1121 1203 INTBBPRETATIO.

88 1249 117 1281 2.
133 1249 185 1277 Καὶ
206 1251 252 1277 ἐπὶ
268 1250 323 1280 τῶν
346 1251 431 1285 ἁγίων
448 1252 571 1286 ἀγγέλων
585 1252 639 1280 τῶν
661 1253 845 1290 παρεστώτων

927 1252 953 1279 2.
972 1251 1004 1278 cit
1030 1252 1099 1278 inter
1125 1256 1236 1278 sanctos
1262 1259 1373 1287 angelos
1400 1257 1520 1280 astantes
1544 1252 1599 1279 luci
1629 1256 1680 1279 tua:

53 1295 92 1331 τῷ
109 1296 263 1332 φωτίσματί
276 1306 322 1323 σου
336 1298 483 1334 ἀνυμνήσω
499 1307 539 1325 σε.

339 1298 483 1334 ἀνυμνήσω
499 1307 539 1325 σε.
893 1297 1050 1333 gloriﬁrabo
1068 1302 1101 1324 te.

89 1341 116 1368 5.
133 1341 194 1368 Ὀτι
209 1342 362 1377 προσεδέξω
370 1343 418 1378 τὴν
429 1343 621 1379 ἐξομολόγησιν
631 1352 695 1379 μου,
709 1343 756 1371 καὶ
768 1344 846 1379 ἠξίω-

930 1343 957 1370 5.
977 1343 1112 1376 Quoniam
1131 1344 1257 1378 accepisti
1274 1343 1474 1372 confessionem
1489 1352 1586 1377 meam,
1598 1351 1624 1372 et
1637 1344 1679 1372 dii

54 1386 104 1418 oi;
121 1394 153 1421 με
172 1387 220 1422 τῆς
236 1387 346 1423 χάριτός
358 1396 415 1414 σου.

893 1394 993 1424 gnatus
1006 1397 1036 1416 es
1052 1397 1096 1417 me
1110 1390 1198 1425 gratia
1212 1395 1268 1417 tua.

89 1437 117 1459 4.
133 1432 268 1459 Εἰσελθὼν
281 1434 310 1460 ἐν
323 1433 362 1469 τῷ
379 1434 415 1468 (1)
434 1434 503 1470 ἁγίῳ
518 1435 575 1469 ναῷ
598 1443 644 1462 σου
663 1435 846 1470 προσκυνήσω

931 1435 958 1462 4.
975 1435 1131 1471 Ingrediens
1145 1436 1171 1463 in
1187 1436 1316 1470 templum
1330 1442 1454 1464 sanctum
1471 1441 1546 1464 tuum
1565 1437 1681 1464 adorabo

54 1486 107 1509 σοι,
124 1478 193 1514 μετὰ
204 1479 235 1505 τὸ
253 1479 420 1514 φιυτισθῆναί
436 1488 479 1515 με.

863 1478 874 1481 ⁷
895 1485 932 1514 te,
951 1486 1095 1517 postquam
1111 1483 1281 1509 illuminatus
1295 1482 1382 1510 fuero.

89 1525 116 1552 5.
132 1526 186 1552 Καὶ
203 1525 393 1562 ἐξομολογήσω
413 1525 450 1561 (2)
467 1525 585 1560 ἐμαυτὸν
607 1526 788 1553 δεδουλῶσθαι
804 1524 844 1560 τῷ

928 1525 956 1553 5.
973 1525 1008 1553 Et
1022 1526 1173 1554 conﬁtebor
1185 1548 1191 1559 ,
1204 1535 1247 1554 me
1263 1528 1350 1562 ipsum
1367 1535 1475 1555 servum
1493 1536 1553 1556 esse
1565 1529 1681 1555 nominis

51 1571 166 1606 ὀνόματι
181 1579 227 1597 σου
239 1590 246 1603 ,
894 1572 932 1600 tui
943 1592 951 1604 ,

89 1617 116 1644 6.
128 1617 177 1644 Διὶ
187 1617 216 1644 τὸ
228 1617 303 1649 ἔλεός
314 1626 372 1649 σου,
385 1617 433 1644 καὶ
443 1617 492 1654 τὴν
502 1618 629 1654 ἀλήθειάν
641 1626 698 1650 σου,
709 1618 742 1652 ἥν
754 1617 847 1652 ἐποίη-

928 1617 955 1646 6.
980 1617 1095 1653 Propter
1126 1618 1343 1647 misericordiam
1367 1623 1441 1644 tuam
1456 1637 1464 1650 ,
1493 1621 1519 1643 et
1540 1616 1679 1643 veritatem

54 1671 105 1694 σας
120 1665 160 1694 εἰς
177 1663 236 1699 ἐμέ.

893 1667 969 1692 tuam
982 1685 989 1697 ,
1008 1672 1089 1699 quam
1106 1664 1192 1692 iecisti
1209 1665 1235 1691 in
1252 1672 1303 1691 me.

91 1708 118 1734 7.
129 1708 192 1736 Ὅτι
203 1708 250 1736 καὶ
262 1709 308 1735 ἐπὶ
320 1708 357 1744 (5)
370 1709 472 1741 πάντας
486 1708 641 1741 δεδόξασται
653 1708 683 1734 τὸ
691 1707 776 1735 δνοαά
784 1717 842 1735 σου.

930 1708 953 1735 7.
971 1707 1106 1740 Quoniam
1125 1714 1153 1736 et
1167 1717 1249 1743 super
1273 1716 1367 1736 omnes
1382 1707 1561 1743 gloriﬁcatum
1576 1711 1618 1734 est
1632 1715 1680 1733 no-

895 1762 957 1782 men
973 1759 1060 1781 tuum.

89 1794 116 1822 8.
124 1794 184 1829 ’Λφ’
192 1791 222 1822 οὗ
235 1794 353 1829 ἠξίωσας
368 1803 401 1830 με
412 1795 462 1829 τῆς
473 1795 618 1827 υἱοθεσίας,
635 1795 714 1831 μόνον
725 1795 779 1831 βοῶ
786 1795 824 1831 (4)
835 1804 843 1810 ”

955 1821 957 1826 .
973 1799 1012 1827 Ex
1030 1808 1084 1835 quo
1099 1800 1226 1835 dignatus
1244 1806 1273 1826 es
1291 1805 1335 1825 me
1350 1797 1495 1832 adoptione
1508 1817 1515 1830 ,
1546 1799 1592 1824 vix
1615 1798 1679 1826 dum
1713 1818 1717 1824 .

53 1840 149 1874 Πάτερ
162 1839 256 1875 ἡμῶν,
269 1842 284 1867 ὁ
292 1841 327 1867 ἐν
337 1841 399 1872 τοῖς
410 1841 559 1875 οὐρανοῖς,
570 1841 649 1872 εὐθὺς
660 1841 767 1873 ἀκούεις
781 1850 814 1876 μο

921 1854 981 1874 amo
999 1855 1005 1873 :
1023 1846 1104 1872 Pater
1119 1851 1217 1878 noster,
1237 1846 1282 1881 qui
1300 1853 1326 1872 es
1348 1845 1376 1872 in
1391 1844 1479 1872 ccelis‘
1493 1865 1500 1877 ,
1523 1845 1614 1872 statim
1637 1852 1680 1872 me

894 1892 1017 1920 exaudis.

86 1930 113 1957 9.
129 1930 176 1962 Εἰς
190 1930 224 1956 τὰ
243 1930 295 1966 ὕψη
314 1931 428 1957 ἐντολῶν
445 1939 491 1958 σου
505 1931 655 1966 ἀναγάγεις
668 1932 706 1967 (5)
723 1932 771 1968 τὴν
791 1932 843 1967 ψυ-

929 1937 956 1964 9.
983 1936 1012 1963 1η
1030 1935 1187 1963 altitudines
1204 1938 1399 1969 praeceptorum
1428 1939 1536 1961 tuorum
1563 1933 1678 1961 deducet

52 1977 104 2012 χήν
117 1985 167 2012 μου
184 1978 218 2012 τῇ
235 1977 347 2013 δυνάμει
364 1986 421 2005 σου.

898 1983 1018 2010 animam
1036 1989 1123 2009 meam
1137 1981 1237 2008 virtute
1253 1985 1307 2007 tua.

90 2022 135 2050 10.
148 2021 293 2054 Δοξάσουσί
311 2031 345 2058 με
362 2024 462 2055 πάντες
477 2025 501 2050 οἱ
518 2024 730 2055 πεπιστευκότες
746 2024 787 2056 εἰς
801 2024 841 2052 σέ.

930 2028 974 2056 10.
989 2027 1187 2055 Gloriiicabunt
1201 2031 1228 2054 te
1242 2033 1346 2058 omnes,
1362 2025 1407 2060 qni
1422 2025 1448 2052 in
1461 2029 1486 2052 te
1496 2024 1675 2052 crediderunt.

89 2069 133 2096 11.
150 2068 213 2096 ’Ὀτι
225 2069 359 2103 ἐδέξαντο,
377 2070 424 2097 καὶ
435 2069 596 2105 ὲπλήρωσας
612 2070 650 2106 (6)
668 2070 738 2105 ἅπερ
753 2071 843 2103 αὐτοῖς

930 2073 975 2101 11.
990 2073 1059 2107 Quia
1074 2076 1255 2107 acceperunt,
1270 2076 1296 2099 et
1313 2071 1472 2106 implevisti,
1491 2079 1549 2104 qua:
1563 2071 1615 2097 illis
1630 2071 1677 2097 de-

52 2115 162 2150 ἁττηγγε
167 2113 222 2141 ίλω.

859 2127 881 2154 D
894 2120 1034 2148 nuntiasti.

89 2160 132 2187 12.
148 2161 203 2188 Καὶ
219 2162 248 2187 ἐν
258 2161 416 2195 ἀγαλλιάσει
431 2161 545 2197 καρδίας
555 2161 738 2197 ἀνυμνήσουσι
752 2162 790 2197 (7)
802 2171 842 2194 σε,

929 2166 974 2193 12.
993 2166 1026 2193 Et
1041 2166 1068 2193 in
1092 2164 1274 2193 exsultatione
1290 2163 1381 2191 cordis
1403 2163 1553 2190 laudabunt
1567 2168 1591 2190 te
1602 2182 1610 2195 ,
1625 2162 1678 2190 θο-

52 2206 150 2242 Κύριε.

891 2212 972 2240 mine.

90 2254 134 2281 15.
149 2252 211 2280 ’Ότι
224 2253 405 2288 ἀνεκλάλητός
416 2253 453 2289 (8)
469 2254 542 2280 ἐστιν
556 2254 573 2289 ἡ
591 2253 780 2289 φιλανθρωπία
793 2252 841 2279 τοῦ

816 2252 841 2279 ὶῧ
926 2259 969 2285 15.
990 2256 1124 2291 Quoniam
1140 2257 1284 2285 incﬂ‘abilis
1300 2261 1342 2284 est
1355 2256 1508 2292 benignitas
1521 2256 1578 2284 Dei.

51 2300 132 2327 Θεοῦ.

88 2347 133 2374 14.
148 2346 210 2374 ’Ότι
222 2347 359 2379 τοσοῦτος,
381 2347 428 2373 καὶ
442 2345 600 2382 τηλικοῦτος
614 2345 651 2372 ὣν
661 2367 668 2379 ,
686 2346 732 2373 καὶ
747 2347 840 2372 meoi-

925 2349 968 2376 14.
981 2348 1112 2383 Quoniam
1127 2349 1198 2382 talis,
1214 2354 1241 2378 et
1254 2354 1345 2377 tantus
1360 2349 1505 2381 exsistcns,
1521 2353 1548 2376 et
1561 2349 1588 2376 in
1601 2348 1676 2376 coeli:

50 2393 108 2421 κῶν
121 2395 149 2421 ὲν
163 2395 220 2426 τοῖς
235 2395 359 2430 οὐρανοῖς
369 2414 376 2425 ,
393 2393 520 2430 πρόνοιαν
536 2393 646 2428 ποιῆσαι
661 2393 698 2428 (9)
713 2393 812 2428 ἁμαρτι

917 2396 1033 2429 tbitans,
1049 2404 1141 2429 curam
1158 2397 1231 2432 geris
1245 2396 1278 2423 de
1301 2395 1488 2431 peccatoribus
1500 2415 1507 2428 ,
1529 2402 1562 2423 ac
1578 2395 1679 2422 vilibus.

49 2440 115 2473 λῶν,
132 2441 179 2467 καὶ
193 2440 327 2467 ταπεινῶν
347 2439 509 2476 ἀνθρώπων,
526 2440 667 2467 τουτέστιν
681 2439 768 2475 ἡμῶν.
781 2450 811 2461 «τι

535 2440 667 2467 τουτέστιν
681 2439 768 2475 ἡμῶν.
781 2450 838 2462 an:
889 2442 1063 2474 hominibus,
1082 2442 1134 2470 hoc
1154 2447 1195 2470 est
1211 2442 1297 2470 nobis.

89 2487 132 2514 15.
142 2487 197 2513 Καὶ
207 2487 270 2519 τοὺς
283 2486 377 2521 ἁγίους
385 2486 440 2522 (10)
451 2485 505 2513 ἀπὸ
520 2485 727 2522 προκαταΰολῆς
737 2486 839 2520 κόσμου

928 2488 972 2515 15.
988 2489 1020 2515 Ει
1038 2493 1149 2517 sanctos
1166 2497 1181 2516 a
1205 2490 1400 2517 constitutione
1417 2488 1511 2516 mundi
1530 2486 1679 2523 praescivit‘

51 2533 189 2568 προέγνω,
209 2533 257 2559 καὶ
274 2532 436 2569 προώρισεν.

381 2541 436 2559 σεν.
889 2538 916 2562 et
931 2535 1141 2563 nrmdestinavit.

88 2607 97 2621 ¹
115 2603 209 2631 Matth.
227 2611 265 2636 νι,
281 2601 307 2629 9.

526 2657 680 2688 Addenda
697 2661 728 2688 et
744 2658 930 2698 corrigenda
948 2668 987 2690 ex
1001 2661 1071 2691 cod.
1088 2661 1189 2691 Vatic.

198 2734 238 2773 τῷ
252 2733 308 2773 νὲκῷ
320 2742 366 2761 σου
375 2733 415 2769 ’τῷ
426 2734 507 2768 ἀίίῳν
523 2738 576 2760 εῑε·
924 2735 962 2773 (ρ)
978 2736 1243 2773 γἘπλήρωσανλᾶπερ
1257 2736 1349 2766 αὐτοῖς
1363 2735 1495 2762 ἐνετεῑλω.

85 2770 125 2807 (2)
141 2770 329 2807 νὈμολογήσω.
411 2805 417 2807 ⁵
443 2805 448 2807 ἒ
489 2804 499 2807 _
519 2803 559 2807 λη
923 2771 961 2805 (7)
977 2770 1166 2807 ’Δνυμνήσωσί
1178 2770 1286 2802 σε,ἐῑο.

86 2803 125 2842 (5)
139 2803 202 2833 Ἐττὶ
216 2803 279 2836 τοῦς
294 2805 472 2842 ᾁμαρτωλοὺς
487 2803 651 2837 δεδόξασται,
661 2808 713 2842 e_tc.
762 2839 766 2842 _
923 2803 961 2842 (8)
975 2803 1173 2838 Ἀνέκλεὶπτος,
1186 2812 1248 2842 ete.,
1259 2805 1306 2834 τοῦ
1319 2805 1435 2840 Κυρίουκ

88 2838 126 2876 (Δ)
143 2842 243 2876 Βοήσω
256 2838 324 2875 πρὸς
341 2838 386 2866 σὲ·
402 2839 493 2874 Πάτερ
508 2848 570 2874 μου,
587 2843 651 2871 etc.,
668 2838 782 2865 ἄκουσόν
793 2848 825 2874 με

587 2843 651 2871 ειεη
668 2838 782 2865 ἄκουσόν
793 2848 825 2874 με
922 2838 960 2876 (9)
972 2842 1103 2874 Καταξιοῐ
1117 2841 1262 2871 ποιεῖσθαι.
1280 2848 1332 2868 etc.

87 2877 125 2913 (5)
143 2876 287 2910 Ἀναγαγε.

923 2877 978 2912 (10)
999 2878 1105 2911 ’Λγίηυς
1121 2876 1202 2906 αὐτοῦ
1219 2876 1279 2912 πρό,
1297 2881 1348 2904 etc.
