1930 3046
53 187 124 215 1281
467 186 508 214 DE
528 185 666 214 TITULIS
685 183 910 214 PSALMORUM.
923 198 956 205 υ-
969 182 1066 210 PSAL.
1085 180 1252 208 CXXXVIII.
1611 178 1681 206 I282

90 245 120 272 8.
136 245 172 271 Σὺ
188 244 307 276 ἔπλασας
323 253 356 280 με
371 265 377 277 ,
393 245 439 271 καὶ
455 244 555 281 ἔθηκας
580 245 621 271 ἐπ’
637 244 687 280 ἐμὲ
703 244 750 280 τὴν
764 244 842 279 χεῖρά

929 241 954 268 8.
974 240 1014 268 Tu
1030 240 1153 267 formasti
1169 248 1222 273 me,
1238 244 1264 266 ct
1280 238 1393 274 posuisti
1409 245 1489 272 super
1509 245 1552 265 me
1569 245 1679 265 manum

54 298 103 317 σου
108 310 115 317 .

894 293 966 315 tuam

89 337 118 363 9.
137 335 348 372 Ἐθαυμαστώθη
368 336 384 371 ἡ
398 335 497 370 γνῶσίς
514 344 560 362 σου
575 335 603 368 ἐξ
616 335 682 370 ἐμοῦ
693 341 699 348 ·

929 334 955 361 9.
971 332 1104 360 1Mirabilis
1116 331 1187 359 facta
1205 336 1246 358 est
1261 330 1375 358 scicntia
1388 335 1434 357 tua
1449 338 1483 357 ex
1497 337 1541 358 me
1555 339 1560 356 :

88 382 135 409 I0.
155 380 354 416 Ἐκραταιώθη,
367 382 398 407 οὺ
414 381 450 416 μὴ
465 381 586 416 δύνωμαι
599 381 668 416 πρὸς
683 380 775 415 αὐτήν.

769 401 775 407 .
929 379 972 406 I0.
989 377 1149 407 Confortata
1164 381 1215 409 est,
1232 383 1287 404 non
1302 380 1395 410 potero
1412 375 1446 402 ad
1460 383 1529 402 eam.

90 428 136 454 II.
154 427 210 453 Ποῦ
228 426 353 462 πορευθῶ
372 427 424 453 ἀπὸ
440 426 486 453 τοῦ
501 426 658 461 Πνεύματός
673 434 736 458 σου;

575 426 658 461 ματος
673 434 736 458 σου;
930 426 972 453 II.
987 425 1048 459 Quo
1067 425 1112 452 ibo
1129 432 1144 452 a
1156 423 1258 458 Spiritu
1271 423 1336 450 tuo?

89 472 134 499 12.
150 473 206 498 Καὶ
217 472 271 498 ἀπὸ
283 471 330 498 τοῦ
346 471 492 507 προσώπου
509 480 555 498 σου
575 471 626 498 ποῦ
646 471 739 506 φύγω;

647 471 739 506 φύγιιη
930 472 974 498 I2.
993 471 1027 498 Et
1039 478 1094 506 quo
1109 478 1124 497 a
1138 469 1208 497 facie
1225 474 1270 496 tua
1288 468 1409 504 fugiam?

89 519 135 546 I5.
159 518 221 545 Ἐὰν
233 518 326 546 ἁναϐὦ
342 519 380 550 εἰς
393 519 438 544 τὸν
453 518 575 554 οὐρανὸν,
591 518 622 544 σὺ
640 520 698 545 ἐκεῖ
712 516 752 544 εἷ·

930 517 973 544 15.
996 517 1023 544 Si
1039 516 1187 545 ascendero
1202 516 1229 543 in
1244 515 1356 547 coelum,
1372 519 1401 542 tu
1417 514 1473 541 illic
1487 521 1517 541 es
1532 522 1537 539 ;

87 564 134 592 14.
153 565 215 591 Ἐὰν
229 565 338 591 καταϐῶ
351 567 390 597 εὶς
404 567 448 592 τὸν
463 566 538 602 ᾅδην,
558 567 648 601 πάρει.

930 564 973 591 11.
996 563 1024 590 Si
1039 562 1206 591 descendero
1220 562 1247 589 in
1265 561 1414 594 infernum,
1428 560 1502 588 ades.

88 608 134 636 I5.
145 609 207 636 Ἐὰν
217 609 380 646 ἁναλάϐοιμι
390 610 439 642 τὰς
450 611 588 647 πτέρυγάς
600 620 650 647 μου
662 611 722 638 κατ’
734 610 841 647 ὄρθρον,

765 610 841 647 ηθρον,
930 612 973 639 15.
994 611 1023 639 Si
1037 618 1179 646 sumpsero
1192 617 1296 645 pennas
1308 616 1383 636 meas
1397 607 1527 640 diluculo,

89 654 134 681 I6.
144 656 198 681 Καὶ
209 656 413 691 κατασκηνώσω
427 658 465 689 εἰς
474 658 507 684 τὰ
514 657 617 692 ἔσχατα
630 657 678 693 τῆς
687 657 824 692 θαλάσσης
837 664 844 672 ·

735 658 824 692 .ἀσσης
837 664 844 672 ·
931 657 974 685 I6.
990 657 1022 684 Et
1038 657 1196 684 habitavero
1211 656 1240 682 in
1251 655 1380 683 extremis
1395 653 1479 682 maris
1492 661 1497 679 :

87 701 134 728 I7.
151 701 206 729 Καὶ
223 702 277 737 γὰρ
290 703 348 729 ἐκεῖ
363 704 378 738 ἡ
395 704 455 739 χείρ
468 713 515 730 σου
531 704 658 740 ὁδηγήσει
670 713 718 739 με·

929 704 973 731 17.
991 703 1098 731 Etenim
1115 703 1179 730 illuc
1195 709 1294 730 manus
1308 706 1354 730 tua
1369 701 1486 728 deducet
1498 706 1542 727 me
1556 706 1563 724 :

88 746 134 773 I8.
150 747 205 774 Καὶ
219 748 326 781 καθέξει
345 757 377 784 με
395 750 412 785 ἡ
428 749 503 782 δεξιά
516 759 574 777 σου.

930 750 974 778 I8.
995 750 1027 776 Et
1043 749 1146 776 tenebit
1162 757 1205 776 me
1219 749 1330 777 dextera
1347 753 1403 776 tua.

86 793 130 821 I9.
146 795 201 820 Καὶ
213 793 291 821 εἶπα·
306 797 378 832 Ἀρα
394 796 488 828 σκότος
504 797 692 832 καταπατήσει
711 805 754 822 us.

931 796 974 823 I9.
996 797 1030 822 Et
1043 795 1100 823 dixi
1113 803 1119 821 ε
1134 795 1262 823 Forsitan
1276 795 1396 822 tenebrae
1408 793 1606 822 conculcabunt
1618 799 1675 819 me:

87 839 133 866 20.
147 839 202 866 Καὶ
219 840 267 873 νὺξ
283 842 422 877 φωτισμὸς
438 843 466 869 ἑν
480 843 513 878 τῇ
530 844 618 878 τρυφῇ
633 851 693 877 μου.

930 841 975 868 20.
995 840 1028 868 Et
1039 848 1093 868 nox
1105 841 1269 868 illuminatio
1284 841 1311 868 in
1326 840 1431 868 deliciis
1443 839 1519 867 meis.

87 885 134 912 21.
149 886 208 912 ’Ὁτι
225 887 316 919 σκότος
332 888 362 914 οὐ
378 888 582 923 σκοτισθήσεται
598 888 652 914 ἀπὸ
668 887 727 920 σοῦ,

859 918 881 946 Β
930 886 975 914 21.
996 886 1064 920 Quia
1082 887 1201 915 tenebrae
1217 894 1271 914 non
1285 886 1507 914 obscurabuntur
1523 891 1538 912 a
1553 889 1589 915 te.

613 1000 802 1030 ATHANASII
835 999 1121 1029 INTERPBETATIO.

89 1111 116 1138 8.
132 1111 168 1138 Σὺ
182 1111 399 1148 ἐδημιούργησας
416 1122 449 1148 με
460 1134 467 1146 ,
483 1121 530 1139 και
552 1112 651 1148 ἔθηκας
671 1113 715 1139 ἐπ’
728 1113 778 1148 ἐμὲ
793 1112 843 1148 τὴν

931 1112 958 1139 8.
973 1111 1014 1138 Tu
1028 1111 1126 1139 creasti
1140 1118 1197 1143 me,
1214 1115 1241 1138 et
1256 1111 1370 1146 posuisti
1387 1116 1469 1144 super
1483 1116 1526 1136 me
1548 1108 1679 1136 auxilium

55 1157 183 1193 βοήθειάν
198 1166 244 1184 σου
258 1158 411 1185 σκέπουσάν
427 1167 471 1195 με.

432 1167 471 1194 με.
895 1162 971 1185 tuum
985 1161 1128 1192 protegens
1142 1164 1194 1184 me.

88 1203 115 1231 9.
128 1204 265 1239 Μνησθεὶς
280 1205 368 1237 τὺ,τίς
381 1205 525 1241 ὑπᾶρχειὴ
541 1205 655 1240 δύναμίς
667 1213 725 1238 σου,
739 1204 792 1237 ἔξω

929 1204 954 1230 9.
978 1203 1164 1236 Recordatus,
1182 1211 1243 1238 quae
1266 1203 1300 1230 sit
1315 1202 1434 1237 potentia
1451 1206 1498 1229 tua
1511 1222 1518 1234 ,
1545 1205 1622 1229 extra
1637 1207 1680 1227 ma

53 1248 175 1283 ἐμαυτοῦ
196 1249 296 1283 γέγονα
316 1250 518 1284 ἀποθαυμάζων
535 1251 564 1276 ὲν
583 1248 703 1284 ἐμαυτῷ.

677 1248 703 1284 ᾧ.
895 1251 984 1285 ipsum
1001 1250 1088 1278 factus
1106 1258 1166 1277 sum
1181 1257 1236 1285 pra:
1251 1249 1439 1279 admiratione.

89 1294 133 1324 I0.
148 1295 319 1326 Ἀνεέκαστος
333 1295 450 1330 ὑπάρχει
470 1297 486 1330 ή
501 1295 615 1330 δύναμίς
632 1303 679 1321 σου
691 1315 699 1327 ,
715 1294 745 1322 οὐ
762 1293 842 1320 δύνα-

932 1296 975 1323 10.
992 1295 1188 1330 lnvestigabilis
1203 1300 1243 1324 est
1255 1297 1340 1324 virtus
1357 1301 1413 1329 tua,
1426 1303 1483 1334 non
1491 1303 1603 1330 possum
1616 1301 1680 1322 cen-

55 1349 105 1374 μαι
123 1340 280 1375 ἀντιστῆναι
296 1340 363 1376 πρὸς
378 1341 473 1376 αὐτήν.

398 1341 473 1376 ὐτήν.
896 1347 935 1369 tra
951 1349 1011 1369 eam
1026 1343 1160 1369 resistere.

91 1387 135 1413 II.
149 1386 206 1412 Ποῦ
219 1386 272 1422 γὰρ
283 1385 398 1422 δύναμαι
408 1386 541 1422 κρυϐῆναι
553 1386 591 1421 (2)
604 1386 658 1414 ἀπὸ
668 1385 698 1413 τὸ
708 1385 785 1421 ἅγιόν
797 1393 843 1412 σου

931 1388 974 1416 II.
991 1388 1043 1415 Ubi
1056 1387 1128 1414 enim
1144 1387 1273 1415 abscondi
1291 1394 1403 1422 possum
1429 1394 1445 1413 a
1466 1386 1569 1422 Spiritu
1585 1392 1680 1414 sancto

53 1431 178 1467 Πνεῦμα,
193 1433 223 1458 τὸ
232 1432 364 1467 γινῶσκον
376 1432 434 1468 [τοῦ
448 1433 526 1467 ἁγίου
542 1441 588 1459 σου
603 1432 762 1467 Πνεύματος
774 1450 781 1463 ,
796 1439 815 1457 τι

487 1433 526 1458 too
542 1441 588 1459 σου
603 1432 762 1467 Πνεύματος
774 1450 781 1463 ,
796 1430 843 1457 τοῦ
895 1438 953 1466 ιυο,
968 1433 1015 1468 qui
1029 1433 1117 1461 noscit
1135 1433 1248 1461 omnia?

54 1477 245 1515 γινώσκοντος]
263 1479 297 1506 τὰ
312 1479 400 1506 πάντα
412 1488 419 1511 ;

89 1524 134 1551 12.
151 1525 205 1551 Καὶ
218 1525 272 1551 ἀπὸ
289 1524 336 1551 σοῦ
349 1525 382 1551 τὰ
398 1525 435 1560 (5)
453 1525 543 1552 πάντα
553 1524 714 1561 ἐφορῶντος,
731 1522 782 1550 ποῦ
795 1521 840 1548 δύ-

929 1522 973 1550 12.
988 1522 1021 1549 Ει
1037 1529 1052 1549 a
1065 1526 1100 1554 te,
1116 1522 1162 1556 qui
1174 1521 1264 1548 omnia
1276 1521 1362 1553 vides,
1377 1529 1432 1556 quo
1447 1527 1557 1556 possum
1570 1518 1680 1555 fugere?

53 1577 139 1604 ναμαι
153 1571 265 1604 φυγεϊνς
279 1571 319 1596 ὅτι
339 1556 437 1596 πάντά
453 1570 560 1605 γυμνὰ,
575 1556 633 1596 ’καὶ
649 1570 815 1603 τετραχηλιι

810 1575 843 1595 ιγ·
856 1556 878 1585 c
895 1569 1024 1604 quoniam
1039 1569 1126 1594 omnia
1141 1568 1227 1601 nuda,
1243 1573 1267 1594 et
1282 1572 1373 1602 aperta
1391 1567 1474 1594 oculis
1490 1567 1542 1593 tuis
1553 1567 1572 1593 ¹.

50 1615 129 1650 μέγα
142 1615 206 1649 τοῖς
222 1615 385 1650 ὀφθαλμοῖς
399 1621 468 1642 σου.

88 1661 134 1688 15.
153 1661 316 1697 Ἀχώριστος
329 1661 367 1698 (Il)
383 1659 409 1688 εἷ
418 1661 472 1687 τῶν
485 1659 624 1695 πατρικῶν
636 1658 753 1685 κόλπων.

681 1667 753 1685 πων·
933 1671 974 1698 15.
989 1669 1178 1705 lnseparabilis
1191 1676 1221 1697 es
1237 1677 1253 1696 a
1271 1669 1332 1696 sinu
1347 1669 1443 1697 Patris.

89 1708 135 1735 14.
152 1708 338 1744 Ἐθανατώοης
353 1708 406 1744 γὰρ
421 1708 454 1734 δι’
467 1707 527 1742 ἐμέ.

932 1715 975 1744 14.
994 1715 1073 1743 Morti
1086 1715 1159 1743 enim
1175 1715 1291 1742 traditus
1308 1723 1338 1743 es
1352 1719 1461 1750 propter
1476 1723 1526 1742 me.

87 1755 134 1781 15.
148 1754 232 1781 Τοῦτό
256 1763 300 1790 μοι
325 1755 403 1790 μόνον
421 1753 608 1790 περιλείπεται
619 1773 626 1785 ,
643 1753 689 1780 ἐὰν
704 1752 758 1788 ἄρα
779 1753 844 1778 ἀνα-

932 1761 977 1789 15.
990 1761 1046 1789 Hoc
1060 1762 1148 1789 solum
1163 1761 1228 1788 milii
1249 1761 1385 1795 reliquum
1402 1766 1462 1792 est,
1480 1761 1500 1788 si
1517 1760 1585 1788 forte
1601 1769 1679 1789 assu-

53 1799 128 1827 λάϐω
138 1800 187 1831 τὰς
198 1799 360 1836 ἐνθυμήσεις
376 1800 424 1835 τῆς
437 1799 549 1836 καρδίας
571 1808 632 1835 μου,
649 1798 799 1833 καταφύγω

916 1815 966 1834 iam
981 1807 1160 1843 cogitationes
1175 1807 1267 1834 cordis
1284 1807 1347 1839 mei,
1363 1811 1390 1834 et
1403 1806 1557 1841 confugiam
1572 1807 1605 1834 ad
1619 1808 1678 1834 illu-

53 1845 92 1881 τῷ
108 1845 263 1881 φωτίσματι
274 1845 324 1880 τῆς
340 1845 458 1877 πίστεώς
478 1854 523 1872 σου

478 1854 523 1872 σου
538 1845 588 1881 ('5)-
895 1854 1070 1881 minationem
1084 1854 1145 1881 fidei
1163 1859 1224 1880 tuae.

89 1893 134 1921 I6.
151 1894 207 1920 Καὶ
220 1893 298 1920 δώσω
311 1894 429 1928 ἐμαυτὸν
443 1895 483 1925 εἰς
498 1894 528 1920 τὸ
540 1894 691 1930 βάπτισμα.

928 1900 972 1927 16.
987 1899 1019 1926 Et
1036 1899 1106 1927 dabo
1122 1907 1165 1926 me
1181 1900 1269 1934 ipsum
1283 1899 1310 1926 in
1327 1897 1501 1933 baptismum.

89 1940 140 1973 I7,
159 1939 204 1967 I8.
220 1940 277 1966 Καὶ
294 1940 348 1975 γὰρ
375 1941 434 1966 ἐκεῖ
451 1941 466 1975 ὴ
483 1940 563 1976 χάρις
586 1940 626 1976 (6)
652 1949 697 1967 σου
717 1940 843 1976 ὁδηγήσει

929 1946 1028 1979 17,18.
1044 1945 1149 1973 Etenim
1163 1946 1228 1973 illuc
1245 1946 1330 1980 gratia
1347 1949 1393 1972 tua
1407 1945 1521 1972 deducet
1536 1953 1588 1976 me,
1607 1950 1632 1971 ct
1650 1946 1675 1972 in

55 1994 100 2020 με,
116 1985 163 2011 καὶ
179 1985 377 2020 περικρατήσει
396 1994 439 2020 με.

396 1994 439 2020 με·
894 1999 937 2019 me
949 1992 1141 2020 dominabitur.

89 2031 134 2059 I9.
156 2031 211 2057 Καὶ
236 2031 402 2067 ἐλογισάμην
426 2031 485 2058 κατ’
513 2031 630 2066 ἐμαυτὸν
652 2031 754 2066 λέγων·
770 2029 844 2068 *Αρα

932 2037 976 2064 19.
991 2037 1024 2064 Et
1038 2045 1145 2065 mecum
1159 2037 1274 2072 cogitavi
1289 2037 1382 2065 dicens
1395 2045 1402 2063 :
1420 2037 1461 2064 An
1475 2037 1512 2065 ita
1529 2038 1618 2073 patiar
1632 2047 1677 2066 us-

52 2077 140 2108 οὒτως
163 2077 323 2113 ἀνάσχωμαι
339 2077 392 2110 ἓως
410 2077 503 2108 τέλους
524 2077 703 2111 κυριεύεσθαι
723 2078 776 2104 ὑπὸ
792 2078 814 2104 τῆ

751 2078 776 2104 τὺ
792 2078 842 2113 τῆς
894 2091 947 2118 que
964 2083 990 2110 in
1007 2083 1087 2111 linem
1100 2083 1237 2111 dominari
1254 2084 1281 2111 in
1296 2092 1338 2111 me
1352 2083 1513 2119 peccatum?

52 2124 209 2150 ἁιιαοτίαςε

75 2132 79 2140 ι
94 2132 111 2149 α
131 2123 192 2149 τίαί
202 2131 209 2137 '

73 2131 135 2193 #25.
150 2139 209 2193 Κὲιί
227 2167 393 2204 ἐλογισάμην
416 2167 507 2194 δοῦναι
527 2168 644 2203 ἐμαυτὸν
658 2169 697 2203 (7)
710 2170 742 2205 τῇ
759 2177 835 2196 κατα-

928 2169 972 2196 ΞΟ.
996 2169 1029 2197 Et
1052 2170 1168 2206 cogitavi
1193 2171 1300 2198 tradere
1322 2179 1366 2198 me
1390 2171 1478 2205 ipsum
1504 2171 1676 2205 baptismatis

52 2209 128 2240 δύσει
140 2212 187 2240 τοῦ
203 2213 399 2249 βαπτίσματος,
415 2214 456 2241 ὅτι
473 2215 612 2249 φωτισμὸς
625 2215 673 2241 καὶ
686 2215 777 2252 τρυφή
790 2225 814 2251 μα

914 2215 1062 2242 nmersioni
1075 2236 1083 2248 ,
1097 2217 1225 2251 quoniam
1245 2217 1419 2248 illuminatio,
1438 2221 1464 2244 et
1482 2217 1585 2244 delicia:
1608 2225 1676 2244 mea:

52 2260 112 2285 ἐστι
125 2259 155 2285 τὸ
168 2258 278 2295 λουτρὸν
291 2261 339 2295 τῆς
352 2259 502 2292 ἀθανασίας
511 2268 517 2275 ·
531 2261 589 2286 ἐκεῖ
601 2261 654 2296 γὰρ
668 2262 814 2298 καταλιμπ‹

914 2265 957 2288 int
980 2261 1118 2288 lavacrum
1136 2262 1348 2290 immortalitatis
1365 2272 1371 2289 :
1392 2263 1428 2290 ibi
1452 2263 1525 2290 enim
1551 2264 1676 2298 relinquo

52 2314 90 2332 νω
105 2306 155 2338 τὰς
170 2307 307 2342 ἁμαρτίας
322 2316 383 2342 μου.

325 2316 383 2342 μου.
892 2311 1003 2342 peccata
1018 2315 1087 2334 mea.

87 2352 132 2379 21.
149 2352 210 2380 ’Ότι
225 2354 300 2380 πᾶσα
316 2353 388 2390 ψυχὴ
403 2355 431 2381 ἐν
450 2353 540 2381 σκότει
554 2354 695 2390 καθημενη
705 2375 711 2387 ,
726 2355 840 2382 ελθουσα

926 2353 969 2379 21.
987 2353 1056 2386 Quia
1074 2354 1164 2381 omnis
1187 2354 1279 2381 anima
1301 2354 1328 2381 in
1355 2355 1475 2383 tenebris
1498 2356 1596 2383 sedens
1613 2364 1674 2384 cum

52 2397 99 2423 ἐπὶ
114 2397 146 2424 τὺ
159 2398 309 2434 βάπτισμα,
325 2399 375 2426 οὐκ
388 2399 426 2426 ἔτι
440 2399 664 2435 σκοτισθήσεται,
677 2400 730 2427 ἀπὸ
747 2401 792 2427 τοῦ
811 2411 814 2425 ι

912 2399 994 2427 encrit
1006 2399 1039 2426 ad
1054 2399 1229 2434 baptismum,
1242 2408 1295 2428 non
1307 2401 1424 2435 amplius
1441 2401 1674 2434 obtenebrabitur,

52 2442 82 2468 τὸ
95 2443 193 2478 ἀληθὲς
205 2444 245 2478 (ε8)
262 2444 319 2478 φῶς
331 2444 458 2471 ἐπιϐῆναι
474 2445 503 2471 ὲν
517 2445 597 2481 αὐτῇ.

899 2445 1019 2480 μιοηίειη
1037 2449 1081 2479 tu,
1094 2446 1142 2480 qui
1156 2454 1219 2474 vera
1234 2446 1281 2474 lux
1296 2454 1337 2481 es,
1351 2447 1478 2476 ascendis
1494 2447 1522 2475 in
1540 2448 1638 2483 ipsam.

88 2533 99 2548 '
116 2531 198 2560 Hebr.
216 2539 255 2566 Iv,
272 2533 316 2560 I5.

531 2612 684 2645 Addenoa
699 2618 730 2645 et
746 2615 930 2654 corrigenda
954 2624 994 2646 ex
1010 2616 1080 2648 cod.
1095 2618 1195 2649 Vatic.

140 2704 186 2745 Ἐξ
199 2705 295 2745 ἑαυτοῦ
308 2707 490 2745 γέγοναζοῑοη
502 2708 642 2745 ενλὲαυτῷ.
926 2710 963 2745 (5)
980 2710 1031 2737 Σοῦ
1044 2711 1128 2738 deest.

89 2740 131 2781 (2),
146 2741 285 2781 Κρυϐῆναι
302 2742 332 2768 τὸ
350 2740 465 2781 ῃνεῦμα
476 2743 514 2781 *τὸ
528 2743 604 2781 ἅγιόν
619 2740 666 2770 σου
693 2744 724 2770 τὸ
750 2745 837 2772 πάντα
984 2746 1015 2771 'H
1029 2746 1088 2781 χείρ
1102 2755 1158 2772 σου.

54 2775 316 2816 γιγνῲεκοντα.(1εε.
335 2778 389 2805 vid.
408 2775 580 2812 γιγνῶσκον).

408 2775 580 2812 γιγνῶσκον).
923 2775 962 2816 (7)
981 2775 1102 2810 Ἐαῧτ6ν,
1117 2787 1169 2808 elc.

142 2810 251 2855 ξξιῧςτοῦ
266 2810 311 2843 τά,
328 2817 381 2855 εμπ.
444 2810 448 2812 ’
984 2815 1118 2852 Ἀληθινὸν
1135 2816 1192 2851 φῶς
1207 2817 1334 2852 ἐπιϐῆναι
1352 2819 1380 2844 ἐν
1392 2817 1488 2855 ταύτῃ.

90 2845 128 2880 (4)
146 2845 307 2882 Ἀχώριστος
318 2848 380 2883 γάρ,
397 2852 448 2876 etc.
