1930 3046
53 164 124 192 I285

467 165 510 194 DE
533 167 672 196 TlTULlS
691 169 916 199 PSALMORL‘M.
937 186 972 191 —
991 171 1077 198 PSAL
1108 172 1274 200 CXXXVIII.

1611 175 1678 202 1986

83 219 129 250 56.
147 221 381 258 Ἐεαριθμήσομαι
398 224 505 258 αὐτοὺς,
519 226 566 252 καὶ
583 227 652 263 ὑπὲρ
665 227 756 263 ἄμμον
773 228 827 264 πλη

927 229 970 256 56.
988 229 1170 257 Dinumerabo
1187 237 1244 262 cos,
1271 235 1296 256 et
1311 237 1393 264 super
1413 237 1524 257 arenam
1548 230 1678 266 multipli-

51 266 231 302 θυνθήσονται
241 276 249 283 ·

87 312 132 340 57.
152 313 328 350 Ἐξηγέρθην,
343 316 390 342 καὶ
407 316 447 343 ἑτι
462 317 519 352 είμί
532 318 602 352 μετὰ
620 319 678 345 σοῦ.

86 359 132 387 58.
152 359 215 386 Ἐὰν
230 360 393 397 ἀποκτείνῃς
409 362 599 398 ἁμαρτωλοὺς,
614 365 628 390 ὁ
641 364 706 396 Θεός
716 373 722 379 ·

83 403 130 433 39.
146 405 258 441 Ἄνδρες
274 407 410 442 αἱμάτων.
422 408 563 435 ὲκκλίνατε
580 409 627 436 ἀπ’
642 409 709 445 ἐμοῦ
720 419 726 426 ·

87 450 133 477 40.
150 451 209 478 Ὂτι
222 452 329 487 ὲρισταί
346 454 407 479 ἐστε
424 455 464 485 εἰς
478 454 671 491 διαλογισμούς
681 464 688 471 ·

85 495 132 522 Η.
144 496 280 531 meum.
297 498 336 530 εἰς
353 499 519 534 ματαιότητα
532 501 581 531 τὰς
597 501 688 533 πόλεις
704 501 786 539 [seu].

85 539 132 566 42.
150 542 218 576 Οὐχὶ
230 543 294 575 τοὺς
311 544 456 579 μισοῦντας
473 553 513 578 σε,
528 546 624 582 Κύριε,
641 549 776 583 ἐμίσησας

84 586 129 614 45.
148 587 203 614 Καὶ
221 588 268 614 ἐπὶ
288 590 351 621 τοὺς
365 590 480 626 ἐχθρούς
502 600 549 618 σου
564 591 638 628 [τοῖς
651 594 758 630 ἐχθροῖς
773 597 838 632 σου]

48 631 220 669 ἐξετηκόμην
230 642 237 667 ;

83 678 129 705 44.
142 678 250 707 Τέλειον
262 681 339 715 μῖσος
352 683 462 717 ἐμίσουν
475 684 572 716 αὐτούς
582 693 589 700 ⁸

82 723 127 751 45.
145 725 193 756 Εἰς
207 726 320 761 ἐχθροὺς
338 728 461 762 ἐγένοντό
475 739 531 765 μοι.

81 770 126 797 46.
141 771 290 806 Δοκίμασόν
306 782 339 808 με
349 794 356 806 ,
374 775 388 801 ὁ
405 775 488 807 Θεὸς,
503 776 549 803 καὶ
561 776 645 808 γνῶθι
658 777 707 812 τὴν
722 779 836 815 καρδίαν

49 825 102 851 μου
113 825 120 832 ·

83 863 127 891 4'7.
146 864 262 892 Ἔτασόν
276 875 320 902 με,
334 868 379 894 καὶ
391 869 476 902 γνῶθι
489 870 538 902 τὰς
550 870 660 906 τρίϐους
678 879 738 906 μου.

73 909 129 938 ’48.
142 911 196 937 Καὶ
209 911 257 944 ίδε,
272 913 296 939 εἰ
305 913 363 944 ὁδὸς
373 913 409 949 [εί
423 914 495 942 ἔστιν
508 903 577 952 ὁδὸς]
588 903 703 952 ἀνομίας
715 917 743 945 ἐν
755 917 833 945 ἐμοί’
849 903 873 933 Β

84 955 127 983 ιθ.
142 957 197 984 Καὶ
210 958 341 994 όδήγησόν
357 968 391 995 με
404 961 434 988 ὲν
448 961 500 997 6δῷ
515 963 622 998 αίωνίᾳ.

895 276 1029 303 caliuntur
1042 285 1048 303 :

929 321 973 349 57.
994 320 1153 352 Exsurrexi.
1167 326 1193 348 et
1205 321 1295 348 adhuc
1309 329 1370 348 sum
1384 326 1483 349 tecum.

929 367 974 393 58.
994 365 1023 393 Si
1039 367 1182 398 occideris,
1200 366 1283 399 Deus,
1299 369 1456 401 peccatores
1471 375 1477 392 :

927 411 971 438 39.
991 411 1049 438 Viri
1063 412 1239 447 sanguinum,
1258 411 1390 439 declinate
1405 419 1419 438 a
1437 419 1480 438 me
1494 419 1502 438 :

927 459 972 486 40.
991 458 1061 491 Quia
1075 458 1240 486 contentiosi
1256 458 1321 485 estis
1338 458 1364 484 in
1380 458 1592 493 cogitationibus
1607 467 1614 485 :

927 506 971 533 4L
989 506 1130 542 Accipient
1146 506 1173 533 in
1188 505 1308 533 vanitate
1320 505 1445 534 civitates
1463 504 1558 541 [tuas].

925 553 971 580 42.
991 552 1086 580 Nonne
1101 553 1148 587 qui
1164 552 1281 579 oderunt
1296 556 1332 583 te,
1350 551 1475 583 Domine,
1491 550 1626 579 oderam?

924 597 969 625 ιδ.
991 597 1025 624 Et
1038 605 1120 632 super
1132 597 1256 624 inimicos
1269 599 1332 624 tuos
1346 595 1537 624 tabescebam?

925 691 970 718 44.
990 689 1115 718 Perfecto
1132 691 1195 717 odio
1208 690 1321 717 oderam
1340 690 1401 717 illos

920 738 965 766 45.
986 737 1092 764 Inimici
1109 736 1174 764 facti
1186 740 1251 764 sunt
1265 737 1341 763 mihi.

922 782 968 810 46.
976 782 1065 810 Proba
1080 790 1134 816 me,
1145 781 1217 810 Deus
1230 802 1237 816 ,
1247 786 1274 809 et
1286 782 1355 810 scito
1363 788 1409 809 cor
1417 788 1507 808 meum
1515 781 1536 816 εἷ

922 871 967 899 47.
988 873 1128 907 lnlerroga
1141 879 1195 904 me,
1207 876 1234 899 et
1249 879 1385 905 cognosce
1398 871 1509 899 semitas
1524 879 1609 899 meas.

922 918 968 946 48.
987 918 1020 945 Et
1032 918 1103 950 vide,
1113 926 1136 945 ει
1146 918 1188 945 via
1196 917 1230 954 [si
1239 922 1280 946 est
1288 918 1342 954 via]
1351 918 1500 953 iniquitatis
1508 919 1534 945 in
1544 927 1586 946 me
1599 925 1607 944 :

922 963 967 991 49.
988 963 1022 991 Et
1033 964 1120 992 deduc
1133 971 1177 991 me
1192 963 1221 990 in
1234 964 1278 991 via
1291 969 1401 991 ater-na.

605 1051 792 1081 ATHANASII
825 1051 1116 1081 lNTERPRETATIO.

80 1133 126 1162 36.
141 1134 251 1163 Δώδεκά
265 1137 328 1170 εἰσι,
339 1137 387 1164 καὶ
400 1138 446 1165 τὸν
456 1138 558 1174 κόσμον
573 1139 632 1167 ὅλον
642 1140 686 1166 διὰ
697 1140 742 1167 τοῦ
754 1141 833 1176 λόγου

44 1181 135 1209 αὐτῶν
147 1184 367 1219 περιποιήσονται
381 1185 422 1216 εἰς
433 1185 507 1216 υἱοὺς
521 1186 567 1212 καὶ
583 1185 745 1222 θυνατέρας.

79 1269 123 1298 57.
142 1271 343 1308 Ἐζωοποιήθην
356 1274 399 1300 διὰ
413 1273 461 1300 τοῦ
483 1273 683 1309 βαπτίσματος,
697 1277 744 1302 καὶ
758 1277 833 1303 ἀδια-

43 1313 161 1346 λείπτως
174 1315 270 1351 ἔσομαι
288 1317 355 1352 μετὰ
371 1316 427 1344 σοῦ.

45 1402 59 1432 ὁ
81 1359 124 1388 58.
144 1360 207 1387 Ἐὰν
220 1361 426 1400 θανατώσῃςταύ
436 1372 485 1395 τας
493 1363 542 1395 τὰς
555 1364 679 1397 ἐναντίας
693 1365 831 1401 δυνάμεις,

72 1406 138 1432 Θεό(
149 1415 156 1423 ·

72 1406 138 1438 Θεός
149 1415 156 1423 ·

78 1452 123 1480 59.
147 1453 210 1486 Τοῖς
230 1454 338 1490 δαίμοσι
362 1455 453 1490 λέγει’
465 1457 617 1492 Αἱμοπόται
636 1457 832 1494 μισάνθρωποι,

45 1498 239 1535 ἀναχωρήσει-τε
253 1501 299 1527 ἀπ’
314 1501 381 1536 ἐμοῦ
392 1511 398 1516 ·

78 1545 122 1573 40.
145 1547 205 1573 ’Ότι
231 1547 392 1583 ἐνθυμήσεις
418 1548 541 1585 πονηρὰς
565 1549 725 1576 ὑποτίθεσθε
755 1550 833 1577 πολε-

46 1592 158 1628 μοῦντες
176 1593 224 1628 (1).

925 1132 968 1159 36.
985 1131 1131 1159 Duodecim
1149 1135 1231 1164 sunt,
1247 1136 1274 1158 et
1288 1135 1374 1158 totum
1399 1131 1530 1158 mundum
1548 1137 1673 1158 sermone

888 1186 939 1206 suo
956 1179 982 1205 in
998 1178 1068 1206 ﬁ!ios
1092 1183 1119 1205 et
1139 1178 1209 1206 ﬁlias
1237 1185 1286 1212 per
1315 1177 1487 1211 adoptionem
1505 1177 1670 1211 spiritualem

887 1225 1024 1259 acquirenl
1031 1244 1038 1251 .

923 1271 967 1297 '57.
981 1270 1120 1306 Baptismo
1133 1269 1283 1297 vivilicatus
1298 1276 1372 1302 sum,
1384 1272 1410 1296 et
1425 1267 1609 1296 indesinenter
1623 1274 1672 1295 ero

885 1321 985 1343 tecum.

920 1362 963 1389 58.
982 1360 1010 1388 Si
1026 1361 1107 1388 morti
1122 1361 1275 1393 tradideris,
1294 1360 1375 1392 Deus,
1389 1360 1439 1387 bas
1453 1359 1604 1386 contrarias
1621 1367 1670 1394 po-

885 1415 997 1439 testates
1010 1417 1018 1436 ‘-

922 1457 967 1484 59.
991 1456 1166 1484 Dzemomnus
1183 1456 1249 1483 dicit
1264 1465 1271 1482 :
1287 1456 1499 1490 Sangutpotores
1513 1462 1609 1483 osores
1622 1454 1672 1482 ho-

885 1504 1001 1536 minum,
1017 1503 1134 1530 recedite
1145 1510 1160 1529 a
1176 1510 1220 1529 mc
1235 1511 1241 1528 :

920 1551 964 1578 40.
973 1549 1043 1583 Quia
1050 1549 1231 1584 cogitationes
1242 1555 1340 1582 pravas
1352 1551 1505 1582 pugnantes
1518 1547 1670 1582 subjicitts:

77 1640 122 1667 4-1.
137 1640 371 1675 Αἰχμαλωτίζουσι
383 1650 433 1674 τας
452 1650 540 1677 ψυχας
558 1644 612 1669 τῶν
630 1643 780 1679 ἀνθρώπων
793 1645 829 1676 εἰς

917 1641 962 1669 4i.
978 1640 1105 1674 Caplivas
1126 1638 1262 1665 alnlucent
1274 1636 1380 1664 animas
1395 1632 1580 1663 hominum'in
1594 1635 1671 1662 vani—

47 1686 148 1722 μάτην·
162 1687 242 1713 πάλιν
253 1687 307 1724 γὰρ
321 1688 514 1724 ἐπιστρέφουσι
526 1688 595 1724 πρὸς
607 1689 647 1716 σέ.

79 1733 121 1760 4'2.
131 1733 201 1767 Ἐγὼ
211 1733 238 1760 δὲ
254 1734 356 1766 πάντας
369 1734 431 1766 τοὺς
446 1733 659 1770 ἀνθισταμένους
671 1736 704 1771 τῇ
719 1735 833 1772 ἀληθείᾳ

47 1787 102 1810 σου,
117 1779 214 1814 Κύριε,
231 1780 361 1815 ἐμίσησα.

79 1824 124 1851 43.
139 1824 194 1851 Καὶ
215 1824 261 1850 ἐπὶ
277 1826 334 1856 τοῖς
349 1823 506 1851 ἀπειθοῦσιν
521 1824 559 1860 (‘2)
581 1825 750 1861 ἐξετηκόμην
778 1826 831 1852 ἀπὸ

45 1869 90 1896 τοῦ
103 1869 193 1905 ζήλου.
211 1871 265 1896 Καὶ
278 1870 364 1902 ἄλλως
379 1870 407 1896 δὲ
424 1872 523 1897 νοεῖται
537 1872 551 1897 ό
567 1871 648 1903 αὐτὸς
663 1871 752 1906 στίχος
764 1880 772 1887 ο
785 1872 832 1898 καὶ

47 1916 90 1942 ἐπὶ
110 1917 171 1947 ταῖς
196 1916 330 1948 ἐναντίαις
349 1916 480 1952 δυνάμεσι
496 1916 541 1943 διὰ
562 1917 615 1953 τῆς
637 1918 764 1953 νηστείας
786 1918 831 1944 καὶ

46 1960 160 1996 ὲγκρατε
165 1961 173 1987 ί
176 1969 216 1993 ας.

77 2005 119 2032 ιι.
135 2005 203 2032 Οὔτε
217 2005 417 2042 προσηγόρευον
440 2007 502 2038 τοὺς
517 2006 633 2042 ἐχθροὺς
645 2007 695 2042 τῆς
711 2006 830 2039 πίστεώς

45 2059 100 2078 σου.

77 2098 120 2126 45.
135 2098 229 2130 Οὕτως
246 2099 444 2134 ὲϐδελυσσόμην
461 2099 558 2131 αὐτοὺς
570 2119 577 2132 ,
595 2100 633 2132 ὠς
653 2100 828 2136 ἐπιωπῆναι

43 2144 138 2177 αὐτοὺς
153 2144 211 2180 ἅμα.
226 2145 267 2171 ἐπ’
284 2145 343 2180 ἐμὲ,
359 2146 398 2177 εἰς
415 2145 446 2172 τὺ
463 2145 591 2179 φονεῦσαί
607 2155 652 2182 με.

73 2191 117 2219 46.
145 2191 306 2226 Ἑπίσκεψαι
326 2191 376 2227 τὴν
398 2191 510 2227 καρδίαν
535 2200 597 2227 μου,
622 2192 669 2219 καὶ
691 2192 827 2229 πρόσχες,

42 2237 63 2262 εὶ
79 2237 116 2271 (5)
131 2237 172 2268 εἰς
187 2236 274 2264 πάντα
287 2236 416 2263 ἐπακούει
429 2245 486 2264 σου.

72 2283 115 2309 Π.
140 2283 297 2318 Ἀνόικρινον
307 2283 357 2319 τὴν
371 2284 484 2320 καρδίαν
499 2293 560 2320 μου,
572 2284 620 2312 καὶ
636 2285 766 2319 ὲπίγνωθι
778 2286 827 2318 τὰς

46 2327 201 2364 ἐνθυμήσεις
217 2338 278 2365 μου.

75 2375 116 2402 ιθ.
141 2376 196 2402 Καὶ
215 2375 262 2402 ἐὰν
285 2375 368 2412 εὕρῃς
392 2376 421 2403 ὲν
442 2377 504 2412 ἐμοὶ
526 2377 674 2414 ἐπιθυμίαν
691 2378 826 2414 πονηρὰν,

42 2421 205 2455 φυγάδευσον
218 2421 302 2457 αὐτὴν
313 2424 346 2458 τῇ
362 2423 453 2458 χάριτί
472 2432 529 2451 σου.

73 2467 115 2495 49.
129 2468 185 2495 Καὶ
198 2468 330 2504 ὸδήγησόν
344 2477 378 2504 με
394 2470 423 2495 ὲν
435 2471 469 2505 τῇ
494 2470 595 2506 αἰωνίῳ
606 2470 645 2506 (4)
658 2471 725 2506 ζωῇ.

887 1692 951 1718 tate,
963 1694 1059 1714 rursus
1072 1686 1143 1713 enim
1157 1688 1349 1712 convertentur
1361 1683 1393 1710 ad
1406 1687 1442 1711 te.

920 1733 964 1760 42.
991 1732 1046 1766 Ego
1068 1736 1158 1758 autem
1176 1737 1271 1758 omnes
1285 1730 1459 1757 adversantes
1473 1728 1582 1756 veritati
1605 1731 1668 1760 tuae,

886 1778 1010 1809 Domine,
1027 1779 1146 1805 oderam.

920 1825 964 1851 43.
987 1823 1021 1851 Et
1037 1831 1116 1858 super
1137 1822 1324 1850 inobedientes
1348 1822 1395 1849 tibi
1419 1821 1589 1849 tabescebam
1613 1828 1669 1856 pra;
1719 1825 1729 1838 '

885 1871 952 1898 zelo.
974 1870 1061 1897 Aliter
1085 1874 1176 1897 autem
1202 1869 1361 1904 intelligitur
1384 1869 1435 1896 iste
1457 1868 1610 1896 versiculus
1640 1868 1668 1895 in

884 1917 958 1944 hunc
980 1916 1092 1944 modum
1113 1922 1140 1943 et
1164 1924 1246 1951 super
1270 1917 1421 1944 contrarias
1437 1920 1585 1951 potestates
1597 1915 1669 1952 jeju-

884 1964 931 1990 nio
943 1967 969 1990 et
982 1962 1148 1990 continentia
1162 1963 1345 1991 tabescebam.

917 2008 963 2036 44.
975 2008 1068 2037 Neaue
1081 2008 1234 2036 salutabam
1251 2009 1377 2036 inimicos
1394 2008 1455 2035 [iaer
1473 2012 1534 2036 tum.

882 2102 890 2133 ξ
917 2100 962 2128 45.
977 2100 1016 2127 Ita
1031 2107 1078 2127 eos
1095 2099 1267 2127 abominatus
1284 2106 1354 2132 sum,
1367 2102 1396 2125 ut
1410 2097 1492 2126 simul
1506 2097 1557 2132 ipsi
1573 2097 1666 2125 consi-

883 2151 985 2174 sterent
997 2147 1024 2173 in
1041 2154 1094 2178 me,
1108 2150 1139 2173 ut
1152 2153 1195 2172 me
1209 2145 1373 2173 occiderent.

917 2193 962 2221 46.
981 2192 1067 2220 Visita
1080 2200 1127 2220 cor
1139 2199 1242 2224 meum,
1263 2194 1290 2218 et
1313 2190 1431 2222 attende,
1454 2190 1477 2217 si
1491 2190 1519 2217 in
1538 2189 1666 2216 omnibus

881 2239 929 2267 tibi
944 2239 1119 2273 obtemperet.

917 2285 964 2313 47.
978 2284 1100 2320 Dijudica
1122 2291 1170 2311 cor
1189 2291 1292 2317 meum,
1309 2288 1336 2311 et
1356 2289 1473 2318 agnosce
1487 2282 1666 2319 cogitationes

842 2336 864 2363 D
879 2340 973 2362 meas.,

916 2377 960 2406 48.
978 2377 1011 2405 Et
1026 2377 1050 2405 si
1065 2375 1202 2404 inveneris
1216 2375 1243 2403 in
1255 2382 1299 2403 me
1314 2376 1550 2411 concupiscentias
1566 2382 1665 2407 ma.as,

879 2425 947 2460 ejice
961 2432 1018 2457 eas,
1035 2423 1121 2458 gratia
1137 2427 1193 2449 tua.

913 2471 958 2498 49.
974 2470 1008 2497 Et
1022 2469 1111 2498 deduc
1124 2476 1169 2496 me
1185 2469 1213 2496 in
1229 2468 1312 2496 vitam
1329 2472 1470 2497 aeternam.

515 2558 671 2589 Addenda
689 2561 719 2589 et
735 2557 922 2598 corrigenda
939 2566 980 2589 ex
1002 2557 1074 2589 cod.
1089 2557 1190 2590 Vatic.

73 2652 111 2723 2!)
127 2653 313 2689 Πολεμοΰντὲς
330 2662 374 2689 με.

85 2688 112 2723 2)
131 2688 284 2716 ’Λπειθοῠσι
310 2690 367 2720 τοῖς

85 2686 112 2723 2)
131 2686 284 2716 ’Λπεὶθοῠσι
310 2686 367 2720 τοῖς
401 2686 592 2723 προστάγμασι
626 2687 824 2723 σου-ἐξετηκό-

41 2721 107 2759 per);
118 2727 184 2758 etc.,
198 2723 226 2752 δὲ
242 2724 351 2761 νοητὲον
363 2723 410 2750 τὸν
425 2721 505 2750 αὑτὸν
522 2721 626 2758 στίχον·
643 2721 700 2756 καί,
717 2727 769 2750 etc.

914 2652 953 2686 (5)
966 2653 1023 2679 Ἵνα
1037 2653 1088 2684 είς,
1103 2657 1157 2681 etc.

912 2688 950 2725 (4)
964 2688 1077 2723 Ᾱὶωνίᾳ,
1094 2693 1148 2716 etc.
