1930 3046
244 172 316 201 1187
683 165 710 192 S.
732 161 917 190 ATIIANASII
937 159 1012 188 OPP.
1036 160 1126 188 PARS
1145 158 1189 186 Ill.
1210 173 1243 178 —
1263 156 1470 185 EXEGETICA.
1807 154 1877 182 1983

291 231 326 260 In
336 231 434 266 ﬁnem:
447 228 568 256 Psalmus
583 226 674 254 David.
693 224 794 252 PSAL.
813 222 973 250 CXXXIX.
1044 225 1053 253 ,Α

1111 222 1163 253 ΕῙς
1178 219 1210 246 τὸ
1224 219 1312 251 τέλος
1329 217 1450 253 ψαλμὸς
1464 216 1504 248 τῷ
1518 216 1615 242 Δαβίδ.
1637 216 1726 242 ΨΑΛ.
1744 215 1835 242 ΡΑσῖ.

278 276 304 305 1.
321 276 401 311 Eripe
416 283 470 308 me,
489 274 611 305 Domine,
626 273 660 299 ab
677 271 789 298 homine
805 270 876 296 malo
894 280 899 297 ;

1120 267 1143 294 1.
1159 266 1265 299 Ἐξελοῦ
1280 275 1323 301 με,
1340 264 1437 300 Κύριε,
1455 263 1484 296 ἐξ
1498 262 1642 298 ανθρώπου
1659 260 1795 296 πονηροῦ·

277 323 305 351 2.
320 322 340 350 Α
356 322 414 349 viro
428 321 521 356 iniquo
532 320 607 354 eripe
625 327 677 346 me.

1116 312 1143 339 2.
1159 312 1225 338 Ἀπὸ
1243 311 1341 347 ἀνδρὸς
1358 310 1450 337 ἀδίκου
1468 308 1549 344 ῥῦσαί
1565 317 1607 344 με.

278 369 306 397 5.
321 368 373 402 Qui
385 367 571 402 cogitaverunt
587 365 744 400 iniquitates
765 365 791 390 in
809 363 909 390 corde:

1117 357 1143 384 5.
1166 357 1271 388 Οἵτινες
1288 355 1445 390 ὲλογίσαντο
1461 354 1568 381 ἀδικίαν
1581 354 1609 379 ἐν
1624 352 1723 388 καρδίᾳ
1733 361 1739 367 ·

278 415 305 442 ι.
324 396 390 442 ἷόιο
405 396 448 441 die
463 396 664 440 constituebant
682 410 784 446 prmlia.

1117 401 1144 428 4.
1153 401 1236 436 Ὅλην
1248 400 1296 436 τὴν
1312 400 1420 435 ἡμέραν
1432 398 1633 434 παρετάσσοντο
1650 396 1797 431 mia-59mg.

280 462 306 490 5.
324 461 462 488 Acueruut
480 459 585 494 linguas
596 465 661 485 suas
683 458 753 484 sicut
766 456 899 490 serpentis
914 464 920 481 :

1119 447 1145 474 5.
1159 447 1310 482 Ἦκὸνησαν
1323 446 1449 481 γλῶσσαν
1459 443 1549 471 αὐτῶν
1561 443 1628 470 ὡσεὶ
1642 443 1731 477 δφεως
1740 451 1747 458 ·

279 507 305 535 6.
320 507 460 534 Venenum
478 505 603 540 aspidum
618 504 668 531 sub
683 503 762 530 labiis
777 510 884 530 eorum.

1119 493 1146 520 6.
1160 493 1210 524 Ἰὸς
1224 493 1344 519 ἀσπίδων
1357 492 1409 518 ὑπὸ
1419 491 1454 518 τὰ
1467 491 1543 527 χείλη
1556 489 1656 516 αὐτῶν.

1119 540 1145 566 'l.
1165 538 1284 571 Φύλαξόν
1299 547 1344 574 με,
1360 538 1458 573 Κύριε,
1471 539 1504 564 ὲκ
1519 536 1609 573 χειρὸς
1622 535 1801 571 ἀμαρτωλοῦ·

1117 587 1143 615 8.
1156 585 1223 612 Ἀπὸ
1235 585 1386 622 ἀνθρώπων
1399 584 1500 612 ἀδίκων
1515 583 1608 617 ἐξελοῦ
1625 591 1658 618 pa
1669 591 1675 595 '

280 554 305 580 7.
319 552 432 580 Custodi
445 560 502 584 me,
520 551 651 582 Domine,
664 550 697 577 de
711 557 793 576 manu
809 548 959 583 peccatoris

279 599 305 627 8.
324 600 364 626 Ab
375 598 531 626 hominibus
549 597 649 632 iniquis
661 595 736 630 eripe
750 603 792 622 me
805 605 812 622 :

279 647 305 674 9.
325 645 377 679 Qui
389 645 576 680 cogitaverunt
587 643 762 678 supplantare
777 649 889 676 gressus
906 648 992 667 meos.

1119 641 1144 669 9.
1166 641 1270 672 Οἴτινες
1282 639 1466 675 διελογίσαντο
1478 638 1525 665 τοῦ
1537 639 1572 674 (α)
1585 636 1766 664 ὑποσκελίσαι
1777 635 1811 662 τὰ
1824 635 1881 661 δια-

1084 686 1117 722 δή
1123 686 1195 722 ματά
1209 695 1270 721 μου.

280 734 322 762 10.
340 734 545 762 Absconderunt
561 733 670 768 superbi
688 733 814 767 laqueum
832 731 909 758 mihi.

1122 733 1165 759 10.
1177 731 1318 767 Ἐκρυψαν
1331 731 1501 766 ὑπερήφανοι
1520 729 1622 765 παγίδα.
1637 738 1698 764 μοι·

283 781 326 808 11.
343 779 809 814 Etfunibusextenderuntlaqueum
822 778 937 813 pedibus
949 777 1030 805 meis:

1126 777 1169 804 11.
1190 778 1246 804 Καὶ
1262 778 1389 812 σχοινίοις
1402 777 1532 804 διέτειναν
1546 777 1647 810 παγίδα
1662 778 1719 808 τοῖς
1736 776 1800 802 ποσί
1814 784 1861 811 μου
1872 784 1878 790 ·

282 826 325 852 12.
341 825 421 852 Juxta
435 826 485 853 iter
499 825 626 852 scandala
649 829 799 859 posuerunt
815 823 891 850 mihi.

1124 823 1167 850 12.
1182 823 1313 858 Ἐχόμενα
1325 823 1418 859 τρίϐου
1436 823 1570 850 σκάνδαλα
1586 823 1677 849 ἕθεντό
1696 831 1751 858 μοι.

285 884 321 919 (ιι)
338 883 413 911 Vers.
429 884 455 910 5.
474 883 579 915 Omnel,
593 887 644 910 etc.
657 883 672 917 ᾖ
686 881 713 909 4.
727 882 790 915 Qui,
805 886 871 913 cte.,
887 885 911 908 el
927 880 966 908 sic
981 879 1120 915 deinceps,
1135 879 1162 906 Ιι.
1175 888 1198 906 e.
1214 887 1287 907 vers.
1308 879 1335 906 in
1351 880 1412 907 cod.
1427 878 1487 906 Vat.
1501 884 1564 906 sunt
1578 887 1605 906 n.
1619 879 1646 906 8.

806 961 992 989 ATHANXSII
1023 961 1322 991 INTERPRETATIO.

287 1042 319 1070 Ἦ
335 1043 503 1078 προκειμένη
518 1041 657 1077 ἐπιγραφὴ
671 1040 791 1077 περιέχει
806 1040 855 1075 (Ι)’
871 1042 924 1074 Εἷς
938 1040 970 1067 τὸ
986 1040 1074 1074 τέλος
1087 1041 1128 1073 τῷ
1141 1041 1231 1068 Δαϐὶδ
1245 1041 1378 1076 ψαλμὸς,
1395 1041 1465 1076 ὅπερ
1482 1041 1662 1077 ἑρμηνεύεται
1683 1039 1750 1075 περὶ
1768 1039 1825 1066 τῶν
1843 1040 1884 1066 ἐπὶ

249 1089 388 1124 συντελείᾳ
404 1087 458 1114 τῶν
473 1087 578 1114 αἰώνων
594 1086 743 1122 μελλόντων
765 1085 874 1112 ἔσεσθαι
899 1087 956 1118 τοῖς
977 1086 1188 1122 ἀνθισταμένοις
1204 1088 1237 1122 τῇ
1255 1086 1381 1122 ἀληθείᾳ,
1397 1087 1444 1114 καὶ
1457 1088 1520 1123 περὶ
1534 1088 1583 1122 τῆς
1599 1085 1814 1123 μισθαποδοσίας
1837 1086 1885 1112 τῶν

249 1138 333 1172 ἁγίων
357 1137 463 1173 εἴρηται
484 1135 592 1171 ψαλμὸς
612 1135 653 1168 τῷ
677 1133 769 1166 ικανῷ
786 1133 823 1168 τῇ
842 1134 927 1169 χειρὶ,
940 1134 1081 1161 τουτέστιν
1095 1134 1134 1170 τῷ
1149 1135 1208 1170 Υίῷ
1218 1134 1267 1162 τοῦ
1279 1134 1347 1162 Θεοῦ
1358 1144 1364 1150 ·
1378 1134 1458 1162 τοῦτο
1469 1136 1524 1170 γὰρ
1541 1135 1723 1171 ἑρμηνεύεται
1738 1134 1840 1166 Δαόὶδ,
1852 1135 1885 1162 ὡς

250 1184 380 1216 πολλάκις
396 1184 558 1219 εἰρήκαμεν.
1604 1187 1609 1191 ,

289 1243 397 1271 Titulus
414 1243 578 1278 pra-positus
595 1241 716 1269 continet
731 1250 737 1268 :
757 1240 790 1268 In
805 1241 884 1276 ﬁnem
894 1242 1015 1276 psalmus
1031 1241 1130 1275 David,
1146 1243 1220 1277 quod
1235 1242 1430 1276 interpretatur
1465 1243 1499 1270 de
1528 1242 1572 1274 iis,
1587 1249 1648 1277 quin
1663 1241 1690 1269 in
1707 1241 1763 1269 ﬁne
1777 1241 1886 1269 saeculo-

248 1298 312 1317 rmn
329 1290 420 1317 futura
434 1294 500 1316 sunt
516 1289 582 1320 illis,
600 1287 647 1321 qui
663 1287 798 1314 resistunt
814 1289 932 1320 veritati,
946 1293 973 1315 ct
989 1289 1022 1316 de
1034 1289 1215 1317 retributione
1232 1293 1408 1317 sanctorum:
1424 1290 1514 1316 dictus
1528 1294 1570 1316 est
1584 1289 1706 1323 psalmus
1722 1297 1805 1315 manu
1817 1288 1885 1322 (orti,

250 1337 302 1364 hoc
316 1341 357 1364 est
372 1336 419 1363 Dei
436 1336 515 1368 Filio,
529 1336 566 1363 ita
582 1336 655 1363 enim
670 1335 865 1368 interpretatur
881 1334 976 1366 David,
989 1340 1020 1362 ut
1032 1335 1136 1370 pluries
1147 1336 1279 1363 diximus.

287 1415 313 1440 1.
332 1413 428 1440 Libera
445 1420 505 1444 me,
521 1412 633 1438 Domine
644 1432 652 1445 ,
668 1411 702 1439 ab
716 1412 762 1444 iis,
780 1412 827 1447 qui
845 1413 963 1448 speciem
977 1415 1040 1448 qui-

1128 1415 1154 1443 1.
1175 1415 1320 1451 Λύτρωσαί
1332 1424 1376 1450 με,
1391 1414 1489 1449 Κύριε,
1502 1415 1534 1441 ἐκ
1545 1414 1599 1441 τῶν
1614 1413 1732 1449 ἐχόντων
1750 1414 1886 1450 μόρφωσιν

251 1461 311 1488 dem
328 1460 428 1486 habent
443 1459 630 1493 pietatis,ejus
643 1463 735 1485 autem
750 1458 886 1494 denegaat
897 1459 1013 1488 virtutem

1105 1461 1144 1488 ιὲν
1157 1461 1308 1494 εὐσεϐείας,
1324 1461 1373 1496 τὴν
1385 1460 1413 1487 δὲ
1427 1460 1541 1496 δύναμιν
1555 1459 1640 1494 αὐτῆς
1652 1459 1806 1495 ἠρνημένοι
1824 1459 1867 1492 (Ξ).

288 1507 314 1533 Ξ.
332 1506 374 1533 Ab
387 1505 461 1532 omni
479 1504 555 1536 viro,
573 1505 621 1540 qui
644 1509 767 1534 armatus
790 1509 833 1534 est
855 1510 952 1534 contra
968 1507 1043 1534 veri-

1129 1508 1155 1535 2.
1167 1508 1233 1535 Ἀπὸ
1249 1508 1349 1539 παντὸς
1363 1507 1541 1542 ὁπλιζομένου
1551 1506 1621 1533 κατὰ
1634 1506 1685 1537 τῆς
1697 1506 1832 1541 ἀληθείας
1843 1506 1886 1540 (5)-

253 1558 345 1581 ιιιῑεηι.

289 1599 316 1626 3.
333 1599 384 1632 Qui
397 1598 600 1626 simulationem
616 1597 718 1626 habent
732 1598 759 1626 in
774 1607 804 1627 se
819 1599 898 1635 ipsis.

1130 1599 1156 1625 5.
1178 1597 1282 1630 Οἶτινες
1292 1597 1341 1633 τὴν
1353 1597 1498 1633 ὑπόκρισιν
1516 1596 1622 1632 ἔχουσιν
1636 1597 1665 1622 ὲν
1680 1596 1800 1628 ἑαυτοῖς.

290 1645 315 1672 ι.
335 1644 448 1679 Semper
463 1643 556 1671 festini
567 1648 631 1671 sunt
642 1644 675 1671 ad
692 1643 858 1672 fundendum
868 1646 1040 1681 sanguinem.

1131 1645 1157 1672 1.
1168 1644 1360 1676 ’Δδιαλεῐπτως
1373 1643 1478 1678 ταχινοί
1492 1644 1546 1670 εισι
1558 1642 1605 1669 τοῦ
1617 1642 1711 1677 ἐκχέαι
1727 1639 1810 1676 αἷμα.

291 1690 316 1719 5.
336 1690 477 1724 Decipiunt
504 1689 584 1717 bonis
612 1689 640 1716 in
668 1690 785 1724 speciem
803 1692 990 1725 sermonibus,
1015 1697 1043 1720 et

1132 1691 1157 1719 5.
1177 1691 1226 1718 Διὰ
1243 1691 1292 1727 τῆς
1304 1690 1499 1726 χρηστολογίας
1513 1690 1560 1716 καὶ
1571 1689 1695 1723 εὐλογίας
1706 1688 1833 1716 ἀπατῶσι
1843 1687 1889 1720 τὰς

254 1738 324 1766 ﬁctis
346 1736 470 1764 laudibus
489 1735 597 1763 animas
619 1735 795 1770 simplicium,
812 1738 1014 1773 quemadmodu

1125 1737 1184 1772 ιχὰς
1199 1740 1252 1763 τῶν
1264 1736 1386 1768 ἀκάκων,
1405 1735 1498 1771 ὥσπερ
1515 1737 1530 1762 ὁ
1545 1735 1606 1771 δφις
1620 1735 1665 1761 διὰ
1680 1735 1735 1761 τῶν
1745 1735 1833 1769 λόγων
1843 1735 1887 1760 σὺν

254 1791 366 1818 serpens
380 1781 553 1809 sermonibus
570 1781 627 1809 suis
635 1781 719 1808 Evam
733 1782 852 1818 decepit.

663 1789 719 1808 vam
733 1782 852 1818 decepit.
1096 1783 1143 1810 τοῦ
1158 1783 1230 1810 Εὕαν
1245 1783 1425 1819 ἐξηπάτησεν.

291 1829 317 1856 6.
331 1828 458 1856 Doctrina
473 1835 567 1855 eorum
581 1848 588 1860 ,
612 1831 639 1856 et
660 1829 811 1857 admonitio
832 1829 976 1858 mortifera
991 1836 1044 1864 est,

1132 1830 1159 1857 6.
1173 1830 1206 1857 Ἠ
1225 1830 1386 1857 διδασκαλία
1399 1829 1489 1856 αὐτῶν
1501 1829 1549 1856 καὶ
1563 1830 1580 1864 ἡ
1595 1828 1722 1854 νουθεσία
1738 1827 1887 1862 θανατηςό-

255 1875 338 1903 veluti
356 1882 489 1902 venenum
504 1874 618 1909 aspidis.

1098 1886 1144 1914 ρος
1161 1876 1300 1911 τυγχάνει,
1319 1876 1357 1908 ὡς
1372 1877 1386 1902 ὁ
1403 1876 1441 1908 ἰὸς
1457 1875 1508 1910 τῆς
1521 1875 1643 1906 ἀσπίδος.

292 1921 317 1948 7.
334 1921 375 1948 Ab
392 1921 550 1955 huiusmodi
568 1920 727 1948 hominibus
741 1921 849 1949 custodi
867 1929 928 1954 me,
951 1921 1046 1950 Domi-

1133 1923 1159 1950 7.
1173 1923 1293 1956 Φύλαξόν
1312 1931 1355 1958 με,
1376 1922 1473 1957 Κύριε,
1488 1922 1520 1947 ὲκ
1533 1920 1587 1947 τῶν
1605 1921 1744 1951 τοιούτων,
1771 1920 1811 1946 δτι
1833 1919 1888 1953 χεὶρ

256 1976 300 2000 ne,
315 1967 443 2003 quoniam
461 1975 557 1994 manus
573 1967 675 1995 diaboli
696 1972 770 1995 sunt.

714 1972 770 1995 unt.
1098 1969 1145 1996 τοῦ
1162 1969 1285 1996 διαϐόλου
1300 1968 1476 2004 ὑπάρχουσιν.

293 2013 320 2041 8.
337 2013 415 2048 Eripe
427 2020 470 2040 me
485 2012 519 2039 ab
535 2013 692 2041 hominibus
704 2014 890 2042 deninentibus
901 2015 1045 2051 veritatem

1135 2017 1161 2044 8.
1181 2016 1248 2042 Ἀπὸ
1268 2014 1420 2051 ἀνθρώπων
1445 2013 1499 2040 τῶν
1525 2013 1574 2048 τὴν
1591 2011 1721 2044 ἀλήθειαν
1751 2013 1781 2038 ἐν
1804 2010 1888 2044 ἀδικίᾳ.

257 2060 284 2087 in
299 2060 432 2095 injuslitia
445 2060 465 2087 ⁸.

1100 2063 1268 2098 κατεχόντων
1285 2060 1376 2095 ἐξελοῦ
1390 2069 1433 2096 με.

292 2106 318 2134 9.
336 2106 388 2139 Qui
408 2106 529 2133 meditati
548 2110 611 2133 sunt
634 2106 828 2140 persuasibiles
849 2115 991 2135 sermones
1012 2108 1046 2135 ad

1135 2110 1162 2138 9.
1179 2109 1283 2141 Οἴτινες
1306 2109 1453 2143 ὲσκέχαντο
1475 2106 1514 2142 (1)
1537 2105 1722 2140 πιθανότητας
1737 2105 1825 2138 λόγων
1840 2103 1888 2130 ἀπο

258 2152 443 2180 deducendum
462 2159 504 2179 me
520 2160 534 2179 τι
547 2151 649 2179 (ἶίιτίεῑί
663 2152 724 2179 ίίάθ·
1097 2157 1145 2185 τοῦ
1159 2157 1328 2191 καταγαγεῖν
1341 2164 1374 2191 με
1387 2154 1440 2181 ἀπὸ
1457 2154 1506 2189 τῆς
1525 2154 1565 2184 εἰς
1581 2153 1697 2188 Χριστὸν
1714 2152 1842 2183 πίστεως.

295 2199 338 2225 10.
357 2198 597 2234 Congregaverunt
620 2199 673 2226 sibi
694 2199 771 2234 ipsis,
799 2200 845 2233 qui
869 2199 917 2227 Dei
941 2201 1050 2228 veritati

1137 2201 1180 2230 10.
1197 2202 1353 2236 Συνήγαγον
1368 2199 1481 2230 ἑαυτοὺς
1493 2197 1622 2234 [ἑαυτοῖς]
1638 2197 1677 2233 (5)
1692 2198 1716 2223 οἱ
1733 2198 1766 2232 τῇ
1782 2196 1889 2232 ἀληθεία

259 2244 400 2278 resistunt,
418 2252 560 2272 sermones
588 2245 722 2280 quosdam
752 2245 902 2280 captiosos,
928 2246 1020 2273 volent

1128 2248 1147 2275 ιῦ
1163 2247 1230 2275 Θεοῦ
1244 2246 1435 2282 ἀνθιστάμενοι
1457 2245 1553 2279 λόγους
1565 2243 1643 2276 τινὰς
1662 2243 1830 2280 ζητημάτων
1843 2251 1890 2268 πα-

260 2297 304 2316 me
322 2290 481 2324 illaqueare.

1103 2293 1223 2328 γιδεῦσαι
1237 2301 1271 2328 με
1287 2292 1416 2322 θέλοντες.

298 2334 340 2362 11.
360 2334 394 2361 Ει
406 2343 493 2363 nexus
509 2335 644 2371 quosdam
669 2343 784 2368 eorum,
805 2337 851 2371 qui
877 2337 904 2364 in
926 2344 1054 2365 sermone

1144 2340 1186 2366 11.
1200 2340 1255 2366 Καὶ
1271 2338 1372 2369 πλοκὰς
1386 2345 1462 2368 τινας
1480 2336 1517 2371 (ὓ)
1532 2336 1586 2363 τῶν
1605 2336 1831 2372 διεστραμμένων
1845 2335 1888 2362 αὺ-

262 2388 313 2407 suo
331 2381 448 2414 perversi
462 2385 535 2413 sunt,
554 2381 587 2408 ad
599 2381 886 2416 comprehendendum
905 2390 949 2410 me
965 2388 1024 2411 tetel

1104 2385 1158 2412 τῶν
1170 2385 1255 2419 λόγων
1272 2383 1446 2420 προσέτεινάν
1462 2391 1506 2418 μοι
1522 2383 1568 2409 ἐπὶ
1581 2382 1612 2409 τὸ
1625 2382 1757 2409 λαὸέσθαί
1770 2391 1830 2418 μου.

262 2427 361 2453 derunt
371 2426 450 2453 mihi.

299 2472 343 2499 12.
361 2472 393 2499 Et
409 2473 573 2507 quaestiones
595 2473 729 2509 quasdam
749 2474 864 2507 noxias,
893 2479 920 2502 et
941 2475 1053 2503 inutiles

1140 2476 1183 2502 12.
1211 2476 1264 2502 Καὶ
1288 2474 1417 2510 ζητήσεις
1438 2474 1514 2506 τινὰς
1531 2473 1664 2510 βλαϐερὰς
1681 2473 1729 2500 καὶ
1749 2472 1887 2507 ἀνωφελεῖς

263 2519 416 2553 injecerunt
428 2518 505 2546 mihi.

1106 2521 1303 2557 προσεϐάλοντό
1317 2521 1354 2556 (7)
1373 2529 1427 2556 μοι.

299 2601 308 2616 ⁸
322 2600 399 2628 Rom.
414 2609 422 2629 ι
447 2600 490 2628 18.

743 2681 895 2713 Addenda
919 2686 950 2713 et
966 2681 1155 2721 corrigenda
1179 2689 1219 2711 ex
1235 2680 1304 2711 cod.
1318 2680 1418 2711 Vatic.

303 2766 341 2837 21)
353 2765 385 2793 Ἦ
397 2766 441 2793 διὰ
452 2767 503 2802 τῆς
514 2767 698 2803 κινναὸἀρεως
711 2776 842 2803 περιεχει,
863 2772 916 2794 etc.
1144 2769 1182 2801 (5)
1193 2769 1238 2794 Ἐν
1254 2769 1370 2800 ὲαυτοις,
1386 2771 1438 2796 etc.

313 2801 340 2834 2)
350 2802 536 2837 Ἦρνημένων.
1145 2804 1181 2837 (6)
1202 2803 1282 2835 Τινὰς
1296 2803 1518 2837 διεστραμμένων
1532 2803 1619 2831 αὐτῶν
1631 2803 1719 2836 λόγων
1739 2798 1884 2837 προέτεινάν

334 2801 536 2862 )Ἦρνημένων.
631 2801 636 2803 ’
748 2801 753 2803 ⁷
790 2801 806 2803 ’7

334 2838 503 2874 )ᾏ-ηθείας,
523 2838 602 2874 ῥῦσαί
617 2847 660 2874 με.

1145 2804 1181 2838 (6)
1202 2803 1282 2835 Τινὰς
1296 2803 1518 2838 διεστραμμένων
1532 2803 1619 2831 αὐτῶν
1631 2803 1719 2836 λόγων
1739 2801 1855 2837 προέτειν

1110 2849 1154 2874 μοι
1167 2839 1212 2864 ἐπὶ
1226 2839 1256 2865 τὸ
1269 2838 1397 2865 λαϐέσθαι
1413 2847 1468 2873 μοι.

303 2838 341 2906 (5;
354 2838 503 2879 Ἀληθείας,
523 2838 602 2874 ῥῦσαί
617 2847 660 2874 με.
1110 2849 1154 2874 μοι
1167 2839 1212 2864 ἐπὶ
1226 2839 1256 2865 τὸ
1269 2838 1397 2865 λαϐέσθαι
1413 2847 1456 2873 μοι

251 2905 253 2908 ν
305 2871 331 2906 (4
351 2872 515 2907 Ἐψευσαντο
526 2874 704 2906 πιθανόττινάς
717 2883 792 2906 τινας
807 2874 902 2908 λόγων,
921 2877 973 2902 etc.
1144 2874 1181 2909 (Ἰ)
1202 2874 1384 2910 Προεῧάλοντό
1403 2882 1456 2909 μοι.
