1930 3046
41 171 54 197 1
59 169 120 198 293

80 231 110 257 9.
126 228 181 256 Τοῦ
197 228 410 265 προφασίζεσθαι
424 228 571 264 προφάσεις
588 229 616 255 ὲν
627 229 782 265 ἁμαρτίαις,

81 275 129 302 10.
145 275 198 301 Σὺν
209 275 362 310 ἀνθρώποις
374 275 566 310 ἐργαζομένοις
576 275 625 309 τὴν
641 275 754 310 ἀνομίαν
764 283 771 290 ·

83 322 114 349 11
123 342 129 348 .
141 323 196 348 Καὶ
206 322 235 347 οὺ
251 321 287 356 μὴ
301 321 438 347 συνδυάσω
448 320 576 355 μετὰτῶν
585 320 720 347 ἐκλεκτῶν
731 319 830 348 αὐτῶν.

81 367 128 394 12.
144 365 286 393 Παιδεὺσει
305 375 338 401 με
357 365 459 397 δίκαιος
469 367 498 392 ὲν
514 366 592 397 ἐλέει,
606 366 652 392 καὶ
663 366 765 399 ἐλέγξει
781 372 830 401 με·

83 453 127 481 15.
147 454 257 481 Ἐλαιον
269 453 298 480 δὲ
315 453 476 490 ἁμαρτωλοῦ
495 454 532 490 μὴ
554 454 692 481 λιπανάτω
712 453 761 488 τὴν
785 462 832 480 κε-

45 501 142 536 φαλήν,
151 509 202 535 μου
212 509 219 515 ·

82 545 128 572 11.
144 544 206 571 Ὀτι
222 543 262 570 ἔτι
274 543 321 571 καὶ
335 544 352 580 ἠ
366 544 502 580 προσευχὴ
519 552 569 579 μου
582 544 611 570 ‘ev
624 545 684 575 ταῖς
698 543 830 575 εὐδοκίαις

45 590 146 617 αὐτῶν.

81 635 125 663 15.
140 635 335 672 Κατεπόθησαν
347 635 463 671 ἐχόμενα
477 635 579 671 πέτρας
587 636 611 662 οἱ
627 635 717 672 κριταὶ
730 635 827 662 αὐτῶν·

82 681 127 709 16.
149 681 320 708 ’Ᾱκούσονται
336 681 371 708 τὰ
385 681 496 717 ῥήματά
513 689 575 716 μου,
589 681 631 707 ὅτι
647 681 827 717 ἠδυνήθησαν.

80 726 124 753 17.
143 725 216 752 Ὠσεὶ
230 725 316 760 πάχος
331 725 382 761 γῆς
396 726 500 761 ὲρῤάγη
516 725 561 752 ἐπὶ
577 725 627 761 τῆς
643 726 693 761 γῆς
703 734 710 741 ·

80 815 125 842 18.
141 814 339 850 Διεσκορπίσθη
349 814 384 841 τὰ
400 814 467 842 ὀστᾶ
480 814 569 841 αὐτῶν
588 814 663 850 παρὰ
672 814 717 840 τὺν
734 814 810 850 ᾅδην.

80 858 126 885 19.
142 858 202 884 Ὅτι
220 858 288 892 πρὸς
305 858 345 889 σὲ,
361 858 458 893 Κύριε,
469 859 565 894 Κύριε,
580 859 604 885 οἱ
619 858 751 894 ὀφθαλμοί
765 868 826 894 μου,

78 903 124 930 20.
146 903 206 930 Ἐπὶ
218 904 258 930 σοὶ
270 903 381 940 ἡλπισα,
397 904 433 939 μὴ
445 904 592 940 ἀντανέλῃς
604 904 653 938 τὴν
660 904 750 940 ψυχήν
764 913 825 940 μου.
843 895 864 922 Β

79 947 124 975 2|.
140 947 257 980 Φύλαξόν
268 957 300 984 με
314 948 368 975 ἀπὸ
379 949 499 982 παγίδος,
514 946 548 985 ἦς
559 949 757 984 συνεστήσαντό
770 958 825 985 μοι,

77 994 124 1022 22.
140 995 194 1022 Καὶ
207 995 261 1022 ἀπὸ
275 995 429 1023 σκανδάλων
439 995 493 1022 τῶν
502 995 690 1031 ἐργαζομένων
702 996 750 1031 τὴν
763 997 825 1024 ἀνο-

44 1039 124 1113 “ﬁgi.
131 1085 278 1113 Πεσοῦνται
285 1086 313 1113 ὲν
323 1086 478 1122 ἀμφιϐλήστ
481 1095 520 1122 ρῳ
526 1086 614 1113 αὐτῶν
621 1087 645 1113 οί
653 1086 820 1122 ἁμαρτωλοί·

505 168 550 196 DE
568 167 706 197 TlTULlS
723 167 946 198 PSALMORUM.
958 186 993 191 —
1010 170 1108 200 PSAL.
1128 173 1207 203 CXL.

1590 183 1659 213 1291

848 230 872 258 Α
918 229 945 257 9.
963 230 1003 258 Ad
1020 232 1189 260 excusandas
1203 228 1391 264 excusationes
1402 237 1428 265 in
1442 240 1571 273 peccatis,

917 275 961 303 10.
977 275 1045 303 Cum
1060 277 1216 306 hominibus
1231 283 1407 314 operantibus
1420 284 1591 320 iniquitatem
1604 295 1611 314 :

917 321 961 348 11.
977 321 1010 348 Ει
1028 330 1082 349 non
1097 326 1303 353 communicabo
1315 334 1376 354 cum
1387 328 1479 357 electis
1492 338 1596 359 eorum.

916 366 959 393 12.
978 367 1112 403 Corripiet
1125 377 1168 397 me
1177 370 1268 405 justus
1282 372 1310 400 in
1323 374 1521 410 misericordia,
1534 379 1659 408 etincre—

880 411 955 446 pabit
968 420 1011 440 me
1024 423 1031 440 :

917 457 960 484 15.
974 458 1069 487 Oleum
1081 465 1171 489 autem
1183 464 1334 497 peccatoris
1345 473 1399 492 non
1412 466 1561 503 impinguet
1577 475 1659 505 caput

880 510 968 530 meum
983 513 991 531 Σ

913 547 956 575 14.
973 548 1105 581 Quoniam
1122 552 1210 581 adhuc
1226 559 1253 582 et
1265 556 1352 583 oratio
1368 565 1427 585 mea
1441 558 1468 586 in
1481 559 1658 596 beneplacitis

879 600 984 621 eorum.

915 638 960 667 15.
977 638 1104 675 Absorpti
1122 648 1185 670 sunt
1198 643 1284 678 juncti
1295 649 1378 680 petra:
1390 647 1496 681 judices
1515 658 1611 680 eorum
1626 660 1633 679 :

913 683 958 711 16.
973 684 1092 714 Audient
1106 688 1188 716 verba
1205 697 1274 724 mea,
1287 693 1415 727 quoniam
1427 700 1585 729 potuerunt.

914 729 958 757 17.
973 730 1049 760 Sicut
1061 735 1213 763 crassitudo
1230 742 1307 765 terra
1318 739 1440 776 disrupta
1455 746 1498 770 est
1511 751 1592 779 super
1603 749 1657 773 ter-

878 783 936 802 ram
953 786 959 803 Ζ

914 821 956 848 18.
970 821 1103 858 Dissipata
1119 831 1182 854 sunt
1201 835 1263 856 ossa
1274 834 1366 859 nostra
1385 839 1464 861 secus
1479 835 1628 865 infernum.

914 867 956 894 19.
970 867 1038 900 Quia
1051 870 1083 898 ad
1099 875 1135 905 te,
1146 872 1270 908 Domine,
1280 875 1403 911 Domine,
1421 881 1491 908 oculi
1506 883 1569 915 mei,

913 911 958 940 20.
971 912 999 940 In
1015 918 1041 942 te
1054 918 1171 952 speravi,
1188 927 1242 947 non
1255 922 1363 951 auferas
1376 925 1492 954 animam
1505 935 1604 957 meam.

971 958 1085 1010 Eustodi
1101 970 1144 990 me
1159 972 1174 992 a
1186 965 1294 1001 laqueo,
1309 976 1389 1004 quem
1407 975 1559 1002 statuerunt
1577 975 1654 1010 mihi,

913 1001 956 1029 22.
969 1003 1001 1031 Et
1011 1012 1025 1032 a
1042 1008 1177 1037 scandalis
1195 1001 1362 1046 operantium
1375 1001 1556 1052 iniquitatem;

910 1088 953 1117 25.
967 1089 1069 1121 Cadent
1083 1094 1110 1122 in
1123 1096 1253 1126 retiaculo
1271 1101 1330 1136 ejus
1341 1109 1514 1138 peccatores:

600 1150 785 1178 ATHANASII
804 1150 1098 1188 iNTERPRETATlO.

75 1199 102 1226 9.
119 1198 172 1226 Τοῦ
208 1200 339 1226 συπιθεῖν
362 1208 437 1231 τινας
468 1199 594 1236 ἀφορμὰς
625 1199 714 1226 ἔθελον
747 1199 824 1226 εὐλό-

41 1252 107 1278 γους
127 1243 174 1279 (ι)-

77 1290 122 1316 10.
139 1290 215 1316 Μετὰ
231 1290 382 1327 ἀνθρώπων
397 1290 451 1317 τῶν
469 1290 505 1326 μὴ
519 1290 687 1326 πειθομένων
702 1290 739 1325 τῷ
750 1291 825 1326 νόμῳ

43 1343 99 1366 σου,
110 1335 166 1362 ἀλλ’
182 1336 288 1370 ἀφόὸως
303 1337 415 1368 ἑαυτοὺς
431 1337 628 1372 ποιμαινόντων
640 1345 647 1351 ·

78 1381 121 1408 11.
137 1381 191 1408 Καὶ
207 1382 237 1407 οὺ
254 1382 291 1417 μὴ
306 1382 434 1418 σύνθομαι
450 1382 499 1418 τὴν
515 1383 687 1410 διδασκαλίαν
710 1383 764 1410 τῶν
785 1383 822 1419 (2)

42 1427 137 1462 ἱερέων
150 1427 248 1454 αὐτῶν.

77 1472 122 1498 12.
136 1471 276 1498 Παιδεύσει
294 1480 327 1507 με
341 1473 395 1504 πᾶς
410 1473 494 1499 ποιῶν
511 1473 561 1508 τὴν
576 1473 759 1509 δικαιοσύνην,
777 1474 824 1500 καὶ

40 1516 128 1543 λαλῶν
145 1516 275 1552 ἀλήθειαν
289 1517 318 1543 ὲν
333 1517 496 1553 σπλάγχνοις
512 1518 640 1553 Χριστοῦ,
653 1519 699 1545 καὶ
709 1518 824 1554 ἐπιπλή-

44 1562 85 1594 ξει
102 1571 157 1598 μοι.

77 1608 119 1635 15.
142 1608 174 1635 Ἢ
186 1609 213 1635 δὲ
239 1609 344 1644 ἀγάπη,
360 1609 407 1635 καὶ
426 1610 442 1644 ἡ
458 1609 497 1644 (5)
512 1608 626 1636 κολακία
651 1609 704 1636 τῶν
720 1609 823 1645 ἐχθρῶν

39 1653 88 1688 τῆς
101 1653 228 1689 ἀληθείας
245 1655 282 1690 μὴ
300 1655 443 1689 πλησιάσει
456 1656 489 1691 τῇ
504 1655 610 1690 διανοίᾳ
628 1663 689 1690 μου.

74 1699 118 1726 11.
131 1700 242 1727 Ὂτιδιὰ
256 1701 361 1727 πάντων
375 1700 453 1727 τοῦτο
463 1700 500 1736 (1)
513 1701 710 1737 προσεύχομαι,
723 1701 754 1728 τὺ
765 1702 822 1733 τοῖς

41 1744 125 1779 ἴχνεσι
141 1745 194 1771 τῶν
206 1746 290 1779 ἁγίων
302 1746 489 1781 ἀκολουθῆναι.

76 1791 118 1818 15.
149 1791 337 1828 Ἀνηλώθησαν
364 1792 401 1827 (5)
432 1792 659 1827 καταλειφθέντες
691 1793 743 1820 ὑπὸ
768 1792 822 1820 τῶν

39 1837 124 1870 ἁγίων
136 1837 161 1863 οί
175 1837 305 1872 ἄρχοντες
320 1837 374 1864 τῶν
389 1838 504 1864 ἀσεϐῶν.

74 1881 117 1908 16.
135 1882 249 1916 ’ίσχύσει
269 1883 286 1917 ἡ
304 1883 341 1917 (6)
365 1883 455 1918 δέησίς
477 1891 528 1918 μου
552 1883 668 1911 ἐνώπιόν
692 1893 749 1918 σου,
776 1884 822 1912 καὶ

38 1927 209 1963 πληρωθήτω
222 1928 292 1964 ἅπερ
303 1929 447 1964 ᾐτησάμην
462 1937 502 1956 σε.

74 1973 117 2000 17.
134 1972 211 2000 Εἶδον
228 1973 274 2000 τδν
295 1975 416 2002 Σατανᾶν
432 1975 548 2002 πεσόντα
570 1976 603 2003 ὲκ
626 1975 672 2002 τοῦ
694 1976 819 2012 οὐρανοῦ,

38 2019 85 2045 καὶ
104 2019 279 2054 συντριϐέντα
298 2019 362 2046 ὡσεὶ
381 2019 452 2055 βόλιν
466 2020 503 2054 (7)
518 2021 579 2056 γῆς.

73 2064 116 2091 18.
136 2065 214 2092 Πᾶσα
228 2066 244 2100 ἡ
264 2067 339 2100 ἰσχὺς
355 2066 445 2092 αὐτῶν
459 2066 592 2102 διεφθάρη
610 2067 639 2095 ἐν
653 2069 713 2101 ταῖς
725 2069 820 2096 ἐπιθυ-

39 2110 114 2144 μίαις
126 2110 173 2137 τοῦ
191 2111 317 2138 θανάτου.

74 2155 116 2183 19.
129 2156 190 2183 Ὅτι
200 2156 267 2191 πρὸς
282 2157 321 2189 σὲ,
338 2157 434 2193 Κύριε,
449 2158 472 2184 οἱ
487 2157 622 2194 ὀφθαλμοὶ
638 2159 687 2195 τῆς
699 2160 818 2194 διανοίας

39 2211 89 2237 μου
103 2202 311 2238 ἀνατεταγμένοι
326 2204 503 2239 ὑπάρχουσιν.

72 2248 116 2276 '20.
141 2249 202 2275 Ἐπὶ
218 2250 258 2276 σοὶ
268 2250 378 2285 ἤλπισα.
396 2250 432 2287 μὴ
444 2251 590 2288 ἀντανέλῃς
603 2252 652 2287 τὴν
674 2253 752 2289 χάριν
773 2263 818 2282 σου

37 2295 85 2330 τὴν
100 2295 266 2322 συνιστῶσαν
282 2296 332 2332 τὴν
343 2296 431 2332 ψυχήν
449 2306 509 2332 μου.

71 2340 115 2367 2|.
133 2339 250 2372 Φύλαξόν
265 2350 298 2376 με
310 2342 363 2380 aut
381 2342 472 2378 πάσης
488 2343 577 2370 αὐτῶν
592 2345 764 2377 διδασκαλίας
777 2354 820 2373 νο-

39 2386 183 2422 μιζόμενον
206 2387 244 2421 (8)
270 2387 340 2422 ἔχειν
355 2388 414 2414 τινὰ
434 2389 536 2424 τροφὴν
546 2391 578 2425 τῇ
595 2390 678 2426 ψυχῇ,
693 2391 722 2418 ὲν
737 2392 818 2428 ἑαυτῇ

37 2431 117 2467 οῧτης
129 2431 156 2458 δὲ
174 2432 326 2468 συλλήᾲεως
339 2434 378 2465 είς
394 2433 517 2460 Θάνατον.

71 2475 115 2502 2‘2.
133 2476 186 2502 Kal
198 2477 252 2503 ἀπὸ
264 2477 318 2504 τῶν
330 2477 464 2513 δαιμόνων
490 2479 545 2507 τῶν
574 2481 753 2509 ὑποτιθέντων
770 2491 815 2518 μοι

36 2523 84 2555 τὰς
98 2523 192 2558 ἡδονὰς
206 2523 251 2550 τοῦ
263 2523 331 2558 βίου.

70 2568 114 2595 25.
131 2568 319 2603 Συλληφθῶσιν
333 2570 362 2596 ὲν
376 2571 436 2602 ταῖς
452 2571 568 2604 ἀπάταις
585 2573 623 2608 (9)
648 2574 696 2601 τοῦ
719 2574 775 2609 βίου
789 2576 814 2602 οξ

37 2614 65 2640 ὲν
75 2614 114 2650 τῷ
130 2614 331 2649 πελάγειαὺτοῦ
345 2616 496 2651 διάγοντες.

911 1203 936 1230 9.
954 1204 994 1232 Ad
1006 1207 1111 1242 aliquos
1121 1212 1257 1245 speciosos
1275 1220 1420 1249 praeteritus
1438 1223 1652 1256 componendos.

910 1283 952 1310 l0.
1069 1288 1224 1319 hominibus
1252 1300 1306 1321 non
1329 1294 1578 1332 obtemperantibus
1600 1302 1653 1339 legi

876 1332 939 1362 tum,
955 1332 1002 1358 sed
1015 1332 1072 1360 sine
1088 1335 1184 1363 timore
1200 1344 1230 1365 se
1245 1338 1319 1373 ipsos
1334 1341 1548 1375 gubernantibus
1564 1355 1570 1374 :

910 1376 954 1403 11.
969 1377 1002 1404 Et
1015 1387 1069 1406 non
1085 1382 1217 1410 aSsentiar
1236 1384 1365 1414 doctrinae
1389 1391 1558 1419 sacerdotum
1580 1393 1654 1428 ipso-

875 1429 947 1449 rum.

910 1469 953 1497 12.
966 1470 1100 1507 Corripiet
1115 1483 1158 1502 me
1183 1478 1282 1511 omnis,
1301 1480 1348 1514 qui
1372 1480 1437 1509 facit
1457 1482 1602 1517 justitiam,
1626 1491 1654 1514 et

874 1515 994 1551 loquitur
1013 1520 1154 1548 veritatem
1168 1522 1196 1550 in
1211 1523 1362 1554 visceribus
1387 1515 1500 1561 Christi,
1517 1536 1543 1557 et
1559 1515 1653 1567 obiur-

838 1555 859 1584 C
875 1563 948 1596 gabit
961 1572 1014 1592 me.

909 1608 952 1635 13.
966 1608 1079 1639 Dilectio
1093 1617 1196 1646 autem,
1216 1619 1243 1643 et
1262 1616 1382 1646 adulatio
1395 1619 1565 1649 inimicorum
1579 1624 1652 1651 veri~

873 1653 937 1681 tatis
948 1663 1001 1682 non
1014 1659 1212 1691 approximabit
1225 1663 1308 1689 menti
1322 1671 1397 1692 meae.

911 1698 954 1725 M.
968 1699 1100 1732 Quoniam
1112 1711 1219 1739 semper
1231 1705 1282 1734 hoc
1294 1707 1438 1743 deprecor,
1455 1716 1485 1739 ut
1495 1720 1593 1748 sequar
1606 1724 1648 1744 ve-

873 1742 951 1778 stigia
965 1751 1130 1775 sanctorum.

908 1790 951 1817 15.
967 1791 1127 1828 Consumpti
1147 1799 1211 1823 sunt
1230 1797 1366 1833 principes
1392 1800 1537 1836 impiorum
1551 1811 1565 1830 a
1583 1812 1648 1832 san-

872 1835 923 1863 ctis
934 1836 1064 1865 derclicti.

907 1881 951 1909 16.
967 1882 1066 1912 Potens
1090 1886 1142 1913 erit
1153 1887 1305 1923 deprecatio
1316 1899 1377 1920 mea
1390 1901 1481 1922 coram
1505 1899 1541 1928 te,
1557 1901 1584 1924 et
1598 1897 1649 1925 im-

871 1927 1018 1961 plebuntur
1034 1939 1096 1966 quae
1109 1937 1135 1960 te
1150 1936 1252 1970 rogavi.

908 1975 950 2001 17.
969 1975 1029 2004 Vidi
1044 1978 1173 2007 Satanam
1185 1981 1218 2009 de
1239 1990 1309 2011 emno
1329 1985 1479 2020 cadentem,
1497 1992 1525 2015 et
1547 1990 1650 2018 contri-

871 2025 928 2049 tum
951 2024 1035 2052 veluti
1055 2025 1160 2060 glebam
1171 2031 1259 2056 terrae.

905 2067 948 2095 18.
965 2069 1060 2098 Omnis
1071 2079 1165 2100 eorum
1181 2074 1267 2102 virtus
1284 2081 1409 2112 corrupta
1425 2083 1467 2106 est
1479 2079 1505 2106 in
1519 2081 1648 2116 concupi-

870 2113 981 2142 scentiis
991 2116 1097 2143 mortis.

905 2158 948 2186 19.
966 2160 1099 2193 Quoniam
1117 2163 1151 2190 ad
1166 2168 1202 2197 te,
1223 2165 1356 2200 Domine,
1369 2168 1440 2196 oculi
1464 2171 1561 2198 mentis
1582 2179 1648 2199 mea

832 2222 857 2252 Β
869 2203 1050 2252 elevatisunt.

905 2251 949 2277 20.
963 2250 991 2278 ln
1004 2256 1029 2278 te
1046 2254 1161 2287 speravi,
1176 2262 1210 2282 ne
1224 2255 1330 2284 auferas
1352 2257 1465 2292 gratiam
1485 2263 1558 2287 tuam
1580 2268 1647 2288 con.-

868 2296 1021 2325 ﬁrmantem
1036 2300 1152 2327 animam
1166 2309 1264 2329 mcam.

902 2344 946 2372 21.
960 2345 1073 2373 Custodi
1102 2354 1145 2373 me
1168 2347 1202 2374 ab
1224 2348 1298 2376 omni
1315 2356 1409 2377 eorum
1428 2350 1566 2386 doctrina.
1585 2361 1646 2389 qua

865 2391 1037 2418 existimatur
1044 2391 1144 2420 habere
1152 2393 1268 2428 aliquem
1278 2395 1368 2423 cibum
1382 2397 1488 2432 animae,
1498 2400 1647 2428 exsisteute

866 2440 956 2464 autem
975 2437 1001 2463 in
1019 2444 1050 2464 ea
1062 2436 1185 2472 decipula
1199 2439 1232 2465 ad
1246 2445 1370 2468 mortem.

900 2482 945 2508 22.
962 2481 995 2509 Et
1008 2490 1023 2510 a
1035 2483 1202 2512 dmmouibus
1220 2485 1430 2520 subiicientibus
1440 2488 1506 2516 mihi
1522 2490 1644 2525 volupta-

866 2531 906 2554 tes
921 2528 990 2555 vitae.

901 2575 945 2604 23.
958 2576 1229 2611 Comprehendentur
1244 2578 1270 2605 in
1284 2578 1397 2607 fallaciis
1411 2579 1484 2612 vitae,
1494 2580 1541 2615 qui
1556 2581 1583 2607 in
1597 2588 1644 2615 pe-

866 2621 926 2657 lago
939 2622 1025 2657 ipsius
1039 2623 1143 2651 vivunt.

491 2666 644 2698 Addenda
670 2671 700 2698 et
730 2670 917 2711 corrigenda
944 2681 983 2703 ex
999 2673 1069 2703 cod.
1087 2674 1186 2705 Vatic.

72 2713 80 2744 (
85 2713 109 2745 ί)
127 2713 224 2740 Ἐθέλω
239 2714 373 2748 εὐλόγους.

71 2747 108 2787 (ἓ)
123 2749 265 2787 ἓμνθῶμαι
326 2751 484 2787 διδασκαλίᾳ
495 2751 558 2785 τῶν,
575 2756 626 2780 etc.

69 2783 107 2817 (5)
127 2783 253 2811 'Hdeest.
301 2783 313 2785 ”
472 2783 477 2787 ’
553 2783 556 2785 ’

69 2817 109 2856 (1)
201 2818 250 2856 δεῖ,
264 2819 309 2845 καὶ
321 2819 462 2852 διαπαντὸς
483 2822 573 2854 τοῦτο,
589 2826 652 2855 etc.,
669 2823 811 2856 ἐξακολου-

39 2851 91 2877 θεῖν
101 2851 153 2878 τῶν
165 2853 260 2886 ἁγίων.

71 2886 109 2922 (ὅ)
129 2887 311 2923 Ἀνὴλθοσαν,¹
326 2894 389 2925 etc.,
404 2891 455 2918 ὑπὸ
480 2891 526 2918 τοῦ
544 2892 659 2928 Χριστοῦ
676 2894 699 2919 οἱ
714 2893 807 2928 ἄρχον-

863 2726 1052 2794 “ibi
1066 2759 1093 2794 ὴ.
1108 2762 1159 2786 ειε-

912 2792 937 2826 7)
953 2792 1043 2823 me».
1062 2792 1114 2821 etc.

897 2827 936 2864 (8)
953 2827 1152 2864 Ιδομιιῖθμέντιςν
1170 2834 1221 2854 PN:-

897 2861 933 2899 (9)
949 2863 1013 2893 Ταῖς
1029 2861 1264 2898 συλιερραμμέναις
1277 2863 1403 2894 ἀπάταις,
1418 2866 1472 2890 etc.
