  <div class='ocr_page' id='page_1' title='image "/cluster/home/n/w/nwhite01/storage/ocr_20150623/27/njp.32101010944609/673.png"; bbox 0 0 1930 3046; ppageno 0'>
   <div class='ocr_carea' id='block_1_1' title="bbox 709 165 1894 197">
    <p class='ocr_par' dir='ltr' id='par_1_1' title="bbox 709 165 1894 197">
     <span class='ocr_line' id='line_1_1' title="bbox 709 165 1894 197; baseline 0.003 -3"><span class='ocrx_word' id='word_1_1' title='bbox 709 168 737 194; x_wconf 89' lang='lat' dir='ltr'><strong>S.</strong></span> <span class='ocrx_word' id='word_1_2' title='bbox 759 167 945 196; x_wconf 77' lang='lat' dir='ltr'><strong>ATHANASH</strong></span> <span class='ocrx_word' id='word_1_3' title='bbox 964 168 1039 196; x_wconf 83' lang='lat' dir='ltr'><strong>OPP.</strong></span> <span class='ocrx_word' id='word_1_4' title='bbox 1059 165 1150 196; x_wconf 76' lang='lat' dir='ltr'><strong>PARS</strong></span> <span class='ocrx_word' id='word_1_5' title='bbox 1170 167 1213 196; x_wconf 79' lang='lat' dir='ltr'><strong>Ill.</strong></span> <span class='ocrx_word' id='word_1_6' title='bbox 1235 182 1269 188; x_wconf 89' lang='lat'>—</span> <span class='ocrx_word' id='word_1_7' title='bbox 1288 167 1494 195; x_wconf 68' lang='lat' dir='ltr'><strong>EXEGETICA.</strong></span> <span class='ocrx_word' id='word_1_8' title='bbox 1840 168 1894 197; x_wconf 61' lang='grc'><strong>129.</strong></span> 
     </span>
    </p>
   </div>
   <div class='ocr_carea' id='block_1_2' title="bbox 1094 220 1888 263">
    <p class='ocr_par' dir='ltr' id='par_1_2' title="bbox 1094 220 1888 263">
     <span class='ocr_line' id='line_1_2' title="bbox 1094 220 1888 263; baseline -0.01 -7"><span class='ocrx_word' id='word_1_9' title='bbox 1094 231 1118 260; x_wconf 75' lang='grc' dir='ltr'><strong>Δ</strong></span> <span class='ocrx_word' id='word_1_10' title='bbox 1167 228 1212 255; x_wconf 66' lang='lat' dir='ltr'><strong>2L</strong></span> <span class='ocrx_word' id='word_1_11' title='bbox 1227 227 1385 263; x_wconf 83' lang='grc' dir='ltr'>Καταμόνας</span> <span class='ocrx_word' id='word_1_12' title='bbox 1396 226 1452 261; x_wconf 69' lang='grc' dir='ltr'>εἰμὶ</span> <span class='ocrx_word' id='word_1_13' title='bbox 1466 225 1586 260; x_wconf 76' lang='grc' dir='ltr'><strong>ὲγὼ,ἓω;</strong></span> <span class='ocrx_word' id='word_1_14' title='bbox 1598 225 1630 252; x_wconf 79' lang='grc' dir='ltr'>ἂν</span> <span class='ocrx_word' id='word_1_15' title='bbox 1638 223 1701 261; x_wconf 64' lang='grc' dir='ltr'><strong>[ἕως</strong></span> <span class='ocrx_word' id='word_1_16' title='bbox 1714 220 1758 261; x_wconf 68' lang='grc' dir='ltr'><strong>αὖ]</strong></span> <span class='ocrx_word' id='word_1_17' title='bbox 1770 226 1888 261; x_wconf 71' lang='grc' dir='ltr'>παρέλθω</span> 
     </span>
    </p>
   </div>
   <div class='ocr_carea' id='block_1_3' title="bbox 1166 281 1870 316">
    <p class='ocr_par' dir='ltr' id='par_1_3' title="bbox 1166 281 1870 316">
     <span class='ocr_line' id='line_1_3' title="bbox 1166 281 1870 316; baseline -0.004 -4"><span class='ocrx_word' id='word_1_18' title='bbox 1166 286 1320 316; x_wconf 79' lang='grc' dir='ltr'>Συνέσεως</span> <span class='ocrx_word' id='word_1_19' title='bbox 1330 283 1369 316; x_wconf 82' lang='grc' dir='ltr'>τῷ</span> <span class='ocrx_word' id='word_1_20' title='bbox 1382 282 1479 314; x_wconf 75' lang='grc' dir='ltr'>Δαὸὶδ,</span> <span class='ocrx_word' id='word_1_21' title='bbox 1493 283 1527 309; x_wconf 86' lang='grc' dir='ltr'>ἐν</span> <span class='ocrx_word' id='word_1_22' title='bbox 1540 282 1580 315; x_wconf 81' lang='grc' dir='ltr'>τῷ</span> <span class='ocrx_word' id='word_1_23' title='bbox 1591 281 1666 309; x_wconf 75' lang='grc' dir='ltr'>εἶναι</span> <span class='ocrx_word' id='word_1_24' title='bbox 1682 282 1776 308; x_wconf 76' lang='grc' dir='ltr'>αὑτὸν</span> <span class='ocrx_word' id='word_1_25' title='bbox 1794 283 1827 309; x_wconf 76' lang='grc' dir='ltr'>ἐν</span> <span class='ocrx_word' id='word_1_26' title='bbox 1837 282 1870 315; x_wconf 83' lang='grc' dir='ltr'><strong>τῷ</strong></span> 
     </span>
    </p>
   </div>
   <div class='ocr_carea' id='block_1_4' title="bbox 1201 329 1837 364">
    <p class='ocr_par' dir='ltr' id='par_1_4' title="bbox 1201 329 1837 364">
     <span class='ocr_line' id='line_1_4' title="bbox 1201 329 1837 364; baseline -0.005 -7"><span class='ocrx_word' id='word_1_27' title='bbox 1201 331 1340 364; x_wconf 74' lang='grc' dir='ltr'>σπηλαίῳ</span> <span class='ocrx_word' id='word_1_28' title='bbox 1363 329 1614 363; x_wconf 68' lang='grc' dir='ltr'>προσευχόμενον.</span> <span class='ocrx_word' id='word_1_29' title='bbox 1639 329 1725 354; x_wconf 84' lang='grc' dir='ltr'><strong>ΨΑΛ.</strong></span> <span class='ocrx_word' id='word_1_30' title='bbox 1744 329 1837 355; x_wconf 78' lang='lat' dir='ltr'><strong>PMA&#39;.</strong></span> 
     </span>
    </p>
   </div>
   <div class='ocr_carea' id='block_1_5' title="bbox 1168 373 1720 411">
    <p class='ocr_par' dir='ltr' id='par_1_5' title="bbox 1168 373 1720 411">
     <span class='ocr_line' id='line_1_5' title="bbox 1168 373 1720 411; baseline -0.005 -9"><span class='ocrx_word' id='word_1_31' title='bbox 1168 376 1192 403; x_wconf 82' lang='grc' dir='ltr'>Ι.</span> <span class='ocrx_word' id='word_1_32' title='bbox 1209 377 1284 411; x_wconf 77' lang='grc' dir='ltr'><strong>Φωνῇ</strong></span> <span class='ocrx_word' id='word_1_33' title='bbox 1299 385 1348 411; x_wconf 88' lang='grc' dir='ltr'><strong>μου</strong></span> <span class='ocrx_word' id='word_1_34' title='bbox 1366 375 1433 410; x_wconf 76' lang='grc' dir='ltr'>πρὸς</span> <span class='ocrx_word' id='word_1_35' title='bbox 1450 374 1548 409; x_wconf 79' lang='grc' dir='ltr'><strong>Κύριον</strong></span> <span class='ocrx_word' id='word_1_36' title='bbox 1564 373 1700 409; x_wconf 69' lang='grc' dir='ltr'>ἐκέκραξα</span> <span class='ocrx_word' id='word_1_37' title='bbox 1712 381 1720 388; x_wconf 82' lang='grc'>·</span> 
     </span>
    </p>
   </div>
   <div class='ocr_carea' id='block_1_6' title="bbox 1164 417 1894 457">
    <p class='ocr_par' dir='ltr' id='par_1_6' title="bbox 1164 417 1894 457">
     <span class='ocr_line' id='line_1_6' title="bbox 1164 417 1894 457; baseline -0.004 -9"><span class='ocrx_word' id='word_1_38' title='bbox 1164 422 1190 449; x_wconf 68' lang='lat'><strong>2.</strong></span> <span class='ocrx_word' id='word_1_39' title='bbox 1206 422 1283 457; x_wconf 79' lang='grc' dir='ltr'>Φωνῇ</span> <span class='ocrx_word' id='word_1_40' title='bbox 1295 430 1345 456; x_wconf 89' lang='grc' dir='ltr'><strong>μου</strong></span> <span class='ocrx_word' id='word_1_41' title='bbox 1358 421 1426 456; x_wconf 79' lang='grc' dir='ltr'>πρὸς</span> <span class='ocrx_word' id='word_1_42' title='bbox 1442 421 1542 456; x_wconf 81' lang='grc' dir='ltr'>Κύριον</span> <span class='ocrx_word' id='word_1_43' title='bbox 1553 419 1633 456; x_wconf 79' lang='grc' dir='ltr'>[πρὸς</span> <span class='ocrx_word' id='word_1_44' title='bbox 1644 420 1688 446; x_wconf 75' lang='grc' dir='ltr'>τὸν</span> <span class='ocrx_word' id='word_1_45' title='bbox 1697 417 1776 456; x_wconf 73' lang='grc' dir='ltr'>Θεὸν]</span> <span class='ocrx_word' id='word_1_46' title='bbox 1788 418 1894 455; x_wconf 71' lang='grc' dir='ltr'>ἐδεήθην.</span> 
     </span>
    </p>
   </div>
   <div class='ocr_carea' id='block_1_7' title="bbox 304 168 375 197">
    <p class='ocr_par' dir='ltr' id='par_1_7' title="bbox 304 168 375 197">
     <span class='ocr_line' id='line_1_7' title="bbox 304 168 375 197; baseline -0.028 0"><span class='ocrx_word' id='word_1_47' title='bbox 304 168 375 197; x_wconf 75' lang='grc'><strong>1295</strong></span> 
     </span>
    </p>
   </div>
   <div class='ocr_carea' id='block_1_8' title="bbox 337 226 979 269">
    <p class='ocr_par' dir='ltr' id='par_1_8' title="bbox 337 226 979 269">
     <span class='ocr_line' id='line_1_8' title="bbox 337 226 979 269; baseline 0.002 -14"><span class='ocrx_word' id='word_1_48' title='bbox 337 227 383 255; x_wconf 68' lang='grc'><strong>24.</strong></span> <span class='ocrx_word' id='word_1_49' title='bbox 396 226 572 262; x_wconf 88' lang='lat' dir='ltr'><strong>Singulariter</strong></span> <span class='ocrx_word' id='word_1_50' title='bbox 590 235 649 254; x_wconf 81' lang='lat' dir='ltr'><strong>sum</strong></span> <span class='ocrx_word' id='word_1_51' title='bbox 665 235 714 269; x_wconf 82' lang='lat' dir='ltr'><strong>ego</strong></span> <span class='ocrx_word' id='word_1_52' title='bbox 727 228 812 257; x_wconf 84' lang='lat' dir='ltr'><strong>donec</strong></span> <span class='ocrx_word' id='word_1_53' title='bbox 831 234 979 256; x_wconf 74' lang='lat' dir='ltr'><strong>transeam.</strong></span> 
     </span>
    </p>
   </div>
   <div class='ocr_carea' id='block_1_9' title="bbox 300 281 1041 320">
    <p class='ocr_par' dir='ltr' id='par_1_9' title="bbox 300 281 1041 320">
     <span class='ocr_line' id='line_1_9' title="bbox 300 281 1041 320; baseline 0 -8"><span class='ocrx_word' id='word_1_54' title='bbox 300 300 302 303; x_wconf 67' lang='grc' dir='ltr'><strong>τ</strong></span> <span class='ocrx_word' id='word_1_55' title='bbox 349 281 503 312; x_wconf 73' lang='lat' dir='ltr'><strong>Intellectus</strong></span> <span class='ocrx_word' id='word_1_56' title='bbox 514 283 609 316; x_wconf 83' lang='lat' dir='ltr'><strong>David,</strong></span> <span class='ocrx_word' id='word_1_57' title='bbox 621 292 680 311; x_wconf 83' lang='lat' dir='ltr'><strong>cum</strong></span> <span class='ocrx_word' id='word_1_58' title='bbox 690 290 756 312; x_wconf 71' lang='lat' dir='ltr'><strong>esset</strong></span> <span class='ocrx_word' id='word_1_59' title='bbox 770 285 797 312; x_wconf 81' lang='lat' dir='ltr'><strong>in</strong></span> <span class='ocrx_word' id='word_1_60' title='bbox 813 285 937 320; x_wconf 73' lang='lat' dir='ltr'><strong>spelunca</strong></span> <span class='ocrx_word' id='word_1_61' title='bbox 952 293 1041 313; x_wconf 77' lang='lat' dir='ltr'><strong>oram.</strong></span> 
     </span>
    </p>
   </div>
   <div class='ocr_carea' id='block_1_10' title="bbox 579 329 797 358">
    <p class='ocr_par' dir='ltr' id='par_1_10' title="bbox 579 329 797 358">
     <span class='ocr_line' id='line_1_10' title="bbox 579 329 797 358; baseline 0.009 -2"><span class='ocrx_word' id='word_1_62' title='bbox 579 329 680 357; x_wconf 75' lang='lat' dir='ltr'><strong>PSAL.</strong></span> <span class='ocrx_word' id='word_1_63' title='bbox 699 329 797 358; x_wconf 80' lang='lat' dir='ltr'><strong>CXLI.</strong></span> 
     </span>
    </p>
   </div>
   <div class='ocr_carea' id='block_1_11' title="bbox 338 375 886 403">
    <p class='ocr_par' dir='ltr' id='par_1_11' title="bbox 338 375 886 403">
     <span class='ocr_line' id='line_1_11' title="bbox 338 375 886 403; baseline -0.004 0"><span class='ocrx_word' id='word_1_64' title='bbox 338 376 363 403; x_wconf 73' lang='lat' dir='ltr'><strong>l.</strong></span> <span class='ocrx_word' id='word_1_65' title='bbox 383 375 454 402; x_wconf 83' lang='lat' dir='ltr'><strong>Voce</strong></span> <span class='ocrx_word' id='word_1_66' title='bbox 469 383 527 402; x_wconf 84' lang='lat' dir='ltr'><strong>mea</strong></span> <span class='ocrx_word' id='word_1_67' title='bbox 545 375 578 402; x_wconf 91' lang='lat' dir='ltr'><strong>ad</strong></span> <span class='ocrx_word' id='word_1_68' title='bbox 590 375 734 402; x_wconf 90' lang='lat' dir='ltr'><strong>Dominum</strong></span> <span class='ocrx_word' id='word_1_69' title='bbox 751 376 866 403; x_wconf 79' lang='lat' dir='ltr'><strong>clamavi</strong></span> <span class='ocrx_word' id='word_1_70' title='bbox 880 384 886 401; x_wconf 89' lang='lat'>:</span> 
     </span>
    </p>
   </div>
   <div class='ocr_carea' id='block_1_12' title="bbox 334 419 1079 456">
    <p class='ocr_par' dir='ltr' id='par_1_12' title="bbox 334 419 1079 456">
     <span class='ocr_line' id='line_1_12' title="bbox 334 419 1079 456; baseline 0 -8"><span class='ocrx_word' id='word_1_71' title='bbox 334 419 361 448; x_wconf 75' lang='grc'>2.</span> <span class='ocrx_word' id='word_1_72' title='bbox 378 419 448 447; x_wconf 80' lang='lat' dir='ltr'><strong>Voce</strong></span> <span class='ocrx_word' id='word_1_73' title='bbox 466 428 525 447; x_wconf 90' lang='lat' dir='ltr'><strong>mea</strong></span> <span class='ocrx_word' id='word_1_74' title='bbox 543 420 575 448; x_wconf 84' lang='lat' dir='ltr'><strong>ad</strong></span> <span class='ocrx_word' id='word_1_75' title='bbox 590 420 733 448; x_wconf 86' lang='lat' dir='ltr'><strong>Dominum</strong></span> <span class='ocrx_word' id='word_1_76' title='bbox 746 420 792 456; x_wconf 74' lang='lat' dir='ltr'><strong>[ad</strong></span> <span class='ocrx_word' id='word_1_77' title='bbox 808 420 904 456; x_wconf 85' lang='lat' dir='ltr'><strong>Deum]</strong></span> <span class='ocrx_word' id='word_1_78' title='bbox 921 420 1079 456; x_wconf 75' lang='lat' dir='ltr'><strong>deprecatus</strong></span> 
     </span>
    </p>
   </div>
   <div class='ocr_carea' id='block_1_13' title="bbox 301 473 372 493">
    <p class='ocr_par' dir='ltr' id='par_1_13' title="bbox 301 473 372 493">
     <span class='ocr_line' id='line_1_13' title="bbox 301 473 372 493; baseline -0.014 0"><span class='ocrx_word' id='word_1_79' title='bbox 301 473 372 493; x_wconf 75' lang='lat' dir='ltr'><strong>sum.</strong></span> 
     </span>
    </p>
   </div>
   <div class='ocr_carea' id='block_1_14' title="bbox 333 507 1060 546">
    <p class='ocr_par' dir='ltr' id='par_1_14' title="bbox 333 510 1059 546">
     <span class='ocr_line' id='line_1_14' title="bbox 333 510 1059 546; baseline 0.003 -9"><span class='ocrx_word' id='word_1_80' title='bbox 333 511 359 538; x_wconf 77' lang='grc'>5.</span> <span class='ocrx_word' id='word_1_81' title='bbox 373 510 488 538; x_wconf 78' lang='lat' dir='ltr'><strong>Eﬂ‘undo</strong></span> <span class='ocrx_word' id='word_1_82' title='bbox 501 511 527 537; x_wconf 93' lang='lat' dir='ltr'><strong>in</strong></span> <span class='ocrx_word' id='word_1_83' title='bbox 542 515 688 546; x_wconf 90' lang='lat' dir='ltr'><strong>conspectu</strong></span> <span class='ocrx_word' id='word_1_84' title='bbox 703 511 762 546; x_wconf 82' lang='lat' dir='ltr'><strong>ejus</strong></span> <span class='ocrx_word' id='word_1_85' title='bbox 778 512 931 539; x_wconf 86' lang='lat' dir='ltr'><strong>orationem</strong></span> <span class='ocrx_word' id='word_1_86' title='bbox 945 519 1033 539; x_wconf 83' lang='lat' dir='ltr'><strong>meam</strong></span> <span class='ocrx_word' id='word_1_87' title='bbox 1053 522 1059 538; x_wconf 90' lang='lat'>:</span> 
     </span>
    </p>
   </div>
   <div class='ocr_carea' id='block_1_15' title="bbox 1141 507 1811 546">
    <p class='ocr_par' dir='ltr' id='par_1_15' title="bbox 1166 507 1811 545">
     <span class='ocr_line' id='line_1_15' title="bbox 1166 507 1811 545; baseline -0.006 -8"><span class='ocrx_word' id='word_1_88' title='bbox 1166 511 1192 538; x_wconf 78' lang='lat'><strong>5.</strong></span> <span class='ocrx_word' id='word_1_89' title='bbox 1217 510 1319 545; x_wconf 79' lang='grc' dir='ltr'>Ἐκχεῶ</span> <span class='ocrx_word' id='word_1_90' title='bbox 1338 509 1451 536; x_wconf 76' lang='grc' dir='ltr'>ἐνώπιον</span> <span class='ocrx_word' id='word_1_91' title='bbox 1467 508 1549 536; x_wconf 73' lang='grc' dir='ltr'>αὑτοῦ</span> <span class='ocrx_word' id='word_1_92' title='bbox 1566 508 1615 543; x_wconf 78' lang='grc' dir='ltr'>τὴν</span> <span class='ocrx_word' id='word_1_93' title='bbox 1633 507 1725 543; x_wconf 72' lang='grc' dir='ltr'><strong>δέησίν</strong></span> <span class='ocrx_word' id='word_1_94' title='bbox 1743 517 1794 543; x_wconf 82' lang='grc' dir='ltr'><strong>μου</strong></span> <span class='ocrx_word' id='word_1_95' title='bbox 1805 516 1811 522; x_wconf 92' lang='grc'><strong><em>-</em></strong></span> 
     </span>
    </p>
   </div>
   <div class='ocr_carea' id='block_1_16' title="bbox 333 553 1060 592">
    <p class='ocr_par' dir='ltr' id='par_1_16' title="bbox 333 555 1060 592">
     <span class='ocr_line' id='line_1_16' title="bbox 333 555 1060 592; baseline 0.003 -9"><span class='ocrx_word' id='word_1_96' title='bbox 333 556 360 583; x_wconf 72' lang='grc'>4.</span> <span class='ocrx_word' id='word_1_97' title='bbox 377 555 591 584; x_wconf 88' lang='lat' dir='ltr'><strong>Tribulationem</strong></span> <span class='ocrx_word' id='word_1_98' title='bbox 608 563 695 584; x_wconf 88' lang='lat' dir='ltr'><strong>meam</strong></span> <span class='ocrx_word' id='word_1_99' title='bbox 714 561 776 584; x_wconf 88' lang='lat' dir='ltr'><strong>ante</strong></span> <span class='ocrx_word' id='word_1_100' title='bbox 797 557 886 592; x_wconf 90' lang='lat' dir='ltr'><strong>ipsum</strong></span> <span class='ocrx_word' id='word_1_101' title='bbox 912 558 1060 592; x_wconf 85' lang='lat' dir='ltr'><strong>pronuntio</strong></span> 
     </span>
    </p>
   </div>
   <div class='ocr_carea' id='block_1_17' title="bbox 1141 553 1828 592">
    <p class='ocr_par' dir='ltr' id='par_1_17' title="bbox 1163 553 1828 592">
     <span class='ocr_line' id='line_1_17' title="bbox 1163 553 1828 592; baseline -0.002 -10"><span class='ocrx_word' id='word_1_102' title='bbox 1163 556 1190 583; x_wconf 68' lang='grc' dir='ltr'>ι.</span> <span class='ocrx_word' id='word_1_103' title='bbox 1210 556 1265 592; x_wconf 87' lang='grc' dir='ltr'>Τὴν</span> <span class='ocrx_word' id='word_1_104' title='bbox 1280 555 1367 590; x_wconf 83' lang='grc' dir='ltr'>θλίψιν</span> <span class='ocrx_word' id='word_1_105' title='bbox 1385 563 1434 590; x_wconf 91' lang='grc' dir='ltr'><strong>μου</strong></span> <span class='ocrx_word' id='word_1_106' title='bbox 1449 553 1562 581; x_wconf 85' lang='grc' dir='ltr'>ὲνὼπιον</span> <span class='ocrx_word' id='word_1_107' title='bbox 1575 553 1656 580; x_wconf 76' lang='grc' dir='ltr'>αὑτοῦ</span> <span class='ocrx_word' id='word_1_108' title='bbox 1672 553 1828 587; x_wconf 78' lang='grc' dir='ltr'><strong>ἀπαγγελῶ.</strong></span> 
     </span>
    </p>
   </div>
   <div class='ocr_carea' id='block_1_18' title="bbox 333 599 1060 637">
    <p class='ocr_par' dir='ltr' id='par_1_18' title="bbox 333 602 947 637">
     <span class='ocr_line' id='line_1_18' title="bbox 333 602 947 637; baseline 0 -7"><span class='ocrx_word' id='word_1_109' title='bbox 333 603 360 631; x_wconf 85' lang='lat'><strong>5.</strong></span> <span class='ocrx_word' id='word_1_110' title='bbox 378 602 406 629; x_wconf 89' lang='lat' dir='ltr'><strong>ln</strong></span> <span class='ocrx_word' id='word_1_111' title='bbox 420 602 571 630; x_wconf 83' lang='lat' dir='ltr'><strong>deiiciendo</strong></span> <span class='ocrx_word' id='word_1_112' title='bbox 587 610 620 630; x_wconf 77' lang='lat' dir='ltr'><strong>ex</strong></span> <span class='ocrx_word' id='word_1_113' title='bbox 638 610 681 630; x_wconf 89' lang='lat' dir='ltr'><strong>me</strong></span> <span class='ocrx_word' id='word_1_114' title='bbox 696 603 822 637; x_wconf 74' lang='lat' dir='ltr'><strong>spiritum</strong></span> <span class='ocrx_word' id='word_1_115' title='bbox 838 610 928 631; x_wconf 89' lang='lat' dir='ltr'><strong>meum</strong></span> <span class='ocrx_word' id='word_1_116' title='bbox 939 623 947 636; x_wconf 87' lang='grc'><strong>,</strong></span> 
     </span>
    </p>
   </div>
   <div class='ocr_carea' id='block_1_19' title="bbox 1141 599 1815 637">
    <p class='ocr_par' dir='ltr' id='par_1_19' title="bbox 1163 599 1815 637">
     <span class='ocr_line' id='line_1_19' title="bbox 1163 599 1815 637; baseline -0.006 -8"><span class='ocrx_word' id='word_1_117' title='bbox 1163 603 1189 629; x_wconf 84' lang='lat'><strong>5.</strong></span> <span class='ocrx_word' id='word_1_118' title='bbox 1201 603 1246 628; x_wconf 85' lang='grc' dir='ltr'>Ἐν</span> <span class='ocrx_word' id='word_1_119' title='bbox 1261 602 1299 637; x_wconf 83' lang='grc' dir='ltr'>τῷ</span> <span class='ocrx_word' id='word_1_120' title='bbox 1316 601 1451 628; x_wconf 77' lang='grc' dir='ltr'><strong>ἐκλείπειν</strong></span> <span class='ocrx_word' id='word_1_121' title='bbox 1464 600 1493 634; x_wconf 77' lang='grc' dir='ltr'>ἐξ</span> <span class='ocrx_word' id='word_1_122' title='bbox 1506 600 1573 636; x_wconf 80' lang='grc' dir='ltr'>ὲμοῢ</span> <span class='ocrx_word' id='word_1_123' title='bbox 1587 600 1617 626; x_wconf 82' lang='grc' dir='ltr'>τὸ</span> <span class='ocrx_word' id='word_1_124' title='bbox 1632 599 1740 634; x_wconf 82' lang='grc' dir='ltr'>πνεῦμά</span> <span class='ocrx_word' id='word_1_125' title='bbox 1755 608 1815 635; x_wconf 86' lang='grc' dir='ltr'>μου,</span> 
     </span>
    </p>
   </div>
   <div class='ocr_carea' id='block_1_20' title="bbox 329 635 1060 683">
    <p class='ocr_par' dir='ltr' id='par_1_20' title="bbox 329 635 944 683">
     <span class='ocr_line' id='line_1_20' title="bbox 329 635 944 683; baseline 0 -9"><span class='ocrx_word' id='word_1_126' title='bbox 329 635 358 675; x_wconf 61' lang='grc' dir='ltr'>δ.</span> <span class='ocrx_word' id='word_1_127' title='bbox 377 647 410 674; x_wconf 84' lang='lat' dir='ltr'><strong>Et</strong></span> <span class='ocrx_word' id='word_1_128' title='bbox 426 652 455 675; x_wconf 92' lang='lat' dir='ltr'><strong>tu</strong></span> <span class='ocrx_word' id='word_1_129' title='bbox 474 647 628 683; x_wconf 86' lang='lat' dir='ltr'><strong>cognovisti</strong></span> <span class='ocrx_word' id='word_1_130' title='bbox 647 635 758 675; x_wconf 80' lang='lat' dir='ltr'><strong>semitas</strong></span> <span class='ocrx_word' id='word_1_131' title='bbox 774 655 859 675; x_wconf 84' lang='lat' dir='ltr'><strong>meas.</strong></span> <span class='ocrx_word' id='word_1_132' title='bbox 940 635 944 636; x_wconf 20' lang='grc' dir='ltr'><em>ν</em></span> 
     </span>
    </p>
   </div>
   <div class='ocr_carea' id='block_1_21' title="bbox 1141 635 1676 683">
    <p class='ocr_par' dir='ltr' id='par_1_21' title="bbox 1163 635 1676 682">
     <span class='ocr_line' id='line_1_21' title="bbox 1163 635 1676 682; baseline -0.004 -7"><span class='ocrx_word' id='word_1_133' title='bbox 1163 648 1189 675; x_wconf 85' lang='grc'>6.</span> <span class='ocrx_word' id='word_1_134' title='bbox 1209 648 1262 674; x_wconf 70' lang='lat' dir='ltr'><strong>Kal.</strong></span> <span class='ocrx_word' id='word_1_135' title='bbox 1279 635 1311 674; x_wconf 63' lang='lat' dir='ltr'><strong>ab</strong></span> <span class='ocrx_word' id='word_1_136' title='bbox 1325 647 1410 681; x_wconf 75' lang='grc' dir='ltr'>ἔγνως</span> <span class='ocrx_word' id='word_1_137' title='bbox 1427 646 1477 678; x_wconf 75' lang='grc' dir='ltr'><strong>τὰς</strong></span> <span class='ocrx_word' id='word_1_138' title='bbox 1491 646 1601 682; x_wconf 74' lang='grc' dir='ltr'>τρίϐους</span> <span class='ocrx_word' id='word_1_139' title='bbox 1616 654 1676 680; x_wconf 85' lang='grc' dir='ltr'>μου.</span> 
     </span>
    </p>
   </div>
   <div class='ocr_carea' id='block_1_22' title="bbox 332 690 1060 729">
    <p class='ocr_par' dir='ltr' id='par_1_22' title="bbox 332 693 1059 729">
     <span class='ocr_line' id='line_1_22' title="bbox 332 693 1059 729; baseline -0.001 -8"><span class='ocrx_word' id='word_1_140' title='bbox 332 693 357 721; x_wconf 89' lang='lat'><strong>7.</strong></span> <span class='ocrx_word' id='word_1_141' title='bbox 378 693 406 720; x_wconf 90' lang='lat' dir='ltr'><strong>ln</strong></span> <span class='ocrx_word' id='word_1_142' title='bbox 417 694 461 721; x_wconf 79' lang='lat' dir='ltr'><strong>via</strong></span> <span class='ocrx_word' id='word_1_143' title='bbox 475 694 536 725; x_wconf 81' lang='lat' dir='ltr'><strong>hac,</strong></span> <span class='ocrx_word' id='word_1_144' title='bbox 552 701 606 729; x_wconf 85' lang='lat' dir='ltr'><strong>qua</strong></span> <span class='ocrx_word' id='word_1_145' title='bbox 623 693 807 728; x_wconf 84' lang='lat' dir='ltr'><strong>ambulabam,</strong></span> <span class='ocrx_word' id='word_1_146' title='bbox 823 693 1059 722; x_wconf 82' lang='lat' dir='ltr'><strong>absconderuntla</strong></span> 
     </span>
    </p>
   </div>
   <div class='ocr_carea' id='block_1_23' title="bbox 1141 690 1895 729">
    <p class='ocr_par' dir='ltr' id='par_1_23' title="bbox 1164 690 1895 729">
     <span class='ocr_line' id='line_1_23' title="bbox 1164 690 1895 729; baseline -0.004 -9"><span class='ocrx_word' id='word_1_147' title='bbox 1164 693 1190 721; x_wconf 88' lang='grc'>7.</span> <span class='ocrx_word' id='word_1_148' title='bbox 1201 694 1245 720; x_wconf 85' lang='grc' dir='ltr'>Ἐν</span> <span class='ocrx_word' id='word_1_149' title='bbox 1261 693 1312 728; x_wconf 74' lang='grc' dir='ltr'><strong>6δῴ</strong></span> <span class='ocrx_word' id='word_1_150' title='bbox 1326 693 1422 728; x_wconf 77' lang='grc' dir='ltr'>ταύτῃ,</span> <span class='ocrx_word' id='word_1_151' title='bbox 1483 693 1662 728; x_wconf 75' lang='grc' dir='ltr'>ἐπορευόμην,</span> <span class='ocrx_word' id='word_1_152' title='bbox 1677 692 1800 728; x_wconf 61' lang='grc' dir='ltr'>ἔκρυψαν</span> <span class='ocrx_word' id='word_1_153' title='bbox 1811 692 1895 724; x_wconf 59' lang='lat' dir='ltr'><strong>mth</strong></span> 
     </span>
    </p>
   </div>
   <div class='ocr_carea' id='block_1_24' title="bbox 296 739 1060 775">
    <p class='ocr_par' dir='ltr' id='par_1_24' title="bbox 296 739 483 775">
     <span class='ocr_line' id='line_1_24' title="bbox 296 739 483 775; baseline 0 -9"><span class='ocrx_word' id='word_1_154' title='bbox 296 747 394 775; x_wconf 90' lang='lat' dir='ltr'><strong>queum</strong></span> <span class='ocrx_word' id='word_1_155' title='bbox 406 739 483 766; x_wconf 89' lang='lat' dir='ltr'><strong>mihi.</strong></span> 
     </span>
    </p>
   </div>
   <div class='ocr_carea' id='block_1_25' title="bbox 1141 739 1184 775">
    <p class='ocr_par' dir='ltr' id='par_1_25' title="bbox 1141 748 1184 767">
     <span class='ocr_line' id='line_1_25' title="bbox 1141 748 1184 767; baseline 0.023 -1"><span class='ocrx_word' id='word_1_156' title='bbox 1141 748 1184 767; x_wconf 90' lang='grc' dir='ltr'>ιοι.</span> 
     </span>
    </p>
   </div>
   <div class='ocr_carea' id='block_1_26' title="bbox 330 784 1060 818">
    <p class='ocr_par' dir='ltr' id='par_1_26' title="bbox 330 784 1007 818">
     <span class='ocr_line' id='line_1_26' title="bbox 330 784 1007 818; baseline 0.001 -7"><span class='ocrx_word' id='word_1_157' title='bbox 330 785 356 811; x_wconf 93' lang='lat'><strong>8.</strong></span> <span class='ocrx_word' id='word_1_158' title='bbox 377 785 592 812; x_wconf 86' lang='lat' dir='ltr'><strong>Considerabam</strong></span> <span class='ocrx_word' id='word_1_159' title='bbox 607 785 640 813; x_wconf 89' lang='lat' dir='ltr'><strong>ad</strong></span> <span class='ocrx_word' id='word_1_160' title='bbox 655 785 806 818; x_wconf 70' lang='lat' dir='ltr'><strong>dexteram,</strong></span> <span class='ocrx_word' id='word_1_161' title='bbox 824 789 851 812; x_wconf 92' lang='lat' dir='ltr'><strong>et</strong></span> <span class='ocrx_word' id='word_1_162' title='bbox 861 784 987 813; x_wconf 81' lang='lat' dir='ltr'><strong>videbam</strong></span> <span class='ocrx_word' id='word_1_163' title='bbox 1001 794 1007 812; x_wconf 95' lang='lat'>:</span> 
     </span>
    </p>
   </div>
   <div class='ocr_carea' id='block_1_27' title="bbox 1141 784 1805 818">
    <p class='ocr_par' dir='ltr' id='par_1_27' title="bbox 1162 784 1805 818">
     <span class='ocr_line' id='line_1_27' title="bbox 1162 784 1805 818; baseline -0.002 -7"><span class='ocrx_word' id='word_1_164' title='bbox 1162 785 1189 811; x_wconf 90' lang='lat'><strong>8.</strong></span> <span class='ocrx_word' id='word_1_165' title='bbox 1209 785 1360 811; x_wconf 85' lang='grc' dir='ltr'>Κατενόουν</span> <span class='ocrx_word' id='word_1_166' title='bbox 1377 786 1416 816; x_wconf 80' lang='grc' dir='ltr'><strong>εις</strong></span> <span class='ocrx_word' id='word_1_167' title='bbox 1430 785 1465 812; x_wconf 84' lang='grc' dir='ltr'><strong>τὰ</strong></span> <span class='ocrx_word' id='word_1_168' title='bbox 1476 785 1559 818; x_wconf 84' lang='grc' dir='ltr'>δεξιὰ,</span> <span class='ocrx_word' id='word_1_169' title='bbox 1574 786 1620 812; x_wconf 71' lang='grc' dir='ltr'>καὶ</span> <span class='ocrx_word' id='word_1_170' title='bbox 1636 784 1787 811; x_wconf 79' lang='grc' dir='ltr'>ὲπέὁλεπον</span> <span class='ocrx_word' id='word_1_171' title='bbox 1798 793 1805 798; x_wconf 94' lang='grc'><strong>·</strong></span> 
     </span>
    </p>
   </div>
   <div class='ocr_carea' id='block_1_28' title="bbox 1165 828 1664 865">
    <p class='ocr_par' dir='ltr' id='par_1_28' title="bbox 1165 828 1664 865">
     <span class='ocr_line' id='line_1_28' title="bbox 1165 828 1664 865; baseline 0 -9"><span class='ocrx_word' id='word_1_172' title='bbox 1165 830 1190 856; x_wconf 86' lang='lat'><strong>9.</strong></span> <span class='ocrx_word' id='word_1_173' title='bbox 1212 830 1266 856; x_wconf 74' lang='lat' dir='ltr'><strong>Kal</strong></span> <span class='ocrx_word' id='word_1_174' title='bbox 1280 830 1328 856; x_wconf 74' lang='grc' dir='ltr'><strong>οὐκ</strong></span> <span class='ocrx_word' id='word_1_175' title='bbox 1340 828 1373 865; x_wconf 81' lang='grc' dir='ltr'>ἦν</span> <span class='ocrx_word' id='word_1_176' title='bbox 1387 831 1401 857; x_wconf 85' lang='grc' dir='ltr'><strong>ό</strong></span> <span class='ocrx_word' id='word_1_177' title='bbox 1415 830 1602 864; x_wconf 79' lang='grc' dir='ltr'><strong>ἐπιγινώσκων</strong></span> <span class='ocrx_word' id='word_1_178' title='bbox 1619 839 1664 865; x_wconf 86' lang='grc' dir='ltr'>με.</span> 
     </span>
    </p>
   </div>
   <div class='ocr_carea' id='block_1_29' title="bbox 1090 872 1598 911">
    <p class='ocr_par' dir='ltr' id='par_1_29' title="bbox 1090 872 1598 911">
     <span class='ocr_line' id='line_1_29' title="bbox 1090 872 1598 911; baseline 0 -9"><span class='ocrx_word' id='word_1_179' title='bbox 1090 872 1114 902; x_wconf 84' lang='grc' dir='ltr'>Β</span> <span class='ocrx_word' id='word_1_180' title='bbox 1163 876 1204 902; x_wconf 79' lang='grc'><strong>10.</strong></span> <span class='ocrx_word' id='word_1_181' title='bbox 1219 876 1353 902; x_wconf 81' lang='grc' dir='ltr'>Ἀπώλετο</span> <span class='ocrx_word' id='word_1_182' title='bbox 1367 875 1439 911; x_wconf 84' lang='grc' dir='ltr'>φυγὴ</span> <span class='ocrx_word' id='word_1_183' title='bbox 1458 876 1504 902; x_wconf 82' lang='grc' dir='ltr'><strong>ἀπ’</strong></span> <span class='ocrx_word' id='word_1_184' title='bbox 1516 875 1598 911; x_wconf 77' lang='grc' dir='ltr'><strong>ἐμοῦ·</strong></span> 
     </span>
    </p>
   </div>
   <div class='ocr_carea' id='block_1_30' title="bbox 850 922 1353 951">
    <p class='ocr_par' dir='ltr' id='par_1_30' title="bbox 850 922 1353 951">
     <span class='ocr_line' id='line_1_30' title="bbox 850 922 1353 951; baseline 0 0"><span class='ocrx_word' id='word_1_185' title='bbox 850 922 1039 951; x_wconf 75' lang='lat' dir='ltr'><strong>ATHANASII</strong></span> <span class='ocrx_word' id='word_1_186' title='bbox 1059 922 1353 951; x_wconf 80' lang='lat' dir='ltr'><strong>INTERPRETATIO.</strong></span> 
     </span>
    </p>
   </div>
   <div class='ocr_carea' id='block_1_31' title="bbox 329 830 869 867">
    <p class='ocr_par' dir='ltr' id='par_1_31' title="bbox 329 830 869 867">
     <span class='ocr_line' id='line_1_31' title="bbox 329 830 869 867; baseline 0.004 -10"><span class='ocrx_word' id='word_1_187' title='bbox 329 831 355 858; x_wconf 89' lang='lat'><strong>9.</strong></span> <span class='ocrx_word' id='word_1_188' title='bbox 376 830 409 858; x_wconf 89' lang='lat' dir='ltr'><strong>Et</strong></span> <span class='ocrx_word' id='word_1_189' title='bbox 420 839 475 858; x_wconf 94' lang='lat' dir='ltr'><strong>non</strong></span> <span class='ocrx_word' id='word_1_190' title='bbox 489 836 547 859; x_wconf 87' lang='lat' dir='ltr'><strong>erat</strong></span> <span class='ocrx_word' id='word_1_191' title='bbox 559 831 604 866; x_wconf 86' lang='lat' dir='ltr'><strong>qui</strong></span> <span class='ocrx_word' id='word_1_192' title='bbox 619 836 794 867; x_wconf 86' lang='lat' dir='ltr'><strong>cognosceret</strong></span> <span class='ocrx_word' id='word_1_193' title='bbox 807 838 869 859; x_wconf 85' lang='lat' dir='ltr'><strong>me:</strong></span> 
     </span>
    </p>
   </div>
   <div class='ocr_carea' id='block_1_32' title="bbox 329 875 667 912">
    <p class='ocr_par' dir='ltr' id='par_1_32' title="bbox 329 875 667 912">
     <span class='ocr_line' id='line_1_32' title="bbox 329 875 667 912; baseline 0.006 -10"><span class='ocrx_word' id='word_1_194' title='bbox 329 876 372 904; x_wconf 78' lang='grc'><strong>10.</strong></span> <span class='ocrx_word' id='word_1_195' title='bbox 391 875 473 904; x_wconf 88' lang='lat' dir='ltr'><strong>Periit</strong></span> <span class='ocrx_word' id='word_1_196' title='bbox 490 876 552 912; x_wconf 83' lang='lat' dir='ltr'><strong>fuga</strong></span> <span class='ocrx_word' id='word_1_197' title='bbox 568 885 583 904; x_wconf 85' lang='lat' dir='ltr'><strong>a</strong></span> <span class='ocrx_word' id='word_1_198' title='bbox 601 885 644 904; x_wconf 88' lang='lat' dir='ltr'><strong>me</strong></span> <span class='ocrx_word' id='word_1_199' title='bbox 660 887 667 904; x_wconf 78' lang='grc' dir='ltr'><strong>ι</strong></span> 
     </span>
    </p>
   </div>
   <div class='ocr_carea' id='block_1_33' title="bbox 334 979 1895 1017">
    <p class='ocr_par' dir='ltr' id='par_1_33' title="bbox 334 979 1895 1017">
     <span class='ocr_line' id='line_1_33' title="bbox 334 979 1895 1017; baseline 0 -11"><span class='ocrx_word' id='word_1_200' title='bbox 334 980 364 1006; x_wconf 87' lang='lat' dir='ltr'><strong>&#39;H</strong></span> <span class='ocrx_word' id='word_1_201' title='bbox 375 980 540 1016; x_wconf 79' lang='grc' dir='ltr'><strong>προκειμένη</strong></span> <span class='ocrx_word' id='word_1_202' title='bbox 555 981 693 1017; x_wconf 75' lang='grc' dir='ltr'>ἐπιγραφὴ</span> <span class='ocrx_word' id='word_1_203' title='bbox 705 981 826 1017; x_wconf 74' lang='grc' dir='ltr'><strong>περιέχει</strong></span> <span class='ocrx_word' id='word_1_204' title='bbox 842 981 880 1016; x_wconf 77' lang='grc'><strong>(1)</strong></span> <span class='ocrx_word' id='word_1_205' title='bbox 890 989 896 996; x_wconf 67' lang='grc' dir='ltr'>ι</span> <span class='ocrx_word' id='word_1_206' title='bbox 914 980 1069 1014; x_wconf 77' lang='grc' dir='ltr'>Συνέσεως</span> <span class='ocrx_word' id='word_1_207' title='bbox 1080 980 1120 1013; x_wconf 80' lang='grc' dir='ltr'>τῷ</span> <span class='ocrx_word' id='word_1_208' title='bbox 1130 979 1261 1007; x_wconf 74' lang='grc' dir='ltr'>Δαϐὶδὲν</span> <span class='ocrx_word' id='word_1_209' title='bbox 1275 980 1314 1013; x_wconf 83' lang='grc' dir='ltr'>τῷ</span> <span class='ocrx_word' id='word_1_210' title='bbox 1325 980 1402 1007; x_wconf 78' lang='grc' dir='ltr'>εἶναι</span> <span class='ocrx_word' id='word_1_211' title='bbox 1417 980 1510 1008; x_wconf 75' lang='grc' dir='ltr'>αὑτὸν</span> <span class='ocrx_word' id='word_1_212' title='bbox 1523 981 1558 1007; x_wconf 74' lang='grc' dir='ltr'>ἐν</span> <span class='ocrx_word' id='word_1_213' title='bbox 1571 980 1610 1013; x_wconf 83' lang='grc' dir='ltr'>τῷ</span> <span class='ocrx_word' id='word_1_214' title='bbox 1623 981 1767 1014; x_wconf 71' lang='grc' dir='ltr'>σπηλαίῳ</span> <span class='ocrx_word' id='word_1_215' title='bbox 1785 987 1895 1014; x_wconf 70' lang='grc' dir='ltr'>προσειι·</span> 
     </span>
    </p>
   </div>
   <div class='ocr_carea' id='block_1_34' title="bbox 293 1024 1896 1062">
    <p class='ocr_par' dir='ltr' id='par_1_34' title="bbox 293 1024 1896 1062">
     <span class='ocr_line' id='line_1_34' title="bbox 293 1024 1896 1062; baseline -0.001 -11"><span class='ocrx_word' id='word_1_216' title='bbox 293 1024 428 1059; x_wconf 77' lang='grc' dir='ltr'>χύμενον.</span> <span class='ocrx_word' id='word_1_217' title='bbox 447 1026 531 1052; x_wconf 86' lang='grc' dir='ltr'>Τοῦτο</span> <span class='ocrx_word' id='word_1_218' title='bbox 540 1024 586 1053; x_wconf 86' lang='grc' dir='ltr'>οὗν</span> <span class='ocrx_word' id='word_1_219' title='bbox 599 1027 673 1053; x_wconf 78' lang='grc' dir='ltr'>ἐστι’</span> <span class='ocrx_word' id='word_1_220' title='bbox 698 1027 728 1053; x_wconf 81' lang='grc' dir='ltr'>τὸ</span> <span class='ocrx_word' id='word_1_221' title='bbox 745 1027 798 1053; x_wconf 85' lang='grc' dir='ltr'>τοῦ</span> <span class='ocrx_word' id='word_1_222' title='bbox 818 1027 906 1053; x_wconf 76' lang='grc' dir='ltr'><strong>Δαόὶὸ</strong></span> <span class='ocrx_word' id='word_1_223' title='bbox 923 1026 1007 1062; x_wconf 79' lang='grc' dir='ltr'>δνομα</span> <span class='ocrx_word' id='word_1_224' title='bbox 1027 1026 1161 1061; x_wconf 77' lang='grc' dir='ltr'><strong>διαφόρως</strong></span> <span class='ocrx_word' id='word_1_225' title='bbox 1184 1026 1374 1061; x_wconf 79' lang='grc' dir='ltr'><strong>ἑρμηνεύεται,</strong></span> <span class='ocrx_word' id='word_1_226' title='bbox 1393 1025 1430 1057; x_wconf 80' lang='grc' dir='ltr'>ὡς</span> <span class='ocrx_word' id='word_1_227' title='bbox 1456 1026 1585 1057; x_wconf 81' lang='grc' dir='ltr'><strong>πολλάκις</strong></span> <span class='ocrx_word' id='word_1_228' title='bbox 1608 1026 1777 1060; x_wconf 74' lang='grc' dir='ltr'>εἱρήκαμεν·</span> <span class='ocrx_word' id='word_1_229' title='bbox 1799 1025 1840 1052; x_wconf 80' lang='grc' dir='ltr'>ὅτε</span> <span class='ocrx_word' id='word_1_230' title='bbox 1854 1024 1896 1058; x_wconf 82' lang='grc' dir='ltr'><strong>γὰρ</strong></span> 
     </span>
    </p>
   </div>
   <div class='ocr_carea' id='block_1_35' title="bbox 293 1071 1896 1111">
    <p class='ocr_par' dir='ltr' id='par_1_35' title="bbox 293 1071 1896 1111">
     <span class='ocr_line' id='line_1_35' title="bbox 293 1071 1896 1111; baseline -0.001 -13"><span class='ocrx_word' id='word_1_231' title='bbox 293 1073 332 1103; x_wconf 80' lang='grc' dir='ltr'><strong>εις</strong></span> <span class='ocrx_word' id='word_1_232' title='bbox 348 1073 492 1107; x_wconf 82' lang='grc' dir='ltr'>πρόσωπον</span> <span class='ocrx_word' id='word_1_233' title='bbox 519 1073 566 1100; x_wconf 78' lang='grc' dir='ltr'><strong>τοῦ</strong></span> <span class='ocrx_word' id='word_1_234' title='bbox 588 1074 690 1110; x_wconf 82' lang='grc' dir='ltr'>Κυρίου</span> <span class='ocrx_word' id='word_1_235' title='bbox 714 1074 841 1110; x_wconf 82' lang='grc' dir='ltr'><strong>εὑρήσεις</strong></span> <span class='ocrx_word' id='word_1_236' title='bbox 861 1073 927 1100; x_wconf 74' lang='grc' dir='ltr'>αὐτὸ</span> <span class='ocrx_word' id='word_1_237' title='bbox 949 1074 1084 1108; x_wconf 83' lang='grc' dir='ltr'>κείμενον,</span> <span class='ocrx_word' id='word_1_238' title='bbox 1099 1072 1279 1108; x_wconf 79' lang='grc' dir='ltr'>ἑρμηνεύεται</span> <span class='ocrx_word' id='word_1_239' title='bbox 1302 1072 1404 1111; x_wconf 58' lang='grc' dir='ltr'>ἱκανὸς</span> <span class='ocrx_word' id='word_1_240' title='bbox 1424 1073 1515 1107; x_wconf 81' lang='grc' dir='ltr'>χειρί·</span> <span class='ocrx_word' id='word_1_241' title='bbox 1535 1073 1580 1100; x_wconf 82' lang='grc' dir='ltr'>ὅτε</span> <span class='ocrx_word' id='word_1_242' title='bbox 1595 1072 1623 1099; x_wconf 83' lang='grc' dir='ltr'><strong>δὲ</strong></span> <span class='ocrx_word' id='word_1_243' title='bbox 1637 1073 1676 1104; x_wconf 77' lang='grc' dir='ltr'>εἰς</span> <span class='ocrx_word' id='word_1_244' title='bbox 1690 1071 1837 1107; x_wconf 81' lang='grc' dir='ltr'>πρόσωπον</span> <span class='ocrx_word' id='word_1_245' title='bbox 1854 1071 1896 1097; x_wconf 77' lang='grc' dir='ltr'><strong>τῶν</strong></span> 
     </span>
    </p>
   </div>
   <div class='ocr_carea' id='block_1_36' title="bbox 291 1119 1897 1157">
    <p class='ocr_par' dir='ltr' id='par_1_36' title="bbox 291 1119 1897 1157">
     <span class='ocr_line' id='line_1_36' title="bbox 291 1119 1897 1157; baseline -0.001 -11"><span class='ocrx_word' id='word_1_246' title='bbox 291 1119 411 1153; x_wconf 83' lang='grc' dir='ltr'>δικαίων,</span> <span class='ocrx_word' id='word_1_247' title='bbox 431 1121 609 1156; x_wconf 74' lang='grc' dir='ltr'>ἑρμηνεύεται</span> <span class='ocrx_word' id='word_1_248' title='bbox 621 1122 828 1156; x_wconf 77' lang='grc' dir='ltr'>πεποθήμενος</span> <span class='ocrx_word' id='word_1_249' title='bbox 838 1130 844 1136; x_wconf 93' lang='grc'><strong>·</strong></span> <span class='ocrx_word' id='word_1_250' title='bbox 864 1121 909 1147; x_wconf 77' lang='grc' dir='ltr'>ὅτε</span> <span class='ocrx_word' id='word_1_251' title='bbox 922 1121 951 1147; x_wconf 70' lang='grc' dir='ltr'><strong>δὲ</strong></span> <span class='ocrx_word' id='word_1_252' title='bbox 963 1121 1003 1152; x_wconf 74' lang='grc' dir='ltr'>εἰς</span> <span class='ocrx_word' id='word_1_253' title='bbox 1018 1120 1162 1155; x_wconf 86' lang='grc' dir='ltr'>πρόσωπον</span> <span class='ocrx_word' id='word_1_254' title='bbox 1176 1120 1230 1146; x_wconf 81' lang='grc' dir='ltr'><strong>τῶν</strong></span> <span class='ocrx_word' id='word_1_255' title='bbox 1245 1119 1456 1157; x_wconf 83' lang='grc' dir='ltr'>ἁμαρτανόντων</span> <span class='ocrx_word' id='word_1_256' title='bbox 1481 1120 1528 1146; x_wconf 76' lang='grc' dir='ltr'>κα).</span> <span class='ocrx_word' id='word_1_257' title='bbox 1547 1119 1769 1154; x_wconf 72' lang='grc' dir='ltr'>ἐπιστρεφόντων</span> <span class='ocrx_word' id='word_1_258' title='bbox 1789 1119 1897 1154; x_wconf 74' lang='grc' dir='ltr'>εὑρήσεις</span> 
     </span>
    </p>
   </div>
   <div class='ocr_carea' id='block_1_37' title="bbox 292 1164 1896 1205">
    <p class='ocr_par' dir='ltr' id='par_1_37' title="bbox 292 1164 1896 1205">
     <span class='ocr_line' id='line_1_37' title="bbox 292 1164 1896 1205; baseline -0.001 -12"><span class='ocrx_word' id='word_1_259' title='bbox 292 1167 357 1194; x_wconf 78' lang='grc' dir='ltr'>αὐτὸ</span> <span class='ocrx_word' id='word_1_260' title='bbox 372 1168 505 1203; x_wconf 76' lang='grc' dir='ltr'>κείμενον,</span> <span class='ocrx_word' id='word_1_261' title='bbox 515 1169 750 1205; x_wconf 80' lang='grc' dir='ltr'>ἑξουθενημένον</span> <span class='ocrx_word' id='word_1_262' title='bbox 762 1169 804 1196; x_wconf 78' lang='grc' dir='ltr'><strong>διὰ</strong></span> <span class='ocrx_word' id='word_1_263' title='bbox 816 1169 865 1201; x_wconf 76' lang='grc' dir='ltr'><strong>τὰς</strong></span> <span class='ocrx_word' id='word_1_264' title='bbox 880 1169 1016 1204; x_wconf 83' lang='grc' dir='ltr'>ἁμαρτίας</span> <span class='ocrx_word' id='word_1_265' title='bbox 1033 1167 1125 1194; x_wconf 85' lang='grc' dir='ltr'>αὑτοῦ.</span> <span class='ocrx_word' id='word_1_266' title='bbox 1142 1167 1267 1203; x_wconf 77' lang='grc' dir='ltr'>[Ψαλμδς</span> <span class='ocrx_word' id='word_1_267' title='bbox 1279 1165 1325 1193; x_wconf 79' lang='grc' dir='ltr'>οὖν</span> <span class='ocrx_word' id='word_1_268' title='bbox 1340 1166 1458 1203; x_wconf 76' lang='grc' dir='ltr'>εἴρηται]</span> <span class='ocrx_word' id='word_1_269' title='bbox 1472 1168 1512 1198; x_wconf 79' lang='grc' dir='ltr'>εἰς</span> <span class='ocrx_word' id='word_1_270' title='bbox 1528 1167 1573 1193; x_wconf 81' lang='grc' dir='ltr'>τὸν</span> <span class='ocrx_word' id='word_1_271' title='bbox 1584 1166 1646 1192; x_wconf 71' lang='grc' dir='ltr'>λαὸν</span> <span class='ocrx_word' id='word_1_272' title='bbox 1661 1166 1707 1192; x_wconf 80' lang='grc' dir='ltr'>τὸν</span> <span class='ocrx_word' id='word_1_273' title='bbox 1719 1164 1896 1202; x_wconf 73' lang='grc' dir='ltr'>ἡμαρτηκότα.</span> 
     </span>
    </p>
   </div>
   <div class='ocr_carea' id='block_1_38' title="bbox 292 1210 1896 1250">
    <p class='ocr_par' dir='ltr' id='par_1_38' title="bbox 292 1210 1896 1250">
     <span class='ocr_line' id='line_1_38' title="bbox 292 1210 1896 1250; baseline -0.002 -11"><span class='ocrx_word' id='word_1_274' title='bbox 292 1213 339 1239; x_wconf 74' lang='grc' dir='ltr'><strong>καὶ</strong></span> <span class='ocrx_word' id='word_1_275' title='bbox 357 1215 397 1245; x_wconf 79' lang='grc' dir='ltr'><strong>εἰς</strong></span> <span class='ocrx_word' id='word_1_276' title='bbox 414 1213 519 1241; x_wconf 77' lang='grc' dir='ltr'>σύνεσιν</span> <span class='ocrx_word' id='word_1_277' title='bbox 534 1215 654 1247; x_wconf 81' lang='grc' dir='ltr'>ἐλθόντα,</span> <span class='ocrx_word' id='word_1_278' title='bbox 670 1216 717 1241; x_wconf 71' lang='grc' dir='ltr'>καὶ</span> <span class='ocrx_word' id='word_1_279' title='bbox 731 1217 759 1241; x_wconf 79' lang='grc' dir='ltr'>ὲν</span> <span class='ocrx_word' id='word_1_280' title='bbox 773 1214 897 1250; x_wconf 76' lang='grc' dir='ltr'>σπηλαίῳ</span> <span class='ocrx_word' id='word_1_281' title='bbox 909 1213 1004 1239; x_wconf 76' lang='grc' dir='ltr'>ἑαυτὸν</span> <span class='ocrx_word' id='word_1_282' title='bbox 1022 1211 1248 1243; x_wconf 77' lang='grc' dir='ltr'>κατακλείσαντα,</span> <span class='ocrx_word' id='word_1_283' title='bbox 1267 1213 1314 1238; x_wconf 75' lang='grc' dir='ltr'>καὶ</span> <span class='ocrx_word' id='word_1_284' title='bbox 1332 1212 1548 1247; x_wconf 76' lang='grc' dir='ltr'>προσευχόμενον</span> <span class='ocrx_word' id='word_1_285' title='bbox 1566 1210 1634 1246; x_wconf 76' lang='grc' dir='ltr'>μετὰ</span> <span class='ocrx_word' id='word_1_286' title='bbox 1645 1210 1776 1246; x_wconf 77' lang='grc' dir='ltr'>δακρύων</span> <span class='ocrx_word' id='word_1_287' title='bbox 1795 1210 1896 1246; x_wconf 72' lang='grc' dir='ltr'>ἰσχυρῶν</span> 
     </span>
    </p>
   </div>
   <div class='ocr_carea' id='block_1_39' title="bbox 291 1256 1618 1294">
    <p class='ocr_par' dir='ltr' id='par_1_39' title="bbox 291 1256 1618 1294">
     <span class='ocr_line' id='line_1_39' title="bbox 291 1256 1618 1294; baseline -0.001 -10"><span class='ocrx_word' id='word_1_288' title='bbox 291 1258 533 1294; x_wconf 73' lang='grc' dir='ltr'>ἑξομολογούμενον</span> <span class='ocrx_word' id='word_1_289' title='bbox 543 1266 550 1274; x_wconf 88' lang='grc'>·</span> <span class='ocrx_word' id='word_1_290' title='bbox 563 1259 600 1290; x_wconf 81' lang='grc' dir='ltr'>ὼς</span> <span class='ocrx_word' id='word_1_291' title='bbox 613 1259 642 1285; x_wconf 82' lang='grc' dir='ltr'><strong>δὲ</strong></span> <span class='ocrx_word' id='word_1_292' title='bbox 654 1259 720 1285; x_wconf 83' lang='grc' dir='ltr'>αὐτὸ</span> <span class='ocrx_word' id='word_1_293' title='bbox 735 1258 814 1285; x_wconf 74' lang='grc' dir='ltr'>τοῦτο</span> <span class='ocrx_word' id='word_1_294' title='bbox 827 1258 912 1293; x_wconf 88' lang='grc' dir='ltr'>δηλοῖ,</span> <span class='ocrx_word' id='word_1_295' title='bbox 927 1257 1027 1292; x_wconf 79' lang='grc' dir='ltr'>ὁμοίως</span> <span class='ocrx_word' id='word_1_296' title='bbox 1041 1256 1070 1282; x_wconf 81' lang='grc' dir='ltr'><strong>δὲ</strong></span> <span class='ocrx_word' id='word_1_297' title='bbox 1087 1257 1135 1283; x_wconf 74' lang='grc' dir='ltr'>καὶ</span> <span class='ocrx_word' id='word_1_298' title='bbox 1145 1257 1159 1282; x_wconf 86' lang='grc' dir='ltr'>ὁ</span> <span class='ocrx_word' id='word_1_299' title='bbox 1171 1256 1277 1289; x_wconf 70' lang='grc' dir='ltr'>ψαλμὸς</span> <span class='ocrx_word' id='word_1_300' title='bbox 1294 1257 1386 1291; x_wconf 76' lang='grc' dir='ltr'>σαφῶς</span> <span class='ocrx_word' id='word_1_301' title='bbox 1397 1257 1475 1283; x_wconf 81' lang='grc' dir='ltr'>τοῦτο</span> <span class='ocrx_word' id='word_1_302' title='bbox 1489 1257 1618 1284; x_wconf 79' lang='grc' dir='ltr'>διδάσκει;</span> 
     </span>
    </p>
   </div>
   <div class='ocr_carea' id='block_1_40' title="bbox 327 1302 1896 1339">
    <p class='ocr_par' dir='ltr' id='par_1_40' title="bbox 327 1302 1896 1339">
     <span class='ocr_line' id='line_1_40' title="bbox 327 1302 1896 1339; baseline -0.001 -10"><span class='ocrx_word' id='word_1_303' title='bbox 327 1303 434 1331; x_wconf 88' lang='lat' dir='ltr'><strong>Titulus</strong></span> <span class='ocrx_word' id='word_1_304' title='bbox 450 1303 610 1339; x_wconf 69' lang='lat' dir='ltr'><strong>praepositus</strong></span> <span class='ocrx_word' id='word_1_305' title='bbox 625 1304 747 1331; x_wconf 87' lang='lat' dir='ltr'><strong>continet</strong></span> <span class='ocrx_word' id='word_1_306' title='bbox 763 1311 770 1329; x_wconf 91' lang='lat'><strong>:</strong></span> <span class='ocrx_word' id='word_1_307' title='bbox 793 1302 946 1330; x_wconf 79' lang='lat' dir='ltr'><strong>Intellectus</strong></span> <span class='ocrx_word' id='word_1_308' title='bbox 959 1302 1054 1336; x_wconf 82' lang='lat' dir='ltr'><strong>David,</strong></span> <span class='ocrx_word' id='word_1_309' title='bbox 1065 1310 1122 1329; x_wconf 85' lang='lat' dir='ltr'><strong>cum</strong></span> <span class='ocrx_word' id='word_1_310' title='bbox 1134 1307 1202 1329; x_wconf 73' lang='lat' dir='ltr'><strong>esset</strong></span> <span class='ocrx_word' id='word_1_311' title='bbox 1217 1310 1271 1337; x_wconf 76' lang='lat' dir='ltr'><strong>ipse</strong></span> <span class='ocrx_word' id='word_1_312' title='bbox 1287 1304 1313 1329; x_wconf 88' lang='lat' dir='ltr'><strong>in</strong></span> <span class='ocrx_word' id='word_1_313' title='bbox 1329 1303 1455 1337; x_wconf 74' lang='lat' dir='ltr'><strong>spelunca</strong></span> <span class='ocrx_word' id='word_1_314' title='bbox 1472 1311 1560 1330; x_wconf 73' lang='lat' dir='ltr'><strong>orans.</strong></span> <span class='ocrx_word' id='word_1_315' title='bbox 1574 1303 1613 1329; x_wconf 87' lang='lat' dir='ltr'><strong>ita</strong></span> <span class='ocrx_word' id='word_1_316' title='bbox 1626 1303 1709 1338; x_wconf 79' lang='lat' dir='ltr'><strong>igitur</strong></span> <span class='ocrx_word' id='word_1_317' title='bbox 1722 1310 1770 1330; x_wconf 87' lang='lat' dir='ltr'><strong>res</strong></span> <span class='ocrx_word' id='word_1_318' title='bbox 1782 1307 1822 1330; x_wconf 88' lang='lat' dir='ltr'><strong>est</strong></span> <span class='ocrx_word' id='word_1_319' title='bbox 1835 1310 1842 1328; x_wconf 88' lang='lat'><strong>:</strong></span> <span class='ocrx_word' id='word_1_320' title='bbox 1855 1308 1896 1328; x_wconf 86' lang='lat' dir='ltr'><strong>no-</strong></span> 
     </span>
    </p>
   </div>
   <div class='ocr_carea' id='block_1_41' title="bbox 291 1349 1897 1386">
    <p class='ocr_par' dir='ltr' id='par_1_41' title="bbox 291 1349 1897 1386">
     <span class='ocr_line' id='line_1_41' title="bbox 291 1349 1897 1386; baseline -0.001 -8"><span class='ocrx_word' id='word_1_321' title='bbox 291 1359 353 1378; x_wconf 82' lang='lat' dir='ltr'><strong>men</strong></span> <span class='ocrx_word' id='word_1_322' title='bbox 367 1351 453 1378; x_wconf 76' lang='lat' dir='ltr'><strong>Dat-id</strong></span> <span class='ocrx_word' id='word_1_323' title='bbox 465 1351 540 1378; x_wconf 83' lang='lat' dir='ltr'><strong>varie</strong></span> <span class='ocrx_word' id='word_1_324' title='bbox 551 1351 753 1386; x_wconf 82' lang='lat' dir='ltr'><strong>interpretatur,</strong></span> <span class='ocrx_word' id='word_1_325' title='bbox 769 1357 798 1377; x_wconf 90' lang='lat' dir='ltr'><strong>ut</strong></span> <span class='ocrx_word' id='word_1_326' title='bbox 816 1351 915 1385; x_wconf 66' lang='lat' dir='ltr'><strong>smpius</strong></span> <span class='ocrx_word' id='word_1_327' title='bbox 926 1349 1046 1377; x_wconf 82' lang='lat' dir='ltr'><strong>diximus</strong></span> <span class='ocrx_word' id='word_1_328' title='bbox 1060 1359 1066 1376; x_wconf 91' lang='lat'>:</span> <span class='ocrx_word' id='word_1_329' title='bbox 1084 1350 1164 1377; x_wconf 89' lang='lat' dir='ltr'><strong>modo</strong></span> <span class='ocrx_word' id='word_1_330' title='bbox 1176 1350 1249 1378; x_wconf 90' lang='lat' dir='ltr'><strong>enim</strong></span> <span class='ocrx_word' id='word_1_331' title='bbox 1271 1351 1389 1385; x_wconf 89' lang='lat' dir='ltr'><strong>positum</strong></span> <span class='ocrx_word' id='word_1_332' title='bbox 1406 1351 1528 1378; x_wconf 84' lang='lat' dir='ltr'><strong>invenies</strong></span> <span class='ocrx_word' id='word_1_333' title='bbox 1539 1351 1572 1377; x_wconf 88' lang='lat' dir='ltr'><strong>ad</strong></span> <span class='ocrx_word' id='word_1_334' title='bbox 1584 1350 1796 1386; x_wconf 79' lang='lat' dir='ltr'><strong>signiﬁcandam</strong></span> <span class='ocrx_word' id='word_1_335' title='bbox 1817 1357 1897 1386; x_wconf 69' lang='lat' dir='ltr'><strong>perso«</strong></span> 
     </span>
    </p>
   </div>
   <div class='ocr_carea' id='block_1_42' title="bbox 291 1395 1896 1431">
    <p class='ocr_par' dir='ltr' id='par_1_42' title="bbox 291 1395 1896 1431">
     <span class='ocr_line' id='line_1_42' title="bbox 291 1395 1896 1431; baseline -0.001 -8"><span class='ocrx_word' id='word_1_336' title='bbox 291 1404 354 1423; x_wconf 88' lang='lat' dir='ltr'><strong>nam</strong></span> <span class='ocrx_word' id='word_1_337' title='bbox 365 1395 482 1428; x_wconf 87' lang='lat' dir='ltr'><strong>Domini,</strong></span> <span class='ocrx_word' id='word_1_338' title='bbox 495 1400 522 1423; x_wconf 88' lang='lat' dir='ltr'><strong>et</strong></span> <span class='ocrx_word' id='word_1_339' title='bbox 532 1401 596 1424; x_wconf 85' lang='lat' dir='ltr'><strong>tunc</strong></span> <span class='ocrx_word' id='word_1_340' title='bbox 610 1397 801 1431; x_wconf 84' lang='lat' dir='ltr'><strong>interpretatur</strong></span> <span class='ocrx_word' id='word_1_341' title='bbox 820 1404 900 1422; x_wconf 78' lang='lat' dir='ltr'><strong>manu</strong></span> <span class='ocrx_word' id='word_1_342' title='bbox 918 1396 994 1430; x_wconf 72' lang='lat' dir='ltr'><strong>{ortis</strong></span> <span class='ocrx_word' id='word_1_343' title='bbox 1012 1403 1021 1422; x_wconf 86' lang='lat'><em>:</em></span> <span class='ocrx_word' id='word_1_344' title='bbox 1035 1396 1115 1423; x_wconf 88' lang='lat' dir='ltr'><strong>modo</strong></span> <span class='ocrx_word' id='word_1_345' title='bbox 1129 1401 1219 1423; x_wconf 87' lang='lat' dir='ltr'><strong>autem</strong></span> <span class='ocrx_word' id='word_1_346' title='bbox 1232 1396 1265 1423; x_wconf 87' lang='lat' dir='ltr'><strong>ad</strong></span> <span class='ocrx_word' id='word_1_347' title='bbox 1279 1404 1422 1431; x_wconf 78' lang='lat' dir='ltr'><strong>personam</strong></span> <span class='ocrx_word' id='word_1_348' title='bbox 1435 1396 1572 1431; x_wconf 89' lang='lat' dir='ltr'><strong>justorum</strong></span> <span class='ocrx_word' id='word_1_349' title='bbox 1582 1416 1589 1428; x_wconf 85' lang='lat'><strong><em>,</em></strong></span> <span class='ocrx_word' id='word_1_350' title='bbox 1600 1402 1626 1423; x_wconf 88' lang='lat' dir='ltr'><strong>et</strong></span> <span class='ocrx_word' id='word_1_351' title='bbox 1636 1401 1702 1424; x_wconf 89' lang='lat' dir='ltr'><strong>tunc</strong></span> <span class='ocrx_word' id='word_1_352' title='bbox 1714 1397 1896 1431; x_wconf 83' lang='lat' dir='ltr'><strong>interpretatur</strong></span> 
     </span>
    </p>
   </div>
   <div class='ocr_carea' id='block_1_43' title="bbox 290 1442 1895 1479">
    <p class='ocr_par' dir='ltr' id='par_1_43' title="bbox 290 1442 1895 1479">
     <span class='ocr_line' id='line_1_43' title="bbox 290 1442 1895 1479; baseline 0.001 -11"><span class='ocrx_word' id='word_1_353' title='bbox 290 1442 454 1469; x_wconf 71' lang='lat' dir='ltr'><strong>desideratus</strong></span> <span class='ocrx_word' id='word_1_354' title='bbox 467 1451 475 1469; x_wconf 89' lang='lat'><strong><em>:</em></strong></span> <span class='ocrx_word' id='word_1_355' title='bbox 493 1443 573 1470; x_wconf 90' lang='lat' dir='ltr'><strong>modo</strong></span> <span class='ocrx_word' id='word_1_356' title='bbox 584 1451 648 1470; x_wconf 85' lang='lat' dir='ltr'><strong>vero</strong></span> <span class='ocrx_word' id='word_1_357' title='bbox 666 1443 699 1470; x_wconf 91' lang='lat' dir='ltr'><strong>ad</strong></span> <span class='ocrx_word' id='word_1_358' title='bbox 714 1451 858 1478; x_wconf 82' lang='lat' dir='ltr'><strong>personam</strong></span> <span class='ocrx_word' id='word_1_359' title='bbox 873 1450 980 1474; x_wconf 89' lang='lat' dir='ltr'><strong>eorum,</strong></span> <span class='ocrx_word' id='word_1_360' title='bbox 1005 1444 1052 1478; x_wconf 91' lang='lat' dir='ltr'><strong>qui</strong></span> <span class='ocrx_word' id='word_1_361' title='bbox 1067 1448 1226 1478; x_wconf 86' lang='lat' dir='ltr'><strong>peccarunt,</strong></span> <span class='ocrx_word' id='word_1_362' title='bbox 1242 1449 1267 1471; x_wconf 88' lang='lat' dir='ltr'><strong>et</strong></span> <span class='ocrx_word' id='word_1_363' title='bbox 1281 1451 1311 1471; x_wconf 88' lang='lat' dir='ltr'><strong>se</strong></span> <span class='ocrx_word' id='word_1_364' title='bbox 1328 1448 1531 1476; x_wconf 79' lang='lat' dir='ltr'><strong>converterunt,</strong></span> <span class='ocrx_word' id='word_1_365' title='bbox 1551 1443 1616 1471; x_wconf 90' lang='lat' dir='ltr'><strong>illud</strong></span> <span class='ocrx_word' id='word_1_366' title='bbox 1639 1444 1762 1479; x_wconf 87' lang='lat' dir='ltr'><strong>positum</strong></span> <span class='ocrx_word' id='word_1_367' title='bbox 1777 1444 1895 1474; x_wconf 48' lang='lat' dir='ltr'><strong>insania.</strong></span> 
     </span>
    </p>
   </div>
   <div class='ocr_carea' id='block_1_44' title="bbox 289 1490 1896 1528">
    <p class='ocr_par' dir='ltr' id='par_1_44' title="bbox 289 1490 1896 1528">
     <span class='ocr_line' id='line_1_44' title="bbox 289 1490 1896 1528; baseline 0.001 -12"><span class='ocrx_word' id='word_1_368' title='bbox 289 1493 316 1515; x_wconf 81' lang='lat' dir='ltr'><strong>et</strong></span> <span class='ocrx_word' id='word_1_369' title='bbox 327 1494 391 1517; x_wconf 86' lang='lat' dir='ltr'><strong>tunc</strong></span> <span class='ocrx_word' id='word_1_370' title='bbox 405 1490 599 1526; x_wconf 82' lang='lat' dir='ltr'><strong>interpretatur</strong></span> <span class='ocrx_word' id='word_1_371' title='bbox 614 1496 775 1526; x_wconf 71' lang='lat' dir='ltr'><strong>contemptus</strong></span> <span class='ocrx_word' id='word_1_372' title='bbox 790 1491 826 1518; x_wconf 83' lang='lat' dir='ltr'><strong>ob</strong></span> <span class='ocrx_word' id='word_1_373' title='bbox 840 1496 949 1526; x_wconf 86' lang='lat' dir='ltr'><strong>peccata</strong></span> <span class='ocrx_word' id='word_1_374' title='bbox 961 1499 1020 1519; x_wconf 83' lang='lat' dir='ltr'><strong>sua.</strong></span> <span class='ocrx_word' id='word_1_375' title='bbox 1033 1491 1160 1519; x_wconf 82' lang='lat' dir='ltr'><strong>l’salmus</strong></span> <span class='ocrx_word' id='word_1_376' title='bbox 1173 1492 1255 1527; x_wconf 82' lang='lat' dir='ltr'><strong>igitur</strong></span> <span class='ocrx_word' id='word_1_377' title='bbox 1271 1492 1361 1520; x_wconf 87' lang='lat' dir='ltr'><strong>dictus</strong></span> <span class='ocrx_word' id='word_1_378' title='bbox 1374 1497 1415 1520; x_wconf 87' lang='lat' dir='ltr'><strong>est</strong></span> <span class='ocrx_word' id='word_1_379' title='bbox 1428 1492 1462 1520; x_wconf 90' lang='lat' dir='ltr'><strong>de</strong></span> <span class='ocrx_word' id='word_1_380' title='bbox 1477 1492 1575 1528; x_wconf 89' lang='lat' dir='ltr'><strong>popqu</strong></span> <span class='ocrx_word' id='word_1_381' title='bbox 1586 1512 1594 1525; x_wconf 84' lang='lat'>,</span> <span class='ocrx_word' id='word_1_382' title='bbox 1612 1492 1658 1527; x_wconf 85' lang='lat' dir='ltr'><strong>qui</strong></span> <span class='ocrx_word' id='word_1_383' title='bbox 1681 1493 1818 1527; x_wconf 75' lang='lat' dir='ltr'><strong>peccavit,</strong></span> <span class='ocrx_word' id='word_1_384' title='bbox 1831 1497 1856 1519; x_wconf 92' lang='lat' dir='ltr'><strong>et</strong></span> <span class='ocrx_word' id='word_1_385' title='bbox 1875 1491 1896 1517; x_wconf 87' lang='lat' dir='ltr'><strong>il</strong></span> 
     </span>
    </p>
   </div>
   <div class='ocr_carea' id='block_1_45' title="bbox 289 1536 1897 1574">
    <p class='ocr_par' dir='ltr' id='par_1_45' title="bbox 289 1536 1897 1574">
     <span class='ocr_line' id='line_1_45' title="bbox 289 1536 1897 1574; baseline 0.003 -13"><span class='ocrx_word' id='word_1_386' title='bbox 289 1536 456 1563; x_wconf 84' lang='lat' dir='ltr'><strong>intellectum</strong></span> <span class='ocrx_word' id='word_1_387' title='bbox 472 1537 556 1568; x_wconf 84' lang='lat' dir='ltr'><strong>venit,</strong></span> <span class='ocrx_word' id='word_1_388' title='bbox 573 1542 600 1564; x_wconf 89' lang='lat' dir='ltr'><strong>et</strong></span> <span class='ocrx_word' id='word_1_389' title='bbox 610 1537 740 1565; x_wconf 86' lang='lat' dir='ltr'><strong>claudens</strong></span> <span class='ocrx_word' id='word_1_390' title='bbox 762 1545 793 1566; x_wconf 84' lang='lat' dir='ltr'><strong>se</strong></span> <span class='ocrx_word' id='word_1_391' title='bbox 808 1538 835 1565; x_wconf 88' lang='lat' dir='ltr'><strong>in</strong></span> <span class='ocrx_word' id='word_1_392' title='bbox 852 1538 992 1573; x_wconf 81' lang='lat' dir='ltr'><strong>spelunca,</strong></span> <span class='ocrx_word' id='word_1_393' title='bbox 1010 1542 1072 1565; x_wconf 82' lang='lat' dir='ltr'><strong>orat</strong></span> <span class='ocrx_word' id='word_1_394' title='bbox 1082 1546 1145 1566; x_wconf 90' lang='lat' dir='ltr'><strong>cum</strong></span> <span class='ocrx_word' id='word_1_395' title='bbox 1159 1539 1288 1574; x_wconf 80' lang='lat' dir='ltr'><strong>lacrymis</strong></span> <span class='ocrx_word' id='word_1_396' title='bbox 1303 1538 1410 1572; x_wconf 74' lang='lat' dir='ltr'><strong>validis,</strong></span> <span class='ocrx_word' id='word_1_397' title='bbox 1425 1543 1452 1566; x_wconf 86' lang='lat' dir='ltr'><strong>et</strong></span> <span class='ocrx_word' id='word_1_398' title='bbox 1466 1538 1627 1566; x_wconf 80' lang='lat' dir='ltr'><strong>conﬁtetur:</strong></span> <span class='ocrx_word' id='word_1_399' title='bbox 1652 1538 1725 1572; x_wconf 91' lang='lat' dir='ltr'><strong>quod</strong></span> <span class='ocrx_word' id='word_1_400' title='bbox 1741 1543 1835 1566; x_wconf 87' lang='lat' dir='ltr'><strong>autem</strong></span> <span class='ocrx_word' id='word_1_401' title='bbox 1855 1538 1897 1566; x_wconf 74' lang='lat' dir='ltr'><strong>hoc</strong></span> 
     </span>
    </p>
   </div>
   <div class='ocr_carea' id='block_1_46' title="bbox 290 1579 1274 1618">
    <p class='ocr_par' dir='ltr' id='par_1_46' title="bbox 290 1579 1274 1618">
     <span class='ocr_line' id='line_1_46' title="bbox 290 1579 1274 1618; baseline 0.004 -12"><span class='ocrx_word' id='word_1_402' title='bbox 290 1579 377 1614; x_wconf 87' lang='lat' dir='ltr'><strong>ipsum</strong></span> <span class='ocrx_word' id='word_1_403' title='bbox 401 1581 543 1616; x_wconf 80' lang='lat' dir='ltr'><strong>signiticet,</strong></span> <span class='ocrx_word' id='word_1_404' title='bbox 559 1582 684 1609; x_wconf 91' lang='lat' dir='ltr'><strong>similiter</strong></span> <span class='ocrx_word' id='word_1_405' title='bbox 695 1587 722 1610; x_wconf 88' lang='lat' dir='ltr'><strong>et</strong></span> <span class='ocrx_word' id='word_1_406' title='bbox 737 1582 858 1618; x_wconf 87' lang='lat' dir='ltr'><strong>psalmus</strong></span> <span class='ocrx_word' id='word_1_407' title='bbox 872 1583 930 1617; x_wconf 87' lang='lat' dir='ltr'><strong>ipse</strong></span> <span class='ocrx_word' id='word_1_408' title='bbox 954 1582 1096 1609; x_wconf 79' lang='lat' dir='ltr'><strong>manifeste</strong></span> <span class='ocrx_word' id='word_1_409' title='bbox 1111 1584 1163 1611; x_wconf 86' lang='lat' dir='ltr'><strong>hoc</strong></span> <span class='ocrx_word' id='word_1_410' title='bbox 1185 1583 1274 1611; x_wconf 86' lang='lat' dir='ltr'><strong>docet.</strong></span> 
     </span>
    </p>
   </div>
   <div class='ocr_carea' id='block_1_47' title="bbox 324 1635 1060 1678">
    <p class='ocr_par' dir='ltr' id='par_1_47' title="bbox 324 1638 1060 1678">
     <span class='ocr_line' id='line_1_47' title="bbox 324 1638 1060 1678; baseline 0.007 -13"><span class='ocrx_word' id='word_1_411' title='bbox 324 1639 368 1665; x_wconf 70' lang='grc'><strong>24.</strong></span> <span class='ocrx_word' id='word_1_412' title='bbox 386 1638 443 1665; x_wconf 76' lang='lat' dir='ltr'><strong>Non</strong></span> <span class='ocrx_word' id='word_1_413' title='bbox 459 1646 502 1666; x_wconf 85' lang='lat' dir='ltr'><strong>me</strong></span> <span class='ocrx_word' id='word_1_414' title='bbox 525 1639 584 1674; x_wconf 87' lang='lat' dir='ltr'><strong>ipse</strong></span> <span class='ocrx_word' id='word_1_415' title='bbox 599 1639 703 1666; x_wconf 83' lang='lat' dir='ltr'><strong>tradam</strong></span> <span class='ocrx_word' id='word_1_416' title='bbox 731 1639 757 1666; x_wconf 91' lang='lat' dir='ltr'><strong>in</strong></span> <span class='ocrx_word' id='word_1_417' title='bbox 774 1641 930 1668; x_wconf 83' lang='lat' dir='ltr'><strong>servitutem</strong></span> <span class='ocrx_word' id='word_1_418' title='bbox 943 1647 1060 1678; x_wconf 54' lang='lat' dir='ltr'><strong>peccato1</strong></span> 
     </span>
    </p>
   </div>
   <div class='ocr_carea' id='block_1_48' title="bbox 1141 1635 1896 1678">
    <p class='ocr_par' dir='ltr' id='par_1_48' title="bbox 1153 1639 1896 1676">
     <span class='ocr_line' id='line_1_48' title="bbox 1153 1639 1896 1676; baseline -0.001 -9"><span class='ocrx_word' id='word_1_419' title='bbox 1153 1639 1198 1667; x_wconf 65' lang='grc'><strong>24.</strong></span> <span class='ocrx_word' id='word_1_420' title='bbox 1216 1641 1273 1667; x_wconf 84' lang='grc' dir='ltr'><strong>Οὐκ</strong></span> <span class='ocrx_word' id='word_1_421' title='bbox 1285 1640 1316 1667; x_wconf 77' lang='grc' dir='ltr'>ἂν</span> <span class='ocrx_word' id='word_1_422' title='bbox 1332 1640 1457 1668; x_wconf 79' lang='grc' dir='ltr'>δουλὼσω</span> <span class='ocrx_word' id='word_1_423' title='bbox 1471 1640 1588 1675; x_wconf 76' lang='grc' dir='ltr'>ἐμαυτὸν</span> <span class='ocrx_word' id='word_1_424' title='bbox 1603 1642 1637 1676; x_wconf 74' lang='grc' dir='ltr'><strong>τῇ</strong></span> <span class='ocrx_word' id='word_1_425' title='bbox 1656 1641 1793 1676; x_wconf 67' lang='grc' dir='ltr'>ἁμαρτίᾳ,</span> <span class='ocrx_word' id='word_1_426' title='bbox 1807 1642 1856 1673; x_wconf 82' lang='grc' dir='ltr'><strong>ἓως</strong></span> <span class='ocrx_word' id='word_1_427' title='bbox 1871 1641 1896 1667; x_wconf 68' lang='grc' dir='ltr'>ἂν</span> 
     </span>
    </p>
   </div>
   <div class='ocr_carea' id='block_1_49' title="bbox 289 1683 769 1718">
    <p class='ocr_par' dir='ltr' id='par_1_49' title="bbox 289 1683 769 1718">
     <span class='ocr_line' id='line_1_49' title="bbox 289 1683 769 1718; baseline -0.004 -7"><span class='ocrx_word' id='word_1_428' title='bbox 289 1684 376 1711; x_wconf 83' lang='lat' dir='ltr'><strong>donec</strong></span> <span class='ocrx_word' id='word_1_429' title='bbox 389 1683 525 1718; x_wconf 69' lang='lat' dir='ltr'><strong>perﬁciam</strong></span> <span class='ocrx_word' id='word_1_430' title='bbox 540 1688 650 1711; x_wconf 87' lang='lat' dir='ltr'><strong>cursum</strong></span> <span class='ocrx_word' id='word_1_431' title='bbox 669 1691 769 1710; x_wconf 87' lang='lat' dir='ltr'><strong>meum.</strong></span> 
     </span>
    </p>
   </div>
   <div class='ocr_carea' id='block_1_50' title="bbox 323 1730 906 1766">
    <p class='ocr_par' dir='ltr' id='par_1_50' title="bbox 323 1730 906 1766">
     <span class='ocr_line' id='line_1_50' title="bbox 323 1730 906 1766; baseline 0.003 -9"><span class='ocrx_word' id='word_1_432' title='bbox 323 1731 350 1757; x_wconf 74' lang='grc'>1.</span> <span class='ocrx_word' id='word_1_433' title='bbox 365 1730 393 1757; x_wconf 94' lang='lat' dir='ltr'><strong>In</strong></span> <span class='ocrx_word' id='word_1_434' title='bbox 407 1730 500 1758; x_wconf 83' lang='lat' dir='ltr'><strong>dolore</strong></span> <span class='ocrx_word' id='word_1_435' title='bbox 511 1731 602 1758; x_wconf 88' lang='lat' dir='ltr'><strong>cordis</strong></span> <span class='ocrx_word' id='word_1_436' title='bbox 615 1731 668 1758; x_wconf 89' lang='lat' dir='ltr'><strong>mei</strong></span> <span class='ocrx_word' id='word_1_437' title='bbox 688 1731 805 1766; x_wconf 80' lang='lat' dir='ltr'><strong>ingemui</strong></span> <span class='ocrx_word' id='word_1_438' title='bbox 824 1732 855 1758; x_wconf 82' lang='lat' dir='ltr'><strong>ad</strong></span> <span class='ocrx_word' id='word_1_439' title='bbox 872 1737 906 1759; x_wconf 91' lang='lat' dir='ltr'><strong>te.</strong></span> 
     </span>
    </p>
   </div>
   <div class='ocr_carea' id='block_1_51' title="bbox 322 1776 1067 1815">
    <p class='ocr_par' dir='ltr' id='par_1_51' title="bbox 322 1776 1067 1815">
     <span class='ocr_line' id='line_1_51' title="bbox 322 1776 1067 1815; baseline 0.005 -11"><span class='ocrx_word' id='word_1_440' title='bbox 322 1776 350 1804; x_wconf 75' lang='lat'><strong>2.</strong></span> <span class='ocrx_word' id='word_1_441' title='bbox 363 1776 394 1804; x_wconf 86' lang='lat' dir='ltr'><strong>Et</strong></span> <span class='ocrx_word' id='word_1_442' title='bbox 410 1783 463 1803; x_wconf 88' lang='lat' dir='ltr'><strong>non</strong></span> <span class='ocrx_word' id='word_1_443' title='bbox 478 1777 580 1804; x_wconf 86' lang='lat' dir='ltr'><strong>audens</strong></span> <span class='ocrx_word' id='word_1_444' title='bbox 598 1777 702 1812; x_wconf 86' lang='lat' dir='ltr'><strong>aperire</strong></span> <span class='ocrx_word' id='word_1_445' title='bbox 717 1778 788 1804; x_wconf 87' lang='lat' dir='ltr'><strong>labia</strong></span> <span class='ocrx_word' id='word_1_446' title='bbox 805 1786 863 1805; x_wconf 83' lang='lat' dir='ltr'><strong>mea</strong></span> <span class='ocrx_word' id='word_1_447' title='bbox 886 1788 976 1807; x_wconf 85' lang='lat' dir='ltr'><strong>coram</strong></span> <span class='ocrx_word' id='word_1_448' title='bbox 997 1781 1067 1815; x_wconf 89' lang='lat' dir='ltr'><strong>ipso,</strong></span> 
     </span>
    </p>
   </div>
   <div class='ocr_carea' id='block_1_52' title="bbox 288 1822 1032 1858">
    <p class='ocr_par' dir='ltr' id='par_1_52' title="bbox 288 1822 1032 1858">
     <span class='ocr_line' id='line_1_52' title="bbox 288 1822 1032 1858; baseline 0.004 -8"><span class='ocrx_word' id='word_1_449' title='bbox 288 1823 448 1858; x_wconf 87' lang='lat' dir='ltr'><strong>deprecatus</strong></span> <span class='ocrx_word' id='word_1_450' title='bbox 463 1830 523 1849; x_wconf 91' lang='lat' dir='ltr'><strong>sum</strong></span> <span class='ocrx_word' id='word_1_451' title='bbox 540 1822 575 1849; x_wconf 85' lang='lat' dir='ltr'><strong>ad</strong></span> <span class='ocrx_word' id='word_1_452' title='bbox 591 1830 653 1850; x_wconf 92' lang='lat' dir='ltr'><strong>eum</strong></span> <span class='ocrx_word' id='word_1_453' title='bbox 671 1823 778 1851; x_wconf 84' lang='lat' dir='ltr'><strong>ﬂetibus</strong></span> <span class='ocrx_word' id='word_1_454' title='bbox 793 1824 1032 1853; x_wconf 80' lang='lat' dir='ltr'><strong>ineuarrabilibus.</strong></span> 
     </span>
    </p>
   </div>
   <div class='ocr_carea' id='block_1_53' title="bbox 324 1867 1068 1906">
    <p class='ocr_par' dir='ltr' id='par_1_53' title="bbox 324 1867 1068 1906">
     <span class='ocr_line' id='line_1_53' title="bbox 324 1867 1068 1906; baseline 0.004 -11"><span class='ocrx_word' id='word_1_455' title='bbox 324 1868 352 1894; x_wconf 79' lang='lat'><strong>3.</strong></span> <span class='ocrx_word' id='word_1_456' title='bbox 366 1867 513 1903; x_wconf 85' lang='lat' dir='ltr'><strong>Propterea</strong></span> <span class='ocrx_word' id='word_1_457' title='bbox 529 1867 639 1896; x_wconf 77' lang='lat' dir='ltr'><strong>eﬂ‘undo</strong></span> <span class='ocrx_word' id='word_1_458' title='bbox 654 1869 681 1895; x_wconf 92' lang='lat' dir='ltr'><strong>in</strong></span> <span class='ocrx_word' id='word_1_459' title='bbox 697 1875 844 1904; x_wconf 86' lang='lat' dir='ltr'><strong>conspectu</strong></span> <span class='ocrx_word' id='word_1_460' title='bbox 861 1870 920 1905; x_wconf 86' lang='lat' dir='ltr'><strong>ejus</strong></span> <span class='ocrx_word' id='word_1_461' title='bbox 932 1871 1068 1906; x_wconf 80' lang='lat' dir='ltr'><strong>lacrymas</strong></span> 
     </span>
    </p>
   </div>
   <div class='ocr_carea' id='block_1_54' title="bbox 289 1921 478 1941">
    <p class='ocr_par' dir='ltr' id='par_1_54' title="bbox 289 1921 478 1941">
     <span class='ocr_line' id='line_1_54' title="bbox 289 1921 478 1941; baseline 0.005 -1"><span class='ocrx_word' id='word_1_462' title='bbox 289 1921 386 1941; x_wconf 75' lang='lat' dir='ltr'><strong>ammte</strong></span> <span class='ocrx_word' id='word_1_463' title='bbox 401 1921 478 1941; x_wconf 59' lang='lat'><strong>“18$.</strong></span> 
     </span>
    </p>
   </div>
   <div class='ocr_carea' id='block_1_55' title="bbox 322 1959 1066 1995">
    <p class='ocr_par' dir='ltr' id='par_1_55' title="bbox 322 1959 1066 1995">
     <span class='ocr_line' id='line_1_55' title="bbox 322 1959 1066 1995; baseline 0.001 -8"><span class='ocrx_word' id='word_1_464' title='bbox 322 1960 348 1987; x_wconf 81' lang='grc'>4.</span> <span class='ocrx_word' id='word_1_465' title='bbox 370 1959 402 1986; x_wconf 86' lang='lat' dir='ltr'><strong>Et</strong></span> <span class='ocrx_word' id='word_1_466' title='bbox 418 1960 566 1988; x_wconf 84' lang='lat' dir='ltr'><strong>conﬁtebor</strong></span> <span class='ocrx_word' id='word_1_467' title='bbox 585 1964 647 1988; x_wconf 88' lang='lat' dir='ltr'><strong>ante</strong></span> <span class='ocrx_word' id='word_1_468' title='bbox 667 1960 756 1995; x_wconf 91' lang='lat' dir='ltr'><strong>ipsum</strong></span> <span class='ocrx_word' id='word_1_469' title='bbox 776 1967 886 1995; x_wconf 84' lang='lat' dir='ltr'><strong>peccata</strong></span> <span class='ocrx_word' id='word_1_470' title='bbox 901 1969 960 1988; x_wconf 89' lang='lat' dir='ltr'><strong>mea</strong></span> <span class='ocrx_word' id='word_1_471' title='bbox 974 1969 1066 1989; x_wconf 86' lang='lat' dir='ltr'><strong>coram</strong></span> 
     </span>
    </p>
   </div>
   <div class='ocr_carea' id='block_1_56' title="bbox 287 2006 908 2042">
    <p class='ocr_par' dir='ltr' id='par_1_56' title="bbox 287 2006 908 2042">
     <span class='ocr_line' id='line_1_56' title="bbox 287 2006 908 2042; baseline 0.003 -10"><span class='ocrx_word' id='word_1_472' title='bbox 287 2007 357 2042; x_wconf 63' lang='lat' dir='ltr'><strong>ipso,</strong></span> <span class='ocrx_word' id='word_1_473' title='bbox 372 2013 432 2041; x_wconf 64' lang='lat' dir='ltr'><strong>quia</strong></span> <span class='ocrx_word' id='word_1_474' title='bbox 446 2006 602 2040; x_wconf 84' lang='lat' dir='ltr'><strong>priusquam</strong></span> <span class='ocrx_word' id='word_1_475' title='bbox 616 2014 666 2040; x_wconf 80' lang='lat' dir='ltr'><strong>ego</strong></span> <span class='ocrx_word' id='word_1_476' title='bbox 681 2007 804 2041; x_wconf 82' lang='lat' dir='ltr'><strong>eloquar,</strong></span> <span class='ocrx_word' id='word_1_477' title='bbox 824 2008 908 2034; x_wconf 88' lang='lat' dir='ltr'><strong>novit.</strong></span> 
     </span>
    </p>
   </div>
   <div class='ocr_carea' id='block_1_57' title="bbox 266 2052 911 2085">
    <p class='ocr_par' dir='ltr' id='par_1_57' title="bbox 266 2052 911 2085">
     <span class='ocr_line' id='line_1_57' title="bbox 266 2052 911 2085; baseline 0 -5"><span class='ocrx_word' id='word_1_478' title='bbox 266 2055 268 2059; x_wconf 83' lang='lat'>&#39;</span> <span class='ocrx_word' id='word_1_479' title='bbox 322 2052 348 2080; x_wconf 80' lang='lat'><strong>5.</strong></span> <span class='ocrx_word' id='word_1_480' title='bbox 369 2052 402 2078; x_wconf 89' lang='lat' dir='ltr'><strong>Et</strong></span> <span class='ocrx_word' id='word_1_481' title='bbox 415 2060 498 2085; x_wconf 81' lang='lat' dir='ltr'><strong>nunc.</strong></span> <span class='ocrx_word' id='word_1_482' title='bbox 519 2057 546 2079; x_wconf 89' lang='lat' dir='ltr'><strong>et</strong></span> <span class='ocrx_word' id='word_1_483' title='bbox 559 2052 586 2079; x_wconf 90' lang='lat' dir='ltr'><strong>iu</strong></span> <span class='ocrx_word' id='word_1_484' title='bbox 604 2052 708 2079; x_wconf 77' lang='lat' dir='ltr'><strong>ultimis</strong></span> <span class='ocrx_word' id='word_1_485' title='bbox 721 2052 818 2080; x_wconf 88' lang='lat' dir='ltr'><strong>diebus</strong></span> <span class='ocrx_word' id='word_1_486' title='bbox 834 2053 911 2080; x_wconf 88' lang='lat' dir='ltr'><strong>meis.</strong></span> 
     </span>
    </p>
   </div>
   <div class='ocr_carea' id='block_1_58' title="bbox 321 2098 1066 2134">
    <p class='ocr_par' dir='ltr' id='par_1_58' title="bbox 321 2098 1066 2134">
     <span class='ocr_line' id='line_1_58' title="bbox 321 2098 1066 2134; baseline 0.001 -9"><span class='ocrx_word' id='word_1_487' title='bbox 321 2099 348 2125; x_wconf 83' lang='lat'><strong>6.</strong></span> <span class='ocrx_word' id='word_1_488' title='bbox 369 2098 402 2125; x_wconf 86' lang='lat' dir='ltr'><strong>Et</strong></span> <span class='ocrx_word' id='word_1_489' title='bbox 419 2104 464 2131; x_wconf 89' lang='lat' dir='ltr'><strong>tu,</strong></span> <span class='ocrx_word' id='word_1_490' title='bbox 492 2099 539 2133; x_wconf 93' lang='lat' dir='ltr'><strong>qui</strong></span> <span class='ocrx_word' id='word_1_491' title='bbox 567 2099 688 2126; x_wconf 88' lang='lat' dir='ltr'><strong>omnium</strong></span> <span class='ocrx_word' id='word_1_492' title='bbox 710 2099 792 2126; x_wconf 84' lang='lat' dir='ltr'><strong>corda</strong></span> <span class='ocrx_word' id='word_1_493' title='bbox 815 2099 903 2132; x_wconf 83' lang='lat' dir='ltr'><strong>nosti,</strong></span> <span class='ocrx_word' id='word_1_494' title='bbox 924 2100 1066 2134; x_wconf 78' lang='lat' dir='ltr'><strong>cognoscis</strong></span> 
     </span>
    </p>
   </div>
   <div class='ocr_carea' id='block_1_59' title="bbox 287 2143 664 2179">
    <p class='ocr_par' dir='ltr' id='par_1_59' title="bbox 287 2143 664 2179">
     <span class='ocr_line' id='line_1_59' title="bbox 287 2143 664 2179; baseline 0.003 -8"><span class='ocrx_word' id='word_1_495' title='bbox 287 2144 423 2179; x_wconf 83' lang='lat' dir='ltr'><strong>improbas</strong></span> <span class='ocrx_word' id='word_1_496' title='bbox 439 2151 514 2172; x_wconf 85' lang='lat' dir='ltr'><strong>meas</strong></span> <span class='ocrx_word' id='word_1_497' title='bbox 536 2143 664 2172; x_wconf 85' lang='lat' dir='ltr'><strong>actiones.</strong></span> 
     </span>
    </p>
   </div>
   <div class='ocr_carea' id='block_1_60' title="bbox 321 2189 1064 2224">
    <p class='ocr_par' dir='ltr' id='par_1_60' title="bbox 321 2189 1064 2224">
     <span class='ocr_line' id='line_1_60' title="bbox 321 2189 1064 2224; baseline 0.003 -9"><span class='ocrx_word' id='word_1_498' title='bbox 321 2189 348 2214; x_wconf 92' lang='lat'><strong>7.</strong></span> <span class='ocrx_word' id='word_1_499' title='bbox 370 2189 396 2215; x_wconf 95' lang='lat' dir='ltr'><strong>In</strong></span> <span class='ocrx_word' id='word_1_500' title='bbox 421 2190 495 2216; x_wconf 91' lang='lat' dir='ltr'><strong>omni</strong></span> <span class='ocrx_word' id='word_1_501' title='bbox 517 2193 638 2224; x_wconf 88' lang='lat' dir='ltr'><strong>tempore</strong></span> <span class='ocrx_word' id='word_1_502' title='bbox 661 2190 722 2217; x_wconf 69' lang='lat' dir='ltr'><strong>vitae</strong></span> <span class='ocrx_word' id='word_1_503' title='bbox 745 2197 829 2222; x_wconf 63' lang='lat' dir='ltr'><strong>meae,</strong></span> <span class='ocrx_word' id='word_1_504' title='bbox 845 2195 1021 2218; x_wconf 78' lang='lat' dir='ltr'><strong>inseruerunt</strong></span> <span class='ocrx_word' id='word_1_505' title='bbox 1038 2190 1064 2217; x_wconf 91' lang='lat' dir='ltr'><strong>in</strong></span> 
     </span>
    </p>
   </div>
   <div class='ocr_carea' id='block_1_61' title="bbox 287 2234 819 2270">
    <p class='ocr_par' dir='ltr' id='par_1_61' title="bbox 287 2234 819 2270">
     <span class='ocr_line' id='line_1_61' title="bbox 287 2234 819 2270; baseline 0.002 -8"><span class='ocrx_word' id='word_1_506' title='bbox 287 2234 368 2262; x_wconf 86' lang='lat' dir='ltr'><strong>corde</strong></span> <span class='ocrx_word' id='word_1_507' title='bbox 381 2241 441 2261; x_wconf 90' lang='lat' dir='ltr'><strong>meo</strong></span> <span class='ocrx_word' id='word_1_508' title='bbox 455 2242 550 2269; x_wconf 86' lang='lat' dir='ltr'><strong>pravas</strong></span> <span class='ocrx_word' id='word_1_509' title='bbox 564 2235 626 2262; x_wconf 68' lang='lat' dir='ltr'><strong>vitae</strong></span> <span class='ocrx_word' id='word_1_510' title='bbox 643 2235 819 2270; x_wconf 89' lang='lat' dir='ltr'><strong>cupiditates.</strong></span> 
     </span>
    </p>
   </div>
   <div class='ocr_carea' id='block_1_62' title="bbox 321 2279 1063 2316">
    <p class='ocr_par' dir='ltr' id='par_1_62' title="bbox 321 2279 1063 2316">
     <span class='ocr_line' id='line_1_62' title="bbox 321 2279 1063 2316; baseline 0.004 -10"><span class='ocrx_word' id='word_1_511' title='bbox 321 2279 348 2306; x_wconf 84' lang='lat'><strong>8.</strong></span> <span class='ocrx_word' id='word_1_512' title='bbox 368 2279 400 2306; x_wconf 86' lang='lat' dir='ltr'><strong>Et</strong></span> <span class='ocrx_word' id='word_1_513' title='bbox 414 2280 544 2314; x_wconf 79' lang='lat' dir='ltr'><strong>evigilans</strong></span> <span class='ocrx_word' id='word_1_514' title='bbox 557 2281 713 2316; x_wconf 80' lang='lat' dir='ltr'><strong>reputabam</strong></span> <span class='ocrx_word' id='word_1_515' title='bbox 739 2282 765 2308; x_wconf 95' lang='lat' dir='ltr'><strong>in</strong></span> <span class='ocrx_word' id='word_1_516' title='bbox 785 2289 828 2309; x_wconf 89' lang='lat' dir='ltr'><strong>me</strong></span> <span class='ocrx_word' id='word_1_517' title='bbox 851 2282 922 2316; x_wconf 88' lang='lat' dir='ltr'><strong>ipso,</strong></span> <span class='ocrx_word' id='word_1_518' title='bbox 940 2289 974 2309; x_wconf 90' lang='lat' dir='ltr'><strong>an</strong></span> <span class='ocrx_word' id='word_1_519' title='bbox 993 2281 1063 2310; x_wconf 72' lang='lat' dir='ltr'><strong>forte</strong></span> 
     </span>
    </p>
   </div>
   <div class='ocr_carea' id='block_1_63' title="bbox 286 2325 802 2359">
    <p class='ocr_par' dir='ltr' id='par_1_63' title="bbox 286 2325 802 2359">
     <span class='ocr_line' id='line_1_63' title="bbox 286 2325 802 2359; baseline 0.006 -8"><span class='ocrx_word' id='word_1_520' title='bbox 286 2325 394 2359; x_wconf 79' lang='lat' dir='ltr'><strong>aliquod</strong></span> <span class='ocrx_word' id='word_1_521' title='bbox 412 2325 510 2352; x_wconf 83' lang='lat' dir='ltr'><strong>bonum</strong></span> <span class='ocrx_word' id='word_1_522' title='bbox 522 2333 612 2353; x_wconf 87' lang='lat' dir='ltr'><strong>coram</strong></span> <span class='ocrx_word' id='word_1_523' title='bbox 625 2330 650 2353; x_wconf 93' lang='lat' dir='ltr'><strong>te</strong></span> <span class='ocrx_word' id='word_1_524' title='bbox 666 2325 802 2354; x_wconf 73' lang='lat' dir='ltr'><strong>fecissem.</strong></span> 
     </span>
    </p>
   </div>
   <div class='ocr_carea' id='block_1_64' title="bbox 1120 1686 1477 1722">
    <p class='ocr_par' dir='ltr' id='par_1_64' title="bbox 1120 1686 1477 1722">
     <span class='ocr_line' id='line_1_64' title="bbox 1120 1686 1477 1722; baseline 0 -10"><span class='ocrx_word' id='word_1_525' title='bbox 1120 1686 1224 1712; x_wconf 69' lang='grc' dir='ltr'>τελέσω</span> <span class='ocrx_word' id='word_1_526' title='bbox 1241 1686 1286 1713; x_wconf 83' lang='grc' dir='ltr'>τὸν</span> <span class='ocrx_word' id='word_1_527' title='bbox 1301 1686 1398 1722; x_wconf 79' lang='grc' dir='ltr'>δρόμον</span> <span class='ocrx_word' id='word_1_528' title='bbox 1416 1695 1477 1721; x_wconf 85' lang='grc' dir='ltr'>μου.</span> 
     </span>
    </p>
   </div>
   <div class='ocr_carea' id='block_1_65' title="bbox 1157 1732 1879 1769">
    <p class='ocr_par' dir='ltr' id='par_1_65' title="bbox 1157 1732 1879 1769">
     <span class='ocr_line' id='line_1_65' title="bbox 1157 1732 1879 1769; baseline -0.001 -10"><span class='ocrx_word' id='word_1_529' title='bbox 1157 1733 1182 1759; x_wconf 73' lang='grc'>1.</span> <span class='ocrx_word' id='word_1_530' title='bbox 1207 1733 1249 1760; x_wconf 87' lang='grc' dir='ltr'>Ἐν</span> <span class='ocrx_word' id='word_1_531' title='bbox 1269 1733 1349 1769; x_wconf 64' lang='grc' dir='ltr'><strong>ὀδύνῃ</strong></span> <span class='ocrx_word' id='word_1_532' title='bbox 1363 1733 1412 1768; x_wconf 75' lang='grc' dir='ltr'>τῆς</span> <span class='ocrx_word' id='word_1_533' title='bbox 1427 1732 1538 1767; x_wconf 80' lang='grc' dir='ltr'>καρδίας</span> <span class='ocrx_word' id='word_1_534' title='bbox 1551 1741 1601 1768; x_wconf 87' lang='grc' dir='ltr'><strong>μου</strong></span> <span class='ocrx_word' id='word_1_535' title='bbox 1618 1732 1750 1764; x_wconf 81' lang='grc' dir='ltr'>ὲστέναξα</span> <span class='ocrx_word' id='word_1_536' title='bbox 1765 1734 1834 1769; x_wconf 74' lang='grc' dir='ltr'>πρὸς</span> <span class='ocrx_word' id='word_1_537' title='bbox 1845 1733 1879 1759; x_wconf 78' lang='grc' dir='ltr'><strong>σέ.</strong></span> 
     </span>
    </p>
   </div>
   <div class='ocr_carea' id='block_1_66' title="bbox 1153 1777 1896 1814">
    <p class='ocr_par' dir='ltr' id='par_1_66' title="bbox 1153 1777 1896 1814">
     <span class='ocr_line' id='line_1_66' title="bbox 1153 1777 1896 1814; baseline -0.004 -8"><span class='ocrx_word' id='word_1_538' title='bbox 1153 1778 1181 1806; x_wconf 75' lang='grc'>2.</span> <span class='ocrx_word' id='word_1_539' title='bbox 1195 1779 1250 1806; x_wconf 74' lang='grc' dir='ltr'><strong>Καὶ</strong></span> <span class='ocrx_word' id='word_1_540' title='bbox 1263 1779 1299 1814; x_wconf 84' lang='grc' dir='ltr'>μὴ</span> <span class='ocrx_word' id='word_1_541' title='bbox 1314 1779 1404 1814; x_wconf 82' lang='grc' dir='ltr'>τολμῶ</span> <span class='ocrx_word' id='word_1_542' title='bbox 1466 1778 1501 1804; x_wconf 82' lang='grc' dir='ltr'>τὰ</span> <span class='ocrx_word' id='word_1_543' title='bbox 1516 1778 1592 1814; x_wconf 79' lang='grc' dir='ltr'>χειλη</span> <span class='ocrx_word' id='word_1_544' title='bbox 1606 1786 1655 1812; x_wconf 86' lang='grc' dir='ltr'><strong>μου</strong></span> <span class='ocrx_word' id='word_1_545' title='bbox 1671 1777 1779 1810; x_wconf 76' lang='grc' dir='ltr'>ἀνοῖξαι</span> <span class='ocrx_word' id='word_1_546' title='bbox 1794 1778 1896 1804; x_wconf 67' lang='grc' dir='ltr'>ἐνώπιον</span> 
     </span>
    </p>
   </div>
   <div class='ocr_carea' id='block_1_67' title="bbox 1118 1823 1865 1859">
    <p class='ocr_par' dir='ltr' id='par_1_67' title="bbox 1118 1823 1865 1859">
     <span class='ocr_line' id='line_1_67' title="bbox 1118 1823 1865 1859; baseline -0.003 -8"><span class='ocrx_word' id='word_1_547' title='bbox 1118 1824 1211 1856; x_wconf 75' lang='grc' dir='ltr'>αὑτοῦ,</span> <span class='ocrx_word' id='word_1_548' title='bbox 1229 1825 1388 1859; x_wconf 82' lang='grc' dir='ltr'>στεναγμοῖς</span> <span class='ocrx_word' id='word_1_549' title='bbox 1403 1824 1547 1859; x_wconf 83' lang='grc' dir='ltr'>ἀλαλήτοις</span> <span class='ocrx_word' id='word_1_550' title='bbox 1562 1823 1631 1859; x_wconf 82' lang='grc' dir='ltr'>πρὸς</span> <span class='ocrx_word' id='word_1_551' title='bbox 1641 1823 1723 1849; x_wconf 79' lang='grc' dir='ltr'>αὑτὸν</span> <span class='ocrx_word' id='word_1_552' title='bbox 1746 1823 1865 1859; x_wconf 74' lang='grc' dir='ltr'>ἐδεήθην.</span> 
     </span>
    </p>
   </div>
   <div class='ocr_carea' id='block_1_68' title="bbox 1153 1868 1894 1906">
    <p class='ocr_par' dir='ltr' id='par_1_68' title="bbox 1153 1868 1894 1906">
     <span class='ocr_line' id='line_1_68' title="bbox 1153 1868 1894 1906; baseline -0.001 -9"><span class='ocrx_word' id='word_1_553' title='bbox 1153 1871 1178 1897; x_wconf 78' lang='grc'>3.</span> <span class='ocrx_word' id='word_1_554' title='bbox 1196 1871 1240 1897; x_wconf 89' lang='grc' dir='ltr'>Διὺ</span> <span class='ocrx_word' id='word_1_555' title='bbox 1256 1870 1360 1906; x_wconf 84' lang='grc' dir='ltr'>δάκρυα</span> <span class='ocrx_word' id='word_1_556' title='bbox 1378 1870 1416 1905; x_wconf 77' lang='lat'><strong>(3)</strong></span> <span class='ocrx_word' id='word_1_557' title='bbox 1431 1870 1480 1905; x_wconf 82' lang='grc' dir='ltr'>τῆς</span> <span class='ocrx_word' id='word_1_558' title='bbox 1499 1869 1587 1905; x_wconf 74' lang='grc' dir='ltr'>ψυχῆς</span> <span class='ocrx_word' id='word_1_559' title='bbox 1613 1878 1665 1905; x_wconf 89' lang='grc' dir='ltr'><strong>μου</strong></span> <span class='ocrx_word' id='word_1_560' title='bbox 1684 1868 1805 1897; x_wconf 71' lang='grc' dir='ltr'>ὲνώπιὰν</span> <span class='ocrx_word' id='word_1_561' title='bbox 1823 1868 1894 1896; x_wconf 72' lang='grc' dir='ltr'>αὑτοῦ</span> 
     </span>
    </p>
   </div>
   <div class='ocr_carea' id='block_1_69' title="bbox 1117 1924 1215 1950">
    <p class='ocr_par' dir='ltr' id='par_1_69' title="bbox 1117 1924 1215 1950">
     <span class='ocr_line' id='line_1_69' title="bbox 1117 1924 1215 1950; baseline 0.01 -8"><span class='ocrx_word' id='word_1_562' title='bbox 1117 1924 1215 1950; x_wconf 85' lang='grc' dir='ltr'>εκχεω.</span> 
     </span>
    </p>
   </div>
   <div class='ocr_carea' id='block_1_70' title="bbox 1151 1958 1894 1997">
    <p class='ocr_par' dir='ltr' id='par_1_70' title="bbox 1151 1958 1894 1997">
     <span class='ocr_line' id='line_1_70' title="bbox 1151 1958 1894 1997; baseline -0.004 -8"><span class='ocrx_word' id='word_1_563' title='bbox 1151 1963 1178 1989; x_wconf 77' lang='grc'>4.</span> <span class='ocrx_word' id='word_1_564' title='bbox 1194 1961 1248 1988; x_wconf 75' lang='lat' dir='ltr'><strong>Kal.</strong></span> <span class='ocrx_word' id='word_1_565' title='bbox 1260 1961 1309 1993; x_wconf 79' lang='grc' dir='ltr'><strong>τὰς</strong></span> <span class='ocrx_word' id='word_1_566' title='bbox 1321 1960 1456 1997; x_wconf 81' lang='grc' dir='ltr'>ἁμαρτίας</span> <span class='ocrx_word' id='word_1_567' title='bbox 1466 1968 1526 1996; x_wconf 85' lang='grc' dir='ltr'>μου,</span> <span class='ocrx_word' id='word_1_568' title='bbox 1537 1960 1625 1996; x_wconf 75' lang='grc' dir='ltr'>ἇσπερ</span> <span class='ocrx_word' id='word_1_569' title='bbox 1634 1958 1687 1987; x_wconf 69' lang='grc' dir='ltr'>οἵδε</span> <span class='ocrx_word' id='word_1_570' title='bbox 1698 1960 1753 1997; x_wconf 71' lang='grc' dir='ltr'><strong>πρὸ</strong></span> <span class='ocrx_word' id='word_1_571' title='bbox 1764 1961 1818 1988; x_wconf 85' lang='grc' dir='ltr'><strong>τῶν</strong></span> <span class='ocrx_word' id='word_1_572' title='bbox 1830 1960 1894 1996; x_wconf 73' lang='grc' dir='ltr'>ἐμῶν</span> 
     </span>
    </p>
   </div>
   <div class='ocr_carea' id='block_1_71' title="bbox 1117 2006 1744 2043">
    <p class='ocr_par' dir='ltr' id='par_1_71' title="bbox 1117 2006 1744 2043">
     <span class='ocr_line' id='line_1_71' title="bbox 1117 2006 1744 2043; baseline -0.003 -9"><span class='ocrx_word' id='word_1_573' title='bbox 1117 2007 1256 2043; x_wconf 79' lang='grc' dir='ltr'><strong>ῥημάτων,</strong></span> <span class='ocrx_word' id='word_1_574' title='bbox 1274 2007 1386 2034; x_wconf 73' lang='grc' dir='ltr'>ὲνώπυον</span> <span class='ocrx_word' id='word_1_575' title='bbox 1404 2006 1486 2034; x_wconf 79' lang='grc' dir='ltr'>αὑτοῦ</span> <span class='ocrx_word' id='word_1_576' title='bbox 1503 2006 1744 2042; x_wconf 78' lang='grc' dir='ltr'>ὲξομολογήσομαι,</span> 
     </span>
    </p>
   </div>
   <div class='ocr_carea' id='block_1_72' title="bbox 1151 2051 1892 2087">
    <p class='ocr_par' dir='ltr' id='par_1_72' title="bbox 1151 2051 1892 2087">
     <span class='ocr_line' id='line_1_72' title="bbox 1151 2051 1892 2087; baseline -0.003 -8"><span class='ocrx_word' id='word_1_577' title='bbox 1151 2053 1178 2080; x_wconf 84' lang='grc'>5.</span> <span class='ocrx_word' id='word_1_578' title='bbox 1199 2052 1253 2079; x_wconf 80' lang='grc' dir='ltr'><strong>Καὶ</strong></span> <span class='ocrx_word' id='word_1_579' title='bbox 1269 2051 1326 2084; x_wconf 83' lang='grc' dir='ltr'>νῦν,</span> <span class='ocrx_word' id='word_1_580' title='bbox 1341 2052 1387 2078; x_wconf 74' lang='grc' dir='ltr'>καὶ</span> <span class='ocrx_word' id='word_1_581' title='bbox 1397 2052 1434 2087; x_wconf 74' lang='grc'><strong>(4)</strong></span> <span class='ocrx_word' id='word_1_582' title='bbox 1444 2052 1482 2083; x_wconf 82' lang='grc' dir='ltr'><strong>εἰς</strong></span> <span class='ocrx_word' id='word_1_583' title='bbox 1497 2051 1531 2078; x_wconf 83' lang='grc' dir='ltr'><strong>τὰ</strong></span> <span class='ocrx_word' id='word_1_584' title='bbox 1544 2052 1644 2086; x_wconf 73' lang='grc' dir='ltr'>ἔσχατα.</span> <span class='ocrx_word' id='word_1_585' title='bbox 1657 2051 1710 2077; x_wconf 87' lang='grc' dir='ltr'><strong>τῶν</strong></span> <span class='ocrx_word' id='word_1_586' title='bbox 1718 2052 1832 2087; x_wconf 77' lang='grc' dir='ltr'>ἡμερῶν</span> <span class='ocrx_word' id='word_1_587' title='bbox 1841 2059 1892 2086; x_wconf 77' lang='grc' dir='ltr'>μου.</span> 
     </span>
    </p>
   </div>
   <div class='ocr_carea' id='block_1_73' title="bbox 1149 2097 1895 2133">
    <p class='ocr_par' dir='ltr' id='par_1_73' title="bbox 1149 2097 1895 2133">
     <span class='ocr_line' id='line_1_73' title="bbox 1149 2097 1895 2133; baseline -0.001 -8"><span class='ocrx_word' id='word_1_588' title='bbox 1149 2097 1176 2125; x_wconf 84' lang='grc'>6.</span> <span class='ocrx_word' id='word_1_589' title='bbox 1195 2098 1250 2124; x_wconf 79' lang='grc' dir='ltr'><strong>Καὶ</strong></span> <span class='ocrx_word' id='word_1_590' title='bbox 1275 2098 1317 2130; x_wconf 80' lang='grc' dir='ltr'><strong>σὺ,</strong></span> <span class='ocrx_word' id='word_1_591' title='bbox 1338 2097 1538 2133; x_wconf 78' lang='grc' dir='ltr'>καρδιογνῶστα</span> <span class='ocrx_word' id='word_1_592' title='bbox 1555 2097 1676 2128; x_wconf 80' lang='grc' dir='ltr'>πάντων,</span> <span class='ocrx_word' id='word_1_593' title='bbox 1691 2097 1838 2131; x_wconf 62' lang='grc' dir='ltr'>γινώσκεις</span> <span class='ocrx_word' id='word_1_594' title='bbox 1853 2097 1895 2127; x_wconf 73' lang='grc' dir='ltr'><strong>τὰς</strong></span> 
     </span>
    </p>
   </div>
   <div class='ocr_carea' id='block_1_74' title="bbox 1116 2142 1442 2179">
    <p class='ocr_par' dir='ltr' id='par_1_74' title="bbox 1116 2142 1442 2179">
     <span class='ocr_line' id='line_1_74' title="bbox 1116 2142 1442 2179; baseline -0.003 -9"><span class='ocrx_word' id='word_1_595' title='bbox 1116 2152 1182 2179; x_wconf 84' lang='grc' dir='ltr'>πονη</span> <span class='ocrx_word' id='word_1_596' title='bbox 1187 2144 1234 2178; x_wconf 71' lang='lat' dir='ltr'><strong>pa;</strong></span> <span class='ocrx_word' id='word_1_597' title='bbox 1256 2151 1305 2178; x_wconf 89' lang='grc' dir='ltr'><strong>μου</strong></span> <span class='ocrx_word' id='word_1_598' title='bbox 1321 2142 1442 2178; x_wconf 80' lang='grc' dir='ltr'>πράξεις.</span> 
     </span>
    </p>
   </div>
   <div class='ocr_carea' id='block_1_75' title="bbox 1149 2186 1894 2223">
    <p class='ocr_par' dir='ltr' id='par_1_75' title="bbox 1149 2186 1894 2223">
     <span class='ocr_line' id='line_1_75' title="bbox 1149 2186 1894 2223; baseline -0.005 -8"><span class='ocrx_word' id='word_1_599' title='bbox 1149 2189 1176 2215; x_wconf 81' lang='grc'><strong>’1.</strong></span> <span class='ocrx_word' id='word_1_600' title='bbox 1192 2189 1235 2214; x_wconf 88' lang='grc' dir='ltr'><strong>Ἐν</strong></span> <span class='ocrx_word' id='word_1_601' title='bbox 1251 2187 1331 2214; x_wconf 69' lang='grc' dir='ltr'>παντὶ</span> <span class='ocrx_word' id='word_1_602' title='bbox 1344 2187 1432 2223; x_wconf 85' lang='grc' dir='ltr'>χρόνῳ</span> <span class='ocrx_word' id='word_1_603' title='bbox 1446 2187 1495 2222; x_wconf 83' lang='grc' dir='ltr'>τῆς</span> <span class='ocrx_word' id='word_1_604' title='bbox 1511 2187 1583 2223; x_wconf 80' lang='grc' dir='ltr'><strong>ζωῆς</strong></span> <span class='ocrx_word' id='word_1_605' title='bbox 1600 2196 1651 2222; x_wconf 85' lang='grc' dir='ltr'><strong>μου</strong></span> <span class='ocrx_word' id='word_1_606' title='bbox 1667 2187 1851 2222; x_wconf 76' lang='grc' dir='ltr'>ὲνεφὺτευσαν</span> <span class='ocrx_word' id='word_1_607' title='bbox 1862 2186 1894 2216; x_wconf 73' lang='grc' dir='ltr'>εἰς</span> 
     </span>
    </p>
   </div>
   <div class='ocr_carea' id='block_1_76' title="bbox 1114 2233 1869 2269">
    <p class='ocr_par' dir='ltr' id='par_1_76' title="bbox 1114 2233 1869 2269">
     <span class='ocr_line' id='line_1_76' title="bbox 1114 2233 1869 2269; baseline -0.003 -9"><span class='ocrx_word' id='word_1_608' title='bbox 1114 2233 1162 2268; x_wconf 84' lang='grc' dir='ltr'>τὴν</span> <span class='ocrx_word' id='word_1_609' title='bbox 1178 2233 1291 2269; x_wconf 84' lang='grc' dir='ltr'>καρδίαν</span> <span class='ocrx_word' id='word_1_610' title='bbox 1309 2241 1359 2268; x_wconf 86' lang='grc' dir='ltr'><strong>μου</strong></span> <span class='ocrx_word' id='word_1_611' title='bbox 1375 2234 1424 2268; x_wconf 79' lang='grc' dir='ltr'>τὴν</span> <span class='ocrx_word' id='word_1_612' title='bbox 1440 2233 1560 2268; x_wconf 84' lang='grc' dir='ltr'>πονηρὰν</span> <span class='ocrx_word' id='word_1_613' title='bbox 1573 2233 1619 2259; x_wconf 76' lang='grc' dir='ltr'>τοῦ</span> <span class='ocrx_word' id='word_1_614' title='bbox 1638 2233 1695 2267; x_wconf 84' lang='grc' dir='ltr'>βίου</span> <span class='ocrx_word' id='word_1_615' title='bbox 1713 2233 1869 2268; x_wconf 75' lang='grc' dir='ltr'>ἐπιθυμίαν.</span> 
     </span>
    </p>
   </div>
   <div class='ocr_carea' id='block_1_77' title="bbox 1148 2277 1892 2314">
    <p class='ocr_par' dir='ltr' id='par_1_77' title="bbox 1148 2277 1892 2314">
     <span class='ocr_line' id='line_1_77' title="bbox 1148 2277 1892 2314; baseline -0.004 -9"><span class='ocrx_word' id='word_1_616' title='bbox 1148 2279 1174 2305; x_wconf 84' lang='grc'>8.</span> <span class='ocrx_word' id='word_1_617' title='bbox 1192 2278 1246 2305; x_wconf 79' lang='lat' dir='ltr'><strong>Kal.</strong></span> <span class='ocrx_word' id='word_1_618' title='bbox 1255 2277 1392 2314; x_wconf 76' lang='grc' dir='ltr'>ἀνανήψας</span> <span class='ocrx_word' id='word_1_619' title='bbox 1401 2277 1559 2313; x_wconf 75' lang='grc' dir='ltr'>ἐλογιζόμην</span> <span class='ocrx_word' id='word_1_620' title='bbox 1567 2278 1595 2304; x_wconf 77' lang='grc' dir='ltr'>ὲν</span> <span class='ocrx_word' id='word_1_621' title='bbox 1605 2277 1704 2313; x_wconf 81' lang='grc' dir='ltr'>ἑαυτῷ,</span> <span class='ocrx_word' id='word_1_622' title='bbox 1713 2278 1738 2304; x_wconf 82' lang='grc' dir='ltr'>εἰ</span> <span class='ocrx_word' id='word_1_623' title='bbox 1748 2278 1804 2314; x_wconf 78' lang='grc' dir='ltr'>ἄρα</span> <span class='ocrx_word' id='word_1_624' title='bbox 1811 2277 1892 2311; x_wconf 59' lang='lat' dir='ltr'><strong>Emit;-</strong></span> 
     </span>
    </p>
   </div>
   <div class='ocr_carea' id='block_1_78' title="bbox 1115 2324 1502 2358">
    <p class='ocr_par' dir='ltr' id='par_1_78' title="bbox 1115 2324 1502 2358">
     <span class='ocr_line' id='line_1_78' title="bbox 1115 2324 1502 2358; baseline -0.003 -7"><span class='ocrx_word' id='word_1_625' title='bbox 1115 2325 1148 2352; x_wconf 84' lang='grc' dir='ltr'><strong>σά</strong></span> <span class='ocrx_word' id='word_1_626' title='bbox 1160 2333 1186 2351; x_wconf 87' lang='grc' dir='ltr'><strong>τι</strong></span> <span class='ocrx_word' id='word_1_627' title='bbox 1201 2325 1301 2358; x_wconf 81' lang='grc' dir='ltr'>ἀγαθὸν</span> <span class='ocrx_word' id='word_1_628' title='bbox 1317 2324 1431 2351; x_wconf 76' lang='grc' dir='ltr'>ἐνώπιόν</span> <span class='ocrx_word' id='word_1_629' title='bbox 1446 2333 1502 2351; x_wconf 84' lang='grc' dir='ltr'>σου.</span> 
     </span>
    </p>
   </div>
   <div class='ocr_carea' id='block_1_79' title="bbox 321 2367 1060 2408">
    <p class='ocr_par' dir='ltr' id='par_1_79' title="bbox 321 2369 1060 2408">
     <span class='ocr_line' id='line_1_79' title="bbox 321 2369 1060 2408; baseline 0.005 -12"><span class='ocrx_word' id='word_1_630' title='bbox 321 2372 347 2397; x_wconf 86' lang='lat'><strong>9.</strong></span> <span class='ocrx_word' id='word_1_631' title='bbox 368 2369 401 2397; x_wconf 85' lang='lat' dir='ltr'><strong>Et</strong></span> <span class='ocrx_word' id='word_1_632' title='bbox 417 2371 519 2398; x_wconf 90' lang='lat' dir='ltr'><strong>nullum</strong></span> <span class='ocrx_word' id='word_1_633' title='bbox 536 2371 644 2404; x_wconf 85' lang='lat' dir='ltr'><strong>penitus</strong></span> <span class='ocrx_word' id='word_1_634' title='bbox 660 2371 687 2399; x_wconf 94' lang='lat' dir='ltr'><strong>in</strong></span> <span class='ocrx_word' id='word_1_635' title='bbox 702 2380 745 2400; x_wconf 90' lang='lat' dir='ltr'><strong>me</strong></span> <span class='ocrx_word' id='word_1_636' title='bbox 759 2376 818 2400; x_wconf 88' lang='lat' dir='ltr'><strong>erat</strong></span> <span class='ocrx_word' id='word_1_637' title='bbox 830 2372 980 2407; x_wconf 88' lang='lat' dir='ltr'><strong>repositum</strong></span> <span class='ocrx_word' id='word_1_638' title='bbox 992 2380 1060 2408; x_wconf 88' lang='lat' dir='ltr'><strong>opus</strong></span> 
     </span>
    </p>
   </div>
   <div class='ocr_carea' id='block_1_80' title="bbox 1141 2367 1891 2408">
    <p class='ocr_par' dir='ltr' id='par_1_80' title="bbox 1148 2367 1891 2406">
     <span class='ocr_line' id='line_1_80' title="bbox 1148 2367 1891 2406; baseline -0.003 -8"><span class='ocrx_word' id='word_1_639' title='bbox 1148 2371 1175 2398; x_wconf 85' lang='lat'><strong>9.</strong></span> <span class='ocrx_word' id='word_1_640' title='bbox 1191 2371 1244 2397; x_wconf 77' lang='lat' dir='ltr'><strong>Kal.</strong></span> <span class='ocrx_word' id='word_1_641' title='bbox 1262 2370 1400 2402; x_wconf 82' lang='grc' dir='ltr'>παντελῶς</span> <span class='ocrx_word' id='word_1_642' title='bbox 1412 2371 1461 2397; x_wconf 71' lang='grc' dir='ltr'><strong>οὐκ</strong></span> <span class='ocrx_word' id='word_1_643' title='bbox 1474 2367 1508 2406; x_wconf 78' lang='grc' dir='ltr'>ἦν</span> <span class='ocrx_word' id='word_1_644' title='bbox 1526 2371 1557 2398; x_wconf 80' lang='grc' dir='ltr'>ὲν</span> <span class='ocrx_word' id='word_1_645' title='bbox 1578 2371 1639 2406; x_wconf 73' lang='grc' dir='ltr'>ἐμοὶ</span> <span class='ocrx_word' id='word_1_646' title='bbox 1658 2371 1839 2406; x_wconf 76' lang='grc' dir='ltr'>ἀποκείμενον</span> <span class='ocrx_word' id='word_1_647' title='bbox 1851 2369 1891 2405; x_wconf 72' lang='grc' dir='ltr'><strong>έρ-</strong></span> 
     </span>
    </p>
   </div>
   <div class='ocr_carea' id='block_1_81' title="bbox 284 2415 396 2441">
    <p class='ocr_par' dir='ltr' id='par_1_81' title="bbox 284 2415 396 2441">
     <span class='ocr_line' id='line_1_81' title="bbox 284 2415 396 2441; baseline 0 0"><span class='ocrx_word' id='word_1_648' title='bbox 284 2415 396 2441; x_wconf 86' lang='lat' dir='ltr'><strong>bonum.</strong></span> 
     </span>
    </p>
   </div>
   <div class='ocr_carea' id='block_1_82' title="bbox 320 2459 1062 2499">
    <p class='ocr_par' dir='ltr' id='par_1_82' title="bbox 320 2459 1062 2499">
     <span class='ocr_line' id='line_1_82' title="bbox 320 2459 1062 2499; baseline 0.008 -14"><span class='ocrx_word' id='word_1_649' title='bbox 320 2459 362 2486; x_wconf 77' lang='grc'><strong>10.</strong></span> <span class='ocrx_word' id='word_1_650' title='bbox 384 2459 416 2486; x_wconf 82' lang='lat' dir='ltr'><strong>Et</strong></span> <span class='ocrx_word' id='word_1_651' title='bbox 431 2460 581 2495; x_wconf 83' lang='lat' dir='ltr'><strong>cogitabam</strong></span> <span class='ocrx_word' id='word_1_652' title='bbox 598 2467 632 2488; x_wconf 68' lang='lat' dir='ltr'><strong>aut</strong></span> <span class='ocrx_word' id='word_1_653' title='bbox 656 2470 737 2496; x_wconf 88' lang='lat' dir='ltr'><strong>quem</strong></span> <span class='ocrx_word' id='word_1_654' title='bbox 762 2463 947 2499; x_wconf 81' lang='lat' dir='ltr'><strong>confugerem,</strong></span> <span class='ocrx_word' id='word_1_655' title='bbox 971 2468 997 2491; x_wconf 86' lang='lat' dir='ltr'><strong>et</strong></span> <span class='ocrx_word' id='word_1_656' title='bbox 1021 2463 1062 2491; x_wconf 85' lang='lat' dir='ltr'><strong>in-</strong></span> 
     </span>
    </p>
   </div>
   <div class='ocr_carea' id='block_1_83' title="bbox 284 2506 801 2541">
    <p class='ocr_par' dir='ltr' id='par_1_83' title="bbox 284 2506 801 2541">
     <span class='ocr_line' id='line_1_83' title="bbox 284 2506 801 2541; baseline 0.008 -9"><span class='ocrx_word' id='word_1_657' title='bbox 284 2510 384 2538; x_wconf 90' lang='lat' dir='ltr'><strong>certus,</strong></span> <span class='ocrx_word' id='word_1_658' title='bbox 400 2509 482 2540; x_wconf 83' lang='lat' dir='ltr'><strong>atque</strong></span> <span class='ocrx_word' id='word_1_659' title='bbox 499 2506 575 2541; x_wconf 89' lang='lat' dir='ltr'><strong>inops</strong></span> <span class='ocrx_word' id='word_1_660' title='bbox 590 2508 695 2535; x_wconf 86' lang='lat' dir='ltr'><strong>consilii</strong></span> <span class='ocrx_word' id='word_1_661' title='bbox 716 2516 801 2536; x_wconf 87' lang='lat' dir='ltr'><strong>eram.</strong></span> 
     </span>
    </p>
   </div>
   <div class='ocr_carea' id='block_1_84' title="bbox 1115 2416 1340 2452">
    <p class='ocr_par' dir='ltr' id='par_1_84' title="bbox 1115 2416 1340 2452">
     <span class='ocr_line' id='line_1_84' title="bbox 1115 2416 1340 2452; baseline 0 -9"><span class='ocrx_word' id='word_1_662' title='bbox 1115 2425 1162 2452; x_wconf 78' lang='grc' dir='ltr'><strong>γον</strong></span> <span class='ocrx_word' id='word_1_663' title='bbox 1178 2416 1277 2450; x_wconf 83' lang='grc' dir='ltr'>ἀγαθόν</span> <span class='ocrx_word' id='word_1_664' title='bbox 1292 2416 1340 2451; x_wconf 87' lang='grc'><strong>(5).</strong></span> 
     </span>
    </p>
   </div>
   <div class='ocr_carea' id='block_1_85' title="bbox 1152 2462 1889 2500">
    <p class='ocr_par' dir='ltr' id='par_1_85' title="bbox 1152 2462 1889 2500">
     <span class='ocr_line' id='line_1_85' title="bbox 1152 2462 1889 2500; baseline 0 -10"><span class='ocrx_word' id='word_1_665' title='bbox 1152 2464 1196 2491; x_wconf 73' lang='grc'><strong>10.</strong></span> <span class='ocrx_word' id='word_1_666' title='bbox 1212 2463 1267 2491; x_wconf 77' lang='grc' dir='ltr'><strong>Καὶ</strong></span> <span class='ocrx_word' id='word_1_667' title='bbox 1280 2463 1467 2500; x_wconf 79' lang='grc' dir='ltr'>διελογιζόμην</span> <span class='ocrx_word' id='word_1_668' title='bbox 1488 2463 1519 2490; x_wconf 75' lang='grc' dir='ltr'>τὸ</span> <span class='ocrx_word' id='word_1_669' title='bbox 1532 2463 1599 2499; x_wconf 81' lang='grc' dir='ltr'>πρὸς</span> <span class='ocrx_word' id='word_1_670' title='bbox 1617 2462 1678 2489; x_wconf 79' lang='grc' dir='ltr'>τίνα</span> <span class='ocrx_word' id='word_1_671' title='bbox 1695 2462 1791 2499; x_wconf 79' lang='grc' dir='ltr'>φύγω,</span> <span class='ocrx_word' id='word_1_672' title='bbox 1807 2463 1851 2490; x_wconf 81' lang='grc' dir='ltr'>καὶ</span> <span class='ocrx_word' id='word_1_673' title='bbox 1863 2462 1889 2489; x_wconf 71' lang='lat' dir='ltr'><strong>tr</strong></span> 
     </span>
    </p>
   </div>
   <div class='ocr_carea' id='block_1_86' title="bbox 1115 2508 1399 2545">
    <p class='ocr_par' dir='ltr' id='par_1_86' title="bbox 1115 2508 1399 2545">
     <span class='ocr_line' id='line_1_86' title="bbox 1115 2508 1399 2545; baseline 0.004 -2"><span class='ocrx_word' id='word_1_674' title='bbox 1115 2509 1152 2543; x_wconf 87' lang='lat'><strong>(6)</strong></span> <span class='ocrx_word' id='word_1_675' title='bbox 1161 2508 1301 2545; x_wconf 71' lang='grc' dir='ltr'><strong>ἀμηχανίᾳ</strong></span> <span class='ocrx_word' id='word_1_676' title='bbox 1315 2509 1399 2544; x_wconf 72' lang='grc' dir='ltr'>ήμηνο</span> 
     </span>
    </p>
   </div>
   <div class='ocr_carea' id='block_1_87' title="bbox 734 2565 1438 2606">
    <p class='ocr_par' dir='ltr' id='par_1_87' title="bbox 734 2565 1438 2606">
     <span class='ocr_line' id='line_1_87' title="bbox 734 2565 1438 2606; baseline 0.003 -10"><span class='ocrx_word' id='word_1_677' title='bbox 734 2565 890 2597; x_wconf 80' lang='lat' dir='ltr'><strong>Addenda</strong></span> <span class='ocrx_word' id='word_1_678' title='bbox 919 2570 949 2597; x_wconf 86' lang='lat' dir='ltr'><strong>et</strong></span> <span class='ocrx_word' id='word_1_679' title='bbox 974 2566 1164 2606; x_wconf 79' lang='lat' dir='ltr'><strong>corrigenda</strong></span> <span class='ocrx_word' id='word_1_680' title='bbox 1193 2576 1232 2598; x_wconf 81' lang='lat' dir='ltr'><strong>ex</strong></span> <span class='ocrx_word' id='word_1_681' title='bbox 1248 2567 1319 2598; x_wconf 89' lang='lat' dir='ltr'><strong>cod.</strong></span> <span class='ocrx_word' id='word_1_682' title='bbox 1337 2567 1438 2598; x_wconf 82' lang='lat' dir='ltr'><strong>Vatic.</strong></span> 
     </span>
    </p>
   </div>
   <div class='ocr_carea' id='block_1_88' title="bbox 318 2613 1062 2651">
    <p class='ocr_par' dir='ltr' id='par_1_88' title="bbox 318 2613 1062 2651">
     <span class='ocr_line' id='line_1_88' title="bbox 318 2613 1062 2651; baseline 0.003 -10"><span class='ocrx_word' id='word_1_683' title='bbox 318 2615 357 2650; x_wconf 78' lang='grc'><strong>(1)</strong></span> <span class='ocrx_word' id='word_1_684' title='bbox 377 2615 407 2641; x_wconf 86' lang='grc' dir='ltr'><em>Ἣ</em></span> <span class='ocrx_word' id='word_1_685' title='bbox 422 2614 466 2641; x_wconf 69' lang='grc' dir='ltr'>διὰ</span> <span class='ocrx_word' id='word_1_686' title='bbox 483 2614 531 2649; x_wconf 83' lang='grc' dir='ltr'>τῆς</span> <span class='ocrx_word' id='word_1_687' title='bbox 543 2613 724 2651; x_wconf 59' lang='grc' dir='ltr'>κινναβάρεως</span> <span class='ocrx_word' id='word_1_688' title='bbox 738 2615 876 2650; x_wconf 81' lang='grc' dir='ltr'>περιέχει·</span> <span class='ocrx_word' id='word_1_689' title='bbox 893 2620 946 2643; x_wconf 88' lang='lat' dir='ltr'><strong>etc.</strong></span> <span class='ocrx_word' id='word_1_690' title='bbox 969 2616 1062 2651; x_wconf 85' lang='grc' dir='ltr'><strong>Ἐντῷ</strong></span> 
     </span>
    </p>
   </div>
   <div class='ocr_carea' id='block_1_89' title="bbox 283 2649 1061 2685">
    <p class='ocr_par' dir='ltr' id='par_1_89' title="bbox 283 2649 1061 2685">
     <span class='ocr_line' id='line_1_89' title="bbox 283 2649 1061 2685; baseline 0.001 -9"><span class='ocrx_word' id='word_1_691' title='bbox 283 2650 408 2685; x_wconf 78' lang='grc' dir='ltr'>σπηλαίῳ</span> <span class='ocrx_word' id='word_1_692' title='bbox 422 2651 569 2685; x_wconf 76' lang='grc' dir='ltr'>προσευχῇ.</span> <span class='ocrx_word' id='word_1_693' title='bbox 580 2649 674 2681; x_wconf 77' lang='grc' dir='ltr'>Τοῦτο,</span> <span class='ocrx_word' id='word_1_694' title='bbox 691 2654 756 2682; x_wconf 83' lang='lat' dir='ltr'><strong>etc.,</strong></span> <span class='ocrx_word' id='word_1_695' title='bbox 767 2649 927 2685; x_wconf 78' lang='grc' dir='ltr'>εἰρήκαμεν.</span> <span class='ocrx_word' id='word_1_696' title='bbox 943 2650 991 2677; x_wconf 76' lang='grc' dir='ltr'>καὶ</span> <span class='ocrx_word' id='word_1_697' title='bbox 1003 2649 1061 2678; x_wconf 68' lang='lat' dir='ltr'><strong>ﬁta-</strong></span> 
     </span>
    </p>
   </div>
   <div class='ocr_carea' id='block_1_90' title="bbox 282 2684 1059 2720">
    <p class='ocr_par' dir='ltr' id='par_1_90' title="bbox 282 2684 1059 2720">
     <span class='ocr_line' id='line_1_90' title="bbox 282 2684 1059 2720; baseline 0.003 -9"><span class='ocrx_word' id='word_1_698' title='bbox 282 2684 372 2720; x_wconf 75' lang='grc' dir='ltr'>φόρως</span> <span class='ocrx_word' id='word_1_699' title='bbox 389 2686 435 2711; x_wconf 79' lang='grc' dir='ltr'>καὶ</span> <span class='ocrx_word' id='word_1_700' title='bbox 445 2684 614 2719; x_wconf 78' lang='grc' dir='ltr'>λαμϐάνεται</span> <span class='ocrx_word' id='word_1_701' title='bbox 627 2695 632 2700; x_wconf 92' lang='grc'><strong>·</strong></span> <span class='ocrx_word' id='word_1_702' title='bbox 647 2685 692 2710; x_wconf 82' lang='grc' dir='ltr'>ὅτε</span> <span class='ocrx_word' id='word_1_703' title='bbox 706 2685 760 2720; x_wconf 79' lang='grc' dir='ltr'>γάρ</span> <span class='ocrx_word' id='word_1_704' title='bbox 771 2705 778 2716; x_wconf 87' lang='grc'><strong>,</strong></span> <span class='ocrx_word' id='word_1_705' title='bbox 792 2684 856 2717; x_wconf 80' lang='lat' dir='ltr'><strong>etc.,</strong></span> <span class='ocrx_word' id='word_1_706' title='bbox 870 2684 926 2712; x_wconf 80' lang='grc' dir='ltr'><strong>τῶν</strong></span> <span class='ocrx_word' id='word_1_707' title='bbox 948 2685 1059 2714; x_wconf 81' lang='grc' dir='ltr'>δικαίων</span> 
     </span>
    </p>
   </div>
   <div class='ocr_carea' id='block_1_91' title="bbox 282 2719 1060 2756">
    <p class='ocr_par' dir='ltr' id='par_1_91' title="bbox 282 2719 1060 2756">
     <span class='ocr_line' id='line_1_91' title="bbox 282 2719 1060 2756; baseline 0.003 -10"><span class='ocrx_word' id='word_1_708' title='bbox 282 2719 406 2756; x_wconf 76' lang='grc' dir='ltr'>εὑρήσεις</span> <span class='ocrx_word' id='word_1_709' title='bbox 420 2720 484 2746; x_wconf 79' lang='grc' dir='ltr'>αὐτὸ</span> <span class='ocrx_word' id='word_1_710' title='bbox 491 2719 633 2756; x_wconf 22' lang='grc' dir='ltr'>ᾲκεί-μενον,</span> <span class='ocrx_word' id='word_1_711' title='bbox 649 2719 838 2756; x_wconf 77' lang='grc' dir='ltr'>ἑρμηνεύεται,</span> <span class='ocrx_word' id='word_1_712' title='bbox 854 2725 917 2753; x_wconf 85' lang='lat' dir='ltr'><strong>etc.,</strong></span> <span class='ocrx_word' id='word_1_713' title='bbox 936 2721 1060 2755; x_wconf 68' lang='grc' dir='ltr'>κείμενον</span> 
     </span>
    </p>
   </div>
   <div class='ocr_carea' id='block_1_92' title="bbox 282 2754 1061 2791">
    <p class='ocr_par' dir='ltr' id='par_1_92' title="bbox 282 2754 1061 2791">
     <span class='ocr_line' id='line_1_92' title="bbox 282 2754 1061 2791; baseline 0.003 -11"><span class='ocrx_word' id='word_1_714' title='bbox 282 2754 689 2791; x_wconf 48' lang='grc' dir='ltr'>ἑρμηνεύεταιεξουθ-ενημένοζ,</span> <span class='ocrx_word' id='word_1_715' title='bbox 702 2755 825 2791; x_wconf 66' lang='grc' dir='ltr'>τουτέστι</span> <span class='ocrx_word' id='word_1_716' title='bbox 839 2755 883 2781; x_wconf 73' lang='grc' dir='ltr'><strong>διὰ</strong></span> <span class='ocrx_word' id='word_1_717' title='bbox 907 2756 956 2787; x_wconf 80' lang='grc' dir='ltr'>τὰς</span> <span class='ocrx_word' id='word_1_718' title='bbox 971 2754 1061 2791; x_wconf 82' lang='grc' dir='ltr'>ἆμαρ-</span> 
     </span>
    </p>
   </div>
   <div class='ocr_carea' id='block_1_93' title="bbox 281 2788 1058 2820">
    <p class='ocr_par' dir='ltr' id='par_1_93' title="bbox 281 2788 1058 2820">
     <span class='ocr_line' id='line_1_93' title="bbox 281 2788 1058 2820; baseline 0.001 -5"><span class='ocrx_word' id='word_1_719' title='bbox 281 2788 446 2820; x_wconf 70' lang='grc' dir='ltr'><strong>τίἀςάὺτοῦ.</strong></span> <span class='ocrx_word' id='word_1_720' title='bbox 461 2789 518 2816; x_wconf 86' lang='grc' dir='ltr'><strong>Νῦν</strong></span> <span class='ocrx_word' id='word_1_721' title='bbox 529 2788 574 2816; x_wconf 83' lang='grc' dir='ltr'>οὖν</span> <span class='ocrx_word' id='word_1_722' title='bbox 588 2789 652 2816; x_wconf 77' lang='grc' dir='ltr'>αὐτὸ</span> <span class='ocrx_word' id='word_1_723' title='bbox 669 2789 747 2817; x_wconf 82' lang='grc' dir='ltr'>τοῦτο</span> <span class='ocrx_word' id='word_1_724' title='bbox 758 2790 788 2817; x_wconf 83' lang='grc' dir='ltr'>τὸ</span> <span class='ocrx_word' id='word_1_725' title='bbox 800 2790 883 2817; x_wconf 72' lang='grc' dir='ltr'><strong>Δαΰὶδ</strong></span> <span class='ocrx_word' id='word_1_726' title='bbox 899 2788 1058 2820; x_wconf 62' lang='grc' dir='ltr'>ὅνομαέστι</span> 
     </span>
    </p>
   </div>
   <div class='ocr_carea' id='block_1_94' title="bbox 282 2823 1056 2861">
    <p class='ocr_par' dir='ltr' id='par_1_94' title="bbox 282 2823 1056 2861">
     <span class='ocr_line' id='line_1_94' title="bbox 282 2823 1056 2861; baseline 0.001 -10"><span class='ocrx_word' id='word_1_727' title='bbox 282 2823 373 2851; x_wconf 75' lang='grc' dir='ltr'>λαϐεῖν</span> <span class='ocrx_word' id='word_1_728' title='bbox 384 2826 423 2856; x_wconf 70' lang='grc' dir='ltr'><strong>εἰς</strong></span> <span class='ocrx_word' id='word_1_729' title='bbox 438 2823 482 2851; x_wconf 79' lang='grc' dir='ltr'><strong>τὸν</strong></span> <span class='ocrx_word' id='word_1_730' title='bbox 494 2824 566 2858; x_wconf 85' lang='grc' dir='ltr'>λαόν,</span> <span class='ocrx_word' id='word_1_731' title='bbox 583 2829 635 2853; x_wconf 85' lang='lat' dir='ltr'><strong>etc.</strong></span> <span class='ocrx_word' id='word_1_732' title='bbox 640 2845 647 2859; x_wconf 89' lang='lat'><strong><em>,</em></strong></span> <span class='ocrx_word' id='word_1_733' title='bbox 658 2825 774 2861; x_wconf 80' lang='grc' dir='ltr'>ἰσχυρῶν</span> <span class='ocrx_word' id='word_1_734' title='bbox 784 2826 822 2858; x_wconf 87' lang='grc' dir='ltr'><strong>ὡς</strong></span> <span class='ocrx_word' id='word_1_735' title='bbox 838 2826 884 2853; x_wconf 75' lang='grc' dir='ltr'>καὶ</span> <span class='ocrx_word' id='word_1_736' title='bbox 892 2823 958 2853; x_wconf 78' lang='grc' dir='ltr'><strong>αὒτὸ</strong></span> <span class='ocrx_word' id='word_1_737' title='bbox 968 2825 1056 2859; x_wconf 83' lang='grc' dir='ltr'>τοῦτο,</span> 
     </span>
    </p>
   </div>
   <div class='ocr_carea' id='block_1_95' title="bbox 1110 2615 1598 2649">
    <p class='ocr_par' dir='ltr' id='par_1_95' title="bbox 1110 2615 1598 2649">
     <span class='ocr_line' id='line_1_95' title="bbox 1110 2615 1598 2649; baseline -0.002 -6"><span class='ocrx_word' id='word_1_738' title='bbox 1110 2619 1175 2648; x_wconf 88' lang='lat' dir='ltr'><strong>etc.,</strong></span> <span class='ocrx_word' id='word_1_739' title='bbox 1188 2615 1283 2649; x_wconf 82' lang='grc' dir='ltr'>σαφῶς</span> <span class='ocrx_word' id='word_1_740' title='bbox 1300 2615 1367 2642; x_wconf 80' lang='grc' dir='ltr'>αὐτὸ</span> <span class='ocrx_word' id='word_1_741' title='bbox 1378 2615 1456 2642; x_wconf 79' lang='grc' dir='ltr'>τοῦτο</span> <span class='ocrx_word' id='word_1_742' title='bbox 1468 2615 1598 2643; x_wconf 84' lang='grc' dir='ltr'>διδάσκει.</span> 
     </span>
    </p>
   </div>
   <div class='ocr_carea' id='block_1_96' title="bbox 1144 2651 1389 2685">
    <p class='ocr_par' dir='ltr' id='par_1_96' title="bbox 1144 2651 1389 2685">
     <span class='ocr_line' id='line_1_96' title="bbox 1144 2651 1389 2685; baseline 0.004 -8"><span class='ocrx_word' id='word_1_743' title='bbox 1144 2651 1183 2685; x_wconf 73' lang='grc'><strong>(2)</strong></span> <span class='ocrx_word' id='word_1_744' title='bbox 1197 2651 1319 2685; x_wconf 85' lang='grc' dir='ltr'>Τολμῶν,</span> <span class='ocrx_word' id='word_1_745' title='bbox 1336 2655 1389 2678; x_wconf 89' lang='lat' dir='ltr'><strong>etc.</strong></span> 
     </span>
    </p>
   </div>
   <div class='ocr_carea' id='block_1_97' title="bbox 1145 2686 1594 2721">
    <p class='ocr_par' dir='ltr' id='par_1_97' title="bbox 1145 2686 1594 2721">
     <span class='ocr_line' id='line_1_97' title="bbox 1145 2686 1594 2721; baseline -0.002 -8"><span class='ocrx_word' id='word_1_746' title='bbox 1145 2686 1183 2720; x_wconf 83' lang='grc'><strong>(5)</strong></span> <span class='ocrx_word' id='word_1_747' title='bbox 1199 2686 1239 2712; x_wconf 80' lang='grc' dir='ltr'><strong>Τὰ</strong></span> <span class='ocrx_word' id='word_1_748' title='bbox 1249 2686 1365 2721; x_wconf 73' lang='grc' dir='ltr'>δάκρυα,</span> <span class='ocrx_word' id='word_1_749' title='bbox 1381 2690 1433 2714; x_wconf 91' lang='lat' dir='ltr'><strong>etc.</strong></span> <span class='ocrx_word' id='word_1_750' title='bbox 1446 2686 1496 2714; x_wconf 87' lang='grc' dir='ltr'>Διό</span> <span class='ocrx_word' id='word_1_751' title='bbox 1509 2686 1594 2714; x_wconf 81' lang='lat' dir='ltr'><strong>deest.</strong></span> 
     </span>
    </p>
   </div>
   <div class='ocr_carea' id='block_1_98' title="bbox 1143 2721 1357 2755">
    <p class='ocr_par' dir='ltr' id='par_1_98' title="bbox 1143 2721 1357 2755">
     <span class='ocr_line' id='line_1_98' title="bbox 1143 2721 1357 2755; baseline 0.005 -8"><span class='ocrx_word' id='word_1_752' title='bbox 1143 2721 1181 2755; x_wconf 70' lang='grc'><strong>(4)</strong></span> <span class='ocrx_word' id='word_1_753' title='bbox 1201 2721 1256 2748; x_wconf 77' lang='grc' dir='ltr'><strong>Καί</strong></span> <span class='ocrx_word' id='word_1_754' title='bbox 1271 2721 1357 2749; x_wconf 85' lang='lat' dir='ltr'><strong>deest.</strong></span> 
     </span>
    </p>
   </div>
   <div class='ocr_carea' id='block_1_99' title="bbox 1144 2755 1452 2791">
    <p class='ocr_par' dir='ltr' id='par_1_99' title="bbox 1144 2755 1452 2791">
     <span class='ocr_line' id='line_1_99' title="bbox 1144 2755 1452 2791; baseline 0.003 -9"><span class='ocrx_word' id='word_1_755' title='bbox 1144 2756 1182 2790; x_wconf 87' lang='lat'><strong>(5)</strong></span> <span class='ocrx_word' id='word_1_756' title='bbox 1192 2755 1291 2791; x_wconf 74' lang='grc' dir='ltr'>Ἔργον</span> <span class='ocrx_word' id='word_1_757' title='bbox 1304 2765 1331 2782; x_wconf 85' lang='grc' dir='ltr'><strong>τι</strong></span> <span class='ocrx_word' id='word_1_758' title='bbox 1343 2755 1452 2790; x_wconf 83' lang='grc' dir='ltr'>ἀγαθόν.</span> 
     </span>
    </p>
   </div>
   <div class='ocr_carea' id='block_1_100' title="bbox 1141 2789 1792 2828">
    <p class='ocr_par' dir='ltr' id='par_1_100' title="bbox 1141 2789 1792 2828">
     <span class='ocr_line' id='line_1_100' title="bbox 1141 2789 1792 2828; baseline 0.006 -11"><span class='ocrx_word' id='word_1_759' title='bbox 1141 2791 1178 2826; x_wconf 74' lang='grc' dir='ltr'><strong>(ὕ)</strong></span> <span class='ocrx_word' id='word_1_760' title='bbox 1197 2789 1234 2818; x_wconf 79' lang='grc' dir='ltr'><strong>Τὸ</strong></span> <span class='ocrx_word' id='word_1_761' title='bbox 1249 2789 1312 2824; x_wconf 78' lang='grc' dir='ltr'>ποῦ,</span> <span class='ocrx_word' id='word_1_762' title='bbox 1326 2791 1343 2827; x_wconf 81' lang='grc' dir='ltr'>ἢ</span> <span class='ocrx_word' id='word_1_763' title='bbox 1358 2789 1425 2828; x_wconf 79' lang='grc' dir='ltr'>πρὸς</span> <span class='ocrx_word' id='word_1_764' title='bbox 1441 2791 1502 2820; x_wconf 79' lang='grc' dir='ltr'>τινα</span> <span class='ocrx_word' id='word_1_765' title='bbox 1513 2789 1606 2827; x_wconf 83' lang='grc' dir='ltr'>φυγὼν</span> <span class='ocrx_word' id='word_1_766' title='bbox 1619 2790 1664 2818; x_wconf 79' lang='grc' dir='ltr'><strong>ἀεὶ</strong></span> <span class='ocrx_word' id='word_1_767' title='bbox 1680 2791 1722 2826; x_wconf 81' lang='grc' dir='ltr'>ὲν,</span> <span class='ocrx_word' id='word_1_768' title='bbox 1736 2795 1792 2820; x_wconf 75' lang='lat' dir='ltr'><strong>etc.</strong></span> 
     </span>
    </p>
   </div>
  </div>
