1930 3046
291 149 365 180 ,ων
709 154 738 182 S.
758 153 944 183 ATHANASII
963 156 1039 185 OPP.
1059 157 1149 187 PARS
1167 159 1210 188 lll.
1232 177 1266 181 —
1281 161 1484 191 EXEGETICA.
1772 191 1782 200 ._
1841 163 1898 193 1300

327 211 355 258 ξ.
376 209 478 258 Exaudi
491 219 534 240 me
549 212 576 240 in
591 217 637 240 tua
651 213 756 247 iustitia
767 235 774 247 ,
1083 227 1106 254 Α
1155 222 1181 248 5.
1202 221 1365 248 Εξσάκουσάν
1384 231 1434 257 μου
1445 222 1474 248 ἐν
1487 223 1520 257 τῇ
1535 222 1691 258 δικαιοσύνῃ
1705 226 1765 254 σου,
1782 204 1787 209 ⁷

325 257 353 283 4.
376 256 409 284 Et
422 265 475 284 non
488 258 573 286 intres
589 259 616 285 in
627 259 760 294 judicium
780 268 842 287 cum
858 268 938 288 servo
952 266 998 288 luo
1013 271 1022 288 :

1157 268 1183 295 4.
1206 267 1259 294 Καὶ
1275 268 1312 302 μὴ
1324 267 1445 302 εἰσέλθῃς
1454 269 1494 298 είς
1505 256 1594 303 κρίσιν
1607 256 1733 302 μετὰ-τοῦ
1745 268 1841 295 δούλου
1850 277 1897 295 σω

326 302 354 329 5.
373 301 443 336 Quia
451 311 505 330 non
519 304 714 340 justiticabitur
727 306 753 332 in
765 312 913 340 conspectu
926 311 973 334 tuo
982 307 1071 334 omnis

1156 313 1182 339 5.
1191 313 1252 339 Ὅτι
1269 301 1298 339 οὐ
1307 301 1529 348 δικαιωθήσεται
1538 301 1652 340 ὲνώτειόν
1667 322 1714 340 σου
1729 314 1787 345 πᾶς
1802 313 1862 346 ζῶν.

291 355 393 376 νινεης.

324 393 351 420 6.
373 393 443 426 Quia
458 401 618 428 persecutus
636 400 677 423 est
690 396 818 424 inimicus
832 397 952 425 animam
963 405 1051 425 meam
1065 407 1071 424 :

1065 407 1071 424 :
1159 397 1184 424 6.
1195 397 1255 423 ’Ότι
1271 396 1432 429 κατεδίωξεν
1446 399 1459 424 ὁ
1473 397 1569 433 ὲχθρδς
1581 397 1629 432 τὴν
1642 397 1732 433 ψυχήν
1751 406 1821 432 μου·

325 438 351 466 7.
373 438 530 468 Ηιιηιὶιὶεινίι
548 442 576 468 in
592 447 664 470 terra
680 444 762 470 vitam
779 451 877 471 meam.

1159 444 1185 470 7.
1200 443 1395 469 Ἐταπείνωσεν
1408 445 1446 475 είς
1461 444 1511 478 γῆν
1525 443 1573 478 τὴν
1585 442 1656 478 ζωήν
1671 451 1731 478 μου.

324 483 350 511 8.
368 485 513 514 Collocavit
536 495 579 515 me
600 488 628 515 in
643 489 767 516 obscuris
783 490 853 517 sicut
875 495 997 518 mortuos
1022 497 1072 517 sate

1159 488 1185 515 8.
1204 489 1327 515 Ἐκάθισέ
1345 497 1378 523 με
1395 489 1423 515 ὲν
1440 489 1585 520 σκοτεινοῖς
1596 488 1632 520 ὡς
1647 489 1763 524 νεκροὺς
1777 489 1881 530 αἰῶνοςἲ

287 530 354 563 culi,

324 577 351 604 9.
366 576 399 604 Et
411 578 537 605 anxiatus
552 583 594 606 est
612 586 693 614 super
710 587 753 607 me
769 579 881 614 spiritus
899 587 997 608 meus:

1159 581 1185 608 9.
1202 580 1258 607 Καὶ
1268 580 1414 615 ήκηδίασεν
1429 580 1472 606 ἐπ’
1485 579 1535 614 ἐμὲ
1548 579 1578 605 τὺ
1589 578 1697 614 πνεῦμά
1712 587 1765 614 μου
1778 587 1784 593 -

324 623 368 650 10.
382 623 410 650 ln
427 631 470 651 me
482 624 620 652 turbatum
636 630 678 653 est
692 634 740 654 cor
753 634 855 655 meum.

1158 625 1202 653 10.
1226 626 1271 652 Ἑν
1285 626 1346 661 ἐμοὶ
1363 625 1500 661 ἐταράχθη
1515 626 1532 660 ἡ
1547 623 1644 659 καρδία
1662 632 1723 658 μου.

285 695 290 718 1
850 713 1039 742 ATHANASII
1057 712 1349 742 INTERPRETATIO.

288 801 419 829 δαίων.Ἦ
435 804 500 830 τότε
517 801 596 840 [sl-ra,
609 804 701 840 ὁπότε]
716 805 809 832 αὑτὸν
820 804 999 832 madlwa
1012 805 1178 840 Ἆσεσαλὼμ
1190 807 1206 832 ὁ
1220 805 1284 838 υίὸς
1299 804 1391 832 αὐτοῦ
1400 812 1407 819 ·
1428 804 1594 838 Ἁσεσαλὼμ
1610 803 1792 839 ἑρμηνεύεται
1814 802 1905 835 πατὴρ

287 850 425 884 εἰρήνης’
439 852 484 878 τὸν
497 852 560 879 λαὸν
570 851 617 879 οὖν
633 853 678 880 τὸν
692 853 888 889 ἐπιστρέφοντα
900 853 955 879 τῶν
972 852 1104 879 Ἰουδαίων
1119 852 1279 879 κατεδίωκεν
1289 853 1303 879 ὁ
1315 852 1404 889 πατὴρ
1415 851 1464 886 τῆς
1476 852 1584 886 εἰρήνης
1599 850 1701 886 Ἰησοῦς
1712 849 1814 876 ὡσανεὶ
1827 851 1841 876 ὁ
1854 849 1906 884 δρι-

290 895 362 930 μέως
377 896 525 934 [δρομεὺς]·
541 898 719 934 κατελήλυθεν
740 898 842 933 Ἰησοῦς
856 899 888 924 ὲκ
905 897 958 924 τῶν
974 896 1095 932 οὐρανῶν
1109 896 1156 923 τοῦ
1169 898 1314 932 κατασχεῖν
1332 897 1410 923 αὐτὸν
1426 897 1465 928 εἰς
1482 895 1626 931 σωτηρίαν.
1637 894 1722 921 Τοῦτο
1733 894 1790 929 γὰρ
1810 902 1913 929 psum:

289 944 370 978 μένος
379 946 393 971 ό
404 945 547 981 Προφήτης
562 946 653 980 ἔλεγεν
663 955 670 962 ο
684 946 752 981 μετὰ
766 945 795 972 δὲ
810 946 860 980 τῆς
875 945 956 980 ἄλλης
970 945 1116 980 ἑρμηνείας
1132 945 1179 979 τῆς
1192 944 1395 980 παρακειμένης
1409 943 1448 979 τῷ
1464 943 1546 978 στίχῳ
1557 942 1603 968 τοῦ
1616 941 1792 975 ὀγδοδεκάτου
1806 940 1906 974 ψαλμοῦ

287 991 387 1026 ὁμοίως
398 991 426 1018 δὲ
439 992 518 1019 τοῦτο
535 993 621 1029 δηλῶν
635 993 666 1019 τὸ
681 991 896 1026 καταϐεϐηκέναι
911 991 991 1017 αὐτὸν
1007 991 1040 1016 ἐκ
1054 990 1107 1016 τῶν
1123 990 1244 1026 οὐρανῶν
1259 991 1288 1017 ὲν
1301 990 1340 1026 τῷ
1354 990 1441 1024 λέγειν
1455 990 1533 1016 αὐτόν
1542 997 1549 1004 ·
1565 987 1787 1023 Ἀγαλλιὰσεται
1811 988 1852 1020 ὠς
1871 987 1907 1020 71'-

286 1045 342 1072 γας
359 1037 480 1072 δραμεῖν
493 1038 573 1071 ὁδὸν,
588 1039 639 1066 ἀπ’
654 1038 746 1072 ἄκρου
763 1036 817 1064 τοῦ
832 1036 960 1070 οὐρανοῦ
975 1037 994 1070 ἡ
1008 1035 1111 1068 ἔξοδος
1125 1035 1228 1068 αὐτοῦ,
1243 1036 1292 1062 καὶ
1318 1036 1351 1062 τὸ
1373 1034 1543 1069 κατάντημα
1563 1034 1654 1060 αὑτοῦ
1674 1033 1729 1065 ἓως
1746 1031 1843 1065 ἄκρου
1861 1031 1907 1057 τοῦ

287 1084 426 1117 οὐρανοῦ.
442 1084 516 1120 Αὕτη
532 1083 578 1112 οὖν
593 1087 609 1120 ἡ
625 1085 756 1121 ἑρμηνεία
767 1084 814 1111 τοῦ
825 1085 1033 1119 ἐπιγράμματος
1042 1092 1048 1098 ·
1066 1083 1177 1118 Ψαλμὸς
1190 1083 1229 1118 τῷ
1243 1083 1298 1118 λαῷ
1312 1083 1364 1110 τῶν
1387 1082 1518 1109 Ἰουδαίων
1531 1081 1570 1116 τῷ
1577 1080 1770 1116 ἐπιστρέψαντι
1786 1079 1856 1114 πρὸς
1869 1079 1907 1104 τὸν

288 1128 366 1159 Θεὸν,
378 1129 422 1155 ὅτε
436 1131 450 1156 ό
465 1130 554 1165 πατὴρ
566 1130 615 1165 τῆς
631 1131 741 1166 εἰρήνης
762 1130 865 1165 Ἰησοῦς
877 1129 1040 1156 κατεδίωκεν
1055 1129 1109 1155 ἀπὸ
1121 1128 1176 1154 τῶν
1189 1128 1309 1164 οὐρανῶν
1325 1127 1355 1154 τὸ
1366 1127 1443 1161 γένος
1456 1126 1510 1153 τῶν
1530 1127 1577 1153 ἀνθ
1582 1126 1688 1162 ρώπων.
1704 1125 1848 1152 συλλαϐεῖν
1866 1124 1908 1150 αὖ·

287 1173 351 1204 τοὺς
365 1174 404 1205 είς
419 1175 564 1210 σωτηρίαν.
584 1176 621 1202 Τὸ
633 1175 661 1202 δὲ
677 1177 762 1202 εἰπεῖν
779 1177 807 1202 ὲν
819 1175 859 1210 τῷ
875 1175 1072 1209 ἐπιγράμματι,
1087 1173 1136 1200 ὅτε
1157 1175 1173 1200 d
1193 1174 1258 1205 υἱὸς
1273 1173 1326 1199 τὸν
1345 1172 1457 1206 πατέρα
1470 1171 1560 1198 αὐτοῦ
1579 1171 1747 1202 κατεδίωκε,
1767 1169 1848 1204 δῆλον
1866 1169 1907 1194 εὑ-

288 1221 381 1255 ρήσεις
391 1221 478 1249 τοῦτο.
486 1223 516 1249 '0
530 1224 583 1258 γὰρ
597 1223 690 1258 Πατὴρ
704 1224 751 1259 τῆς
766 1224 876 1258 είρήνης
890 1222 1002 1257 Ἰησοῦς,
1011 1223 1025 1248 ὁ
1036 1221 1098 1252 Υἱὸς
1108 1220 1226 1255 γεγονὼς
1243 1219 1312 1246 κατὰ
1324 1220 1402 1255 χάριν
1416 1219 1481 1245 ἰδίαν
1494 1217 1547 1245 τῶν
1561 1217 1705 1251 Ἰουδαίων,
1715 1215 1804 1246 οὕτως
1814 1213 1906 1241 ἐσπού-

287 1265 352 1298 δαζε
369 1267 508 1295 συλλαϐεῖν
525 1270 624 1300 αὐτοὺς
635 1270 687 1296 ὑπὸ
700 1270 748 1301 τὰς
761 1271 898 1305 πτέρυγας
914 1268 997 1296 αὐτοῦ
1012 1269 1052 1300 είς
1071 1267 1216 1303 σωτηρίαν.

287 1313 394 1346 quando
413 1321 471 1340 eum
493 1315 693 1347 persequebatur
711 1314 835 1341 Absalom
855 1314 927 1347 filius
943 1313 999 1348 ejus
1016 1320 1026 1339 :
1040 1313 1164 1340 Absalom
1190 1313 1382 1348 interpretatur
1395 1316 1469 1347 pater
1487 1312 1561 1347 pacis
1578 1319 1588 1338 :
1600 1311 1728 1346 populum
1751 1310 1837 1345 igitur
1860 1307 1905 1335 Ju-

292 1358 411 1385 dzeorum
428 1363 629 1386 convertentem
642 1367 671 1387 se
683 1360 895 1394 persequebatur
911 1364 986 1394 pater
999 1359 1072 1394 pacis
1087 1358 1166 1386 Jesus
1177 1358 1259 1386 veluti
1274 1366 1369 1386 cursor
1383 1368 1390 1386 :
1406 1358 1544 1386 descendit
1558 1358 1631 1386 enim
1644 1357 1723 1385 Jesus
1747 1364 1763 1384 e
1775 1357 1861 1387 ctelo,
1880 1360 1906 1382 ut

292 1413 355 1432 eum
373 1406 584 1439 apprehenderet
596 1426 604 1439 ,
621 1414 653 1433 ac
672 1407 776 1434 salvum
792 1406 902 1433 faceret.
919 1405 975 1433 Hoc
994 1406 1065 1433 enim
1086 1413 1302 1433 commemorans
1325 1404 1459 1440 Propheta
1473 1406 1571 1433 cecinit
1586 1405 1695 1440 (juncta
1722 1403 1835 1438 quidem
1859 1401 1906 1429 alia

293 1451 516 1486 interpretatione
537 1454 659 1488 apposita
683 1454 818 1481 versiculo
843 1455 939 1489 psalmi
953 1454 1052 1481 decimi
1075 1454 1180 1486 octavi,
1199 1454 1247 1488 qui
1261 1454 1313 1481 hoc
1329 1454 1418 1488 ipsum
1440 1453 1591 1488 signiﬁcat,
1611 1452 1787 1480 descendisse
1801 1458 1864 1478 eum
1877 1451 1906 1477 de

291 1498 390 1533 caelis),
403 1498 496 1527 dicens
507 1507 514 1526 :
524 1492 673 1527 Exsultavit
696 1505 725 1526 ul
747 1502 820 1536 gigas
837 1502 871 1527 ad
883 1501 1038 1527 currendum
1053 1500 1130 1532 viam,
1143 1509 1160 1527 α
1176 1508 1276 1527 summa
1291 1500 1354 1526 caelo
1366 1500 1478 1534 egressio
1497 1500 1564 1534 ejus,
1579 1504 1602 1526 et
1614 1507 1738 1527 occursus
1751 1499 1812 1533 ejus
1834 1505 1907 1532 usque

293 1544 330 1571 ad
344 1552 474 1571 summum
487 1545 555 1580 ejus.
569 1545 632 1573 Haec
646 1546 727 1581 igitur
742 1552 783 1574 est
795 1546 979 1581 interpretatio
996 1546 1181 1581 inscriptionis
1200 1556 1206 1573 :
1224 1545 1348 1573 Psalmus
1360 1546 1460 1580 populo
1476 1544 1631 1572 Iudzeorum
1647 1544 1821 1572 couvertenti
1835 1552 1863 1571 se
1875 1543 1904 1570 ad

295 1589 399 1623 Deum,
420 1591 527 1626 quando
550 1595 627 1626 pater
648 1593 722 1627 pacis
743 1591 823 1620 Jesus
840 1593 1052 1627 persequebatur
1065 1602 1081 1620 e
1099 1593 1176 1620 caelis
1195 1599 1280 1626 genus
1296 1592 1455 1624 humanum,
1478 1596 1507 1618 ut
1521 1591 1761 1625 comprehenderet
1782 1598 1847 1618 eum
1859 1611 1866 1623 ,
1881 1595 1903 1616 et

292 1636 419 1665 salvaret.
441 1637 519 1670 Quod
546 1643 637 1665 autem
656 1639 754 1665 dicitur
773 1638 800 1666 in
821 1639 1022 1673 inscriptione:
1040 1640 1144 1673 quando
1165 1639 1235 1673 ﬁlius
1256 1643 1357 1672 patrem
1378 1646 1455 1665 suum
1478 1637 1688 1672 persequebatur,
1711 1636 1862 1664 manifesto
1884 1636 1905 1663 id

297 1683 457 1718 comperies.
470 1683 550 1711 Pater
563 1684 635 1711 enim
648 1685 721 1719 pacis
736 1683 827 1717 Jesus,
842 1685 925 1712 Filius
939 1693 985 1720 per
1003 1686 1118 1719 gratiam
1134 1693 1211 1713 suam
1234 1684 1388 1713 Iudaeorum
1403 1684 1500 1718 factus,
1513 1685 1550 1712 ita
1562 1683 1665 1712 studuit
1677 1683 1906 1718 comprehendere

291 1737 338 1757 eos
355 1729 406 1756 sub
422 1729 480 1756 alas
493 1737 568 1762 suas,
584 1734 613 1756 ut
628 1731 717 1758 salvos
731 1730 840 1758 faceret.

325 1786 352 1813 5.
373 1786 406 1813 Et
422 1786 504 1821 imple
519 1794 579 1814 eam
597 1795 646 1822 per
661 1788 759 1823 ipsum.

1089 1783 1110 1810 Β
1159 1789 1185 1816 5.
1206 1789 1260 1816 Καὶ
1274 1789 1417 1825 πλήρωσον
1432 1789 1517 1824 αὐτὴν
1530 1788 1565 1814 δι’
1577 1787 1668 1814 αὑτοῦ.

323 1831 354 1858 4.
372 1830 404 1858 Ει
419 1839 452 1858 ne
465 1831 532 1858 velis
553 1832 684 1859 rationem
703 1840 808 1860 mecum
827 1840 944 1868 ponere,
962 1833 1014 1861 hoc
1027 1838 1069 1861 est

1154 1836 1181 1862 4.
1202 1836 1256 1862 Καὶ
1273 1836 1310 1871 μὴ
1326 1835 1441 1870 θελήσῃς
1453 1835 1566 1870 συνᾶραι
1581 1833 1658 1867 λόγον
1672 1834 1731 1868 μετ’
1743 1833 1904 1869 €905,102:-

289 1884 402 1904 cttamen
421 1876 509 1905 facere
524 1877 700 1913 iniquitatum
720 1886 853 1905 mearum.

1121 1882 1192 1908 ἐστιν
1209 1881 1331 1914 ἐξέτασιν
1347 1880 1508 1916 ποιήσασθαι
1519 1880 1573 1906 τῶν
1587 1879 1705 1914 ἀνομιῶν
1721 1888 1773 1914 μου
1789 1880 1841 1915 (ί).

325 1922 352 1949 5.
372 1922 506 1955 Quoniam
522 1931 576 1950 non
593 1923 747 1958 estjustus,
763 1931 851 1958 neque
868 1932 956 1951 unus:
973 1923 1069 1951 Omnes

1155 1926 1182 1954 5.
1193 1926 1255 1953 Ὅτι
1271 1926 1321 1952 οὐκ
1335 1925 1407 1952 ἔστιν
1431 1925 1544 1956 δίκαιος,
1564 1924 1625 1950 οὔτε
1645 1921 1701 1955 εἶς’
1717 1923 1837 1956 Πάντες
1857 1923 1905 1956 γὰρ

288 1968 359 1994 enim
371 1973 550 2002 peccaverunt,
566 1973 590 1996 et
602 1973 674 2003 egent
688 1969 773 2004 gloria
786 1973 842 2002 tua,
851 1969 996 2004 justiﬁcatt'
1006 1978 1050 2005 gra

1144 1978 1265 2004 μαρτον,
1274 1971 1322 1997 καὶ
1333 1969 1527 2003 ὑστεροῦνται
1537 1968 1591 2002 τῆς
1598 1967 1690 2001 δόξης
1702 1976 1774 2001 σου,
1781 1967 1906 1995 δικαισὺ-

290 2014 323 2041 tt's
336 2014 423 2049 gratia
436 2019 481 2041 tua
493 2015 514 2042 °.

1120 2024 1205 2049 μενοι
1223 2015 1335 2050 δωρεὰν
1346 2014 1384 2049 τῇ
1397 2014 1440 2050 σῇ
1456 2014 1563 2050 χάριτι.

324 2059 353 2086 6.
372 2059 585 2094 Comprehendit
597 2059 722 2088 diabolus
736 2060 855 2087 animam
867 2069 964 2088 meam.

1155 2060 1182 2087 6.
1202 2061 1333 2096 Συνέσχεν
1348 2060 1384 2096 (2)
1403 2061 1417 2087 6
1429 2059 1551 2091 διάϐολος
1562 2060 1611 2094 τὴν
1624 2058 1713 2094 ψυχήν
1731 2067 1793 2094 μου.

324 2105 352 2132 '2'.
372 2104 544 2134 Hortilicavit
565 2106 593 2134 in
617 2106 733 2134 terrenis
757 2107 987 2141 concupiscentiis
1010 2107 1070 2134 aui-

1158 2106 1184 2133 7.
1197 2106 1379 2143 Ἐθανάτωσεν
1395 2106 1434 2137 είς
1449 2105 1499 2138 τὰς
1515 2105 1611 2140 γηίνας
1626 2105 1777 2140 ἐπιθυμίας
1795 2106 1846 2141 τὴν
1859 2105 1904 2139 QA-

289 2157 360 2178 mam
375 2159 470 2178 meam.

1121 2153 1171 2188 χήν
1190 2161 1251 2188 μου.

325 2197 351 2223 8.
369 2197 601 2230 Quemadmoaum
614 2202 736 2226 mortuos
747 2199 774 2226 in
786 2199 972 2226 monumentis
986 2198 1074 2226 inclu»

1159 2198 1187 2226 8.
1209 2199 1253 2230 Ὧς
1269 2199 1332 2230 τοὺς
1346 2198 1383 2234 (5)
1410 2198 1523 2234 νεκροὺς
1549 2197 1578 2224 ἐν
1599 2197 1655 2228 τοῖς
1681 2197 1824 2232 μνήμασιν
1844 2197 1904 2223 ἀπο-

289 2242 368 2275 dunt,
381 2247 408 2269 et
426 2243 566 2271 dimittunt
581 2251 628 2271 eos
650 2244 678 2271 in
697 2244 781 2272 fetore
805 2253 862 2272 suae
878 2245 1051 2279 corruptioni:

1144 2244 1255 2276 λείουσι,
1270 2244 1317 2270 καὶ
1334 2243 1414 2270 ἐῶσιν
1430 2244 1527 2275 αὐτοὺς
1553 2244 1581 2269 ὲν
1603 2244 1635 2277 τῇ
1652 2241 1770 2278 δυσωδίᾳ
1783 2243 1835 2278 τῆς
1853 2242 1904 2268 δια-

289 2288 327 2314 ita
341 2288 423 2314 etiam
442 2289 507 2316 mihi
522 2289 585 2316 fecit
599 2289 732 2318 diabolus.
752 2291 890 2318 Conclusit
902 2291 973 2318 enim
990 2291 1051 2317 mei

1138 2289 1226 2324 >θορᾶς
1243 2289 1343 2322 αὐτῶν,
1361 2289 1446 2320 οὕτως
1463 2288 1598 2323 πεποίηκέ
1623 2297 1667 2324 μοι
1687 2289 1733 2314 καὶ
1748 2289 1763 2313 ὀ
1774 2289 1900 2319 διάϐολπ.

290 2332 386 2360 faetore
399 2339 570 2368 peccatorum
587 2343 720 2368 meorum,
733 2341 763 2363 ut
778 2344 977 2371 corrumpcrer,
993 2341 1020 2363 et
1033 2336 1052 2362 ὶῑ

1138 2334 1285 2360 Απέκλεισε
1299 2335 1351 2370 γάρ
1367 2343 1401 2370 με
1413 2336 1440 2361 ὲν
1452 2336 1486 2370 τῇ
1501 2334 1616 2370 δυσωδίᾳ
1627 2334 1681 2360 τῶν
1695 2334 1842 2370 ἁμαρτιῶν
1857 2339 1900 2368 μου

289 2379 453 2412 computrui,
465 2384 494 2406 ut
506 2379 627 2407 faetorem
647 2389 753 2412 eorum.
765 2390 826 2416 qua:
838 2382 900 2414 feci,
916 2390 971 2409 non
989 2382 1051 2409 l'errt

1140 2379 1343 2415 ιαφθείρεσθαι,
1373 2380 1419 2406 καὶ
1441 2379 1527 2412 οὕτως
1550 2380 1743 2416 προσὼζουσα,
1762 2381 1835 2407 ὥστε
1858 2380 1899 2414 τὴν

289 2425 378 2451 anima
397 2432 467 2458 mea,
483 2426 530 2453 sed
541 2434 570 2454 se
583 2427 668 2461 ipsam
683 2427 894 2454 abominaretur.

1138 2424 1252 2451 υσωδὶαν
1272 2422 1309 2451 ῶν
1322 2425 1427 2460 ἔπραξα
1442 2426 1480 2461 μὴ
1496 2425 1588 2460 φέρειν
1604 2425 1652 2460 τὴν
1664 2425 1754 2460 ψυχήν
1771 2434 1835 2461 μου,
1849 2423 1898 2451 ἀλλ’

1120 2471 1217 2506 ἑαυτὴν
1233 2471 1427 2506 βδελύττεσθαι.

322 2513 350 2540 9.
365 2513 398 2540 Et
411 2513 577 2541 conscientia
592 2515 683 2542 cordis
696 2516 760 2547 mei,

1154 2516 1180 2542 9.
1199 2516 1254 2542 Καὶ
1266 2515 1296 2541 τὸ
1313 2516 1432 2548 συνειδὸς
1443 2517 1492 2551 τῆς
1509 2515 1621 2551 καρδίας
1639 2524 1688 2551 μου
1700 2535 1707 2547 ,

322 2559 367 2586 10.
384 2559 453 2587 Cum
472 2560 630 2588 recordarer
644 2561 729 2588 l'uturi
741 2560 849 2595 judicii,
864 2561 962 2589 timore
976 2569 1068 2589 corre-

1136 2577 1139 2579 -
1157 2562 1198 2589 £0.
1215 2562 1386 2597 Μνησοὲντος
1401 2571 1450 2598 μου
1460 2563 1510 2597 τῆς
1526 2562 1673 2598 μελλούσης
1688 2562 1818 2598 κρίσεως,
1830 2561 1896 2596 φόὃῳ

286 2609 332 2640 pta
350 2610 390 2633 est
670 2624 679 2634 .

670 2624 679 2634 .
1122 2607 1266 2642 συνεσχέθη
1271 2627 1277 2635 .

321 2661 332 2677 ‘
352 2660 429 2688 llum.
444 2669 484 2693 nl,
503 2662 546 2694 l0,
561 2662 607 2689 25.

745 2696 899 2726 Addenda
931 2701 962 2728 et
989 2699 1172 2738 corrigenda
1198 2709 1237 2730 ex
1253 2701 1323 2732 cod.
1346 2701 1446 2732 Vatie.

367 2746 525 2786 Ἀμαρτιῷν
538 2757 600 2783 μουο
1122 2750 1262 2786 ἁμαρτιῶν
1275 2750 1486 2786 διαφθείρεσθαι,
1497 2750 1544 2777 καὶ
1552 2751 1638 2782 οὕτως
1650 2749 1822 2786 προσώζεσα,
1832 2752 1893 2786 βίον

335 2750 359 2779 t)
371 2750 525 2783 ’Λμαρτιῶν
538 2757 600 2783 μου.
1122 2750 1139 2776 ἁ
1162 2751 1262 2786 αρτιῶν
1275 2750 1486 2786 διαφθείρεσθαι,
1497 2750 1544 2777 καὶ
1552 2751 1638 2782 οὕτως
1650 2750 1822 2786 προσώζεσα,
1835 2752 1893 2778 etc.,

332 2780 429 2824 ‘2)"01".
443 2782 647 2827 συνέσχενηειε.
937 2817 944 2824 ι
1123 2759 1161 2821 μς
1175 2785 1293 2821 φθείρειν
1307 2787 1366 2822 τήν,
1378 2785 1656 2848 θίαηξδελύσσεσθαι.
1678 2785 1712 2812 Ν.
1733 2786 1775 2813 l0.
1791 2785 1842 2812 Kal
1856 2782 1894 2814 τόν

334 2815 361 2848 ο)
372 2815 406 2843 Ν.
417 2815 444 2848 8,
456 2816 482 2844 9.
499 2818 535 2848 Ως
545 2826 617 2848 τους,
631 2821 696 2848 etc..
712 2817 900 2845 ἀποκλείουσιν
921 2825 945 2843 οι
973 2817 1068 2848 τεθνη-
1120 2824 1172 2848 ctc.
1188 2829 1273 2848 usaue
1290 2821 1323 2848 ad
1340 2829 1451 2848 συνεσγε
1469 2829 1497 2848 τι.

334 2815 361 2850 5)
372 2815 406 2856 N_.
417 2815 446 2856 8,
456 2816 482 2844 9.
492 2815 617 2856 “Esau;
631 2821 696 2856 etc_.,
712 2817 900 2856 ἀευοκλείουριν
921 2817 945 2843 οἱ
973 2817 1068 2856 τεθνη-

734 2817 900 2856 ευοκλείουριν
921 2817 945 2843 οἱ
973 2817 1068 2856 τεθνῃ-
1120 2815 1273 2856 ὲῑὸ.ἰις(]ἶιε
1290 2821 1323 2848 ad
1335 2815 1496 2856 ’συνεσχέθη-

287 2850 364 2882 κότες
374 2851 480 2884 αὐτοὺς,
499 2853 555 2886 καί,
570 2857 634 2884 etc.,
648 2853 696 2888 τῆς
710 2853 812 2890 φθορᾶς
832 2851 930 2885 αὐτῶν,
944 2856 995 2879 etc.
1011 2850 1065 2879 τῶν
