1930 3046
8 139 63 166 301

31 199 79 226 11.
106 199 265 236 Ἐμνήσθην
276 201 385 236 ἡμερῶν
397 204 516 239 ἀρχαίων
527 214 534 222 ·

30 245 78 271 12.
105 245 277 281 Ἐμελέτησα
293 248 321 273 ὲν
334 249 400 276 πᾶσι
411 252 466 282 τοῖς
482 251 571 287 ἔργοις
585 262 642 285 σου,

31 289 78 316 15.
101 290 151 316 Ἑν
165 292 297 326 ποιήμασι
309 293 363 319 τῶν
375 295 479 330 χειρῶν
487 305 533 323 σου
550 299 692 333 ἐμελέτων.

30 334 78 360 1-1.
97 334 257 363 Διεπέτασα
273 338 340 372 πρὸς
352 338 381 364 σὲ
394 339 443 371 τὰς
453 341 547 376 χεῖράς
565 351 615 377 μου
628 352 636 359 -

30 380 78 407 15.
103 381 139 407 Ἦ
154 381 225 416 ψυχή
240 391 290 417 μου
305 383 343 415 ὠς
355 384 390 419 γῆ
406 386 518 422 ἄνυδρός
532 396 583 415 σοι.

33 425 81 451 16.
98 426 178 460 Ταχὺ
190 427 346 455 εἰσάκουσόν
364 438 425 464 μου,
443 431 527 467 Κύριε
539 440 546 447 ε

34 471 81 498 17.
106 472 232 505 Ἐξέλιπε
245 474 275 500 τὸ
289 474 398 510 πνεῦμά
415 485 477 511 μου.

33 517 79 544 18.
97 517 148 552 Μὴ
166 518 339 556 ἀποστρέψεις
353 521 383 547 τὺ
394 522 538 557 πρόσωπόν
553 532 601 550 σου
614 525 660 551 ἀπ’
676 526 754 561 ἐμοῦ,

32 561 78 588 19.
95 562 156 588 Kal
168 563 372 600 ὁμοιωθήσομαι
387 567 442 597 τοῖς
457 568 666 596 καταϐαίνουσιν
678 571 718 602 είς
729 571 780 599 λάκ

8 616 58 634 ιον.

32 654 79 681 20.
103 654 251 682 Ἀκουπὸν
265 656 377 692 ποίησόν
393 667 437 693 μοι
452 659 482 685 τὸ
494 660 566 694 ’πρωὶ¹
584 661 614 687 τὺ
631 661 705 694 ἔλεός
722 671 766 690 σου
781 671 787 678 ·

33 700 80 726 21'.
102 700 166 726 ’Ὁτι
184 701 230 728 ἐπὶ
248 702 288 728 σοὶ
304 702 415 738 ἤλπισα.

34 746 81 772 22.
101 746 240 782 Γνὼρισόν
255 757 311 784 μοι,
329 749 425 785 Κύριε,
436 752 504 785 ὁδὸν,
522 753 551 779 ὲν
599 754 767 790 πορεύσομαι
781 765 787 770 ·

34 792 83 820 23.
100 792 165 819 Ὅτι
181 794 248 828 πρὸς
262 795 292 821 σὲ
304 792 359 830 ἦρα
369 796 417 831 τὴν
428 796 516 833 ψυχήν
534 807 595 833 μου.

33 837 80 864 24.
103 838 212 870 Ἐξελοῦ
227 848 259 874 με
274 840 369 867 ἐκτῶν
385 841 489 878 ἐχθρῶν
504 852 565 878 μου,
585 843 682 879 Κύριε,

31 883 79 911 25.
95 884 170 920 Πρὸς
187 885 216 911 σὲ
228 886 392 920 κατέφυγον.

34 930 80 958 26.
98 931 210 964 Δίδαξόν
225 939 259 966 με
270 932 316 958 τοῦ
332 935 418 960 ποιεῖν
430 934 459 961 τὸ
473 935 576 972 θέλημά
590 944 648 968 σου,
662 937 702 964 ὅτι
718 937 750 964 σὺ
763 935 790 964 εἴ

8 976 16 1003 5
25 976 92 1007 Θεός
108 985 171 1012 μου.

461 144 505 172 DE
522 146 658 177 TITULIS
676 149 900 182 PSALMORUM.
916 168 952 174 --
971 155 1067 184 PSAL.
1089 157 1181 186 CXLII

1549 166 1560 192 1
1566 166 1620 194 502

801 215 826 243 Α
875 214 918 240 11.
935 214 1036 243 Memor
1047 216 1085 244 fui
1102 217 1207 245 dierum
1219 220 1410 254 antiquorum:

880 257 923 284 12.
938 258 1080 289 Meditatus
1095 270 1154 289 sum
1173 263 1199 290 in
1216 265 1342 293 omnibus
1359 266 1486 300 operibus
1503 268 1570 298 tuis.

879 304 922 331 13.
941 305 969 331 In
985 305 1065 334 factis
1080 315 1208 336 manuum
1224 314 1332 338 tuarum
1346 312 1506 340 meditabar.

877 349 920 378 11.
936 350 1058 386 Expandi
1068 360 1165 381 manus
1179 361 1253 382 meas
1269 355 1302 381 ad
1318 359 1360 382 te:

877 395 921 422 15.
935 396 1032 424 Anima
1047 405 1108 425 mea
1122 398 1193 426 sicut
1208 403 1278 426 terra
1294 400 1353 427 sine
1365 397 1434 436 aqua
1450 401 1508 430 tibi.

876 440 920 467 16.
937 441 1072 469 Velociter
1084 443 1183 470 exaudi
1198 451 1251 475 me,
1267 443 1398 473 Domine:

877 486 922 514 17.
936 487 1039 515 Deiecit
1052 488 1164 523 spiritus
1181 497 1266 518 meus.

875 531 918 558 18.
937 531 995 559 Non
1010 538 1118 561 avertas
1132 533 1228 562 faciem
1243 539 1317 562 tuam
1334 543 1350 563 a
1363 544 1417 569 me,

875 577 918 604 19.
931 577 963 606 Et
978 578 1076 606 similis
1090 587 1138 607 ero
1152 580 1380 609 descendentibus
1395 582 1422 609 in
1436 583 1532 611 lacum.

875 666 921 692 20.
935 666 1061 693 Auditam
1074 665 1116 694 l‘ac
1126 667 1196 695 mihi
1207 676 1287 696 mane
1299 669 1512 698 misericordiam
1527 676 1617 700 tuam:

874 710 919 738 21.
938 711 1008 744 Quia
1024 712 1051 738 in
1070 715 1096 739 te
1110 712 1226 747 speravi.

873 755 918 782 22.
933 754 1029 783 Notam
1043 755 1085 783 iac
1100 757 1166 784 mihi
1183 757 1264 790 viam,
1279 757 1306 784 in
1323 765 1377 792 qua
1395 758 1526 786 ambulem
1541 769 1547 786 :

873 800 918 828 25.
935 800 1002 833 Quia
1014 801 1048 829 ad
1064 806 1089 829 te
1101 801 1188 829 levavi
1203 803 1320 829 animam
1335 811 1433 831 meam.

873 846 918 873 21.
934 845 1014 881 Eripe
1028 854 1072 874 me
1087 847 1120 875 de
1136 847 1255 875 inimicis
1271 849 1350 880 meis,
1370 848 1494 880 Domine,

875 891 920 918 25.
933 891 973 919 Ad
989 896 1014 919 te
1030 891 1151 928 confugi.

874 936 920 963 26.
939 936 1008 965 Doce
1023 945 1066 965 me
1081 937 1170 966 facere
1183 939 1348 967 voluntatem
1368 944 1452 974 tuam,
1469 941 1532 976 quia
1548 940 1617 969 Deus

842 989 920 1010 meus
931 991 961 1010 es
974 988 1014 1011 ῑΙΙ.

559 1107 748 1136 ATHANASII
768 1110 1066 1140 INTERPRETATIO._

38 1212 83 1239 11.
107 1213 261 1249 Ἐμνήσθην
278 1215 331 1250 γὰρ
347 1216 401 1242 τῶν
428 1217 568 1253 προτέρων
600 1226 650 1246 μου
677 1219 788 1255 ἡμερῶν

8 1257 55 1283 (ὧν
67 1257 274 1286 παλαιωθιισῶν
290 1261 319 1286 ὲν
330 1261 465 1296 ἁνομίαις.

41 1303 82 1330 12.
100 1304 156 1330 Kal
171 1304 296 1341 ἠρξάμην
321 1306 487 1342 ἐπιστρέψας
501 1309 648 1344 γυμνάζειν
670 1310 788 1345 ἐμαυτὸν

11 1347 44 1383 (1)
56 1351 85 1376 ὲν
98 1351 156 1382 τοῖς
171 1350 262 1386 ἔργοις
277 1352 326 1386 τῆς
341 1352 490 1385 εὐσεῦείας.

41 1395 83 1422 15.
100 1395 156 1422 Καὶ
168 1396 207 1428 ὼς
219 1397 247 1430 ἐξ
264 1397 351 1432 ἀρχῆς
367 1398 586 1435 ἐδημιούργησας
607 1410 651 1437 με,
671 1403 787 1439 ἐπειρώ-

13 1447 59 1473 ιιην
70 1441 192 1473 τοιοῦτος
203 1442 346 1477 εὑρεθῆναι
362 1443 476 1471 ἐνώπιόν
495 1453 553 1473 σου.

40 1487 84 1514 14.
107 1488 259 1520 Ἀνατείνας
270 1489 319 1525 τὴν
333 1490 447 1525 καρδίαν
459 1499 520 1526 μου,
535 1492 592 1526 μετ’
605 1493 701 1530 ὀδύνης
713 1494 788 1531 E661)-

13 1539 40 1558 αα
53 1532 92 1567 (2)
108 1534 176 1568 πρὸς
189 1534 219 1560 σέ

875 1221 919 1249 11.
932 1221 1041 1249 Memini
1050 1221 1122 1249 enim
1134 1221 1299 1248 anteriorum
1312 1220 1417 1249 dierum
1427 1225 1561 1252 meorum,
1570 1219 1621 1254 qui.

840 1267 1059 1295 inveteraverunt
1074 1267 1101 1294 in
1118 1267 1316 1302 iniquitatibus.

876 1313 919 1341 12.
937 1313 970 1340 Et
982 1321 1130 1341 conversus
1144 1313 1214 1349 coepi
1229 1313 1360 1348 meipsum
1373 1319 1499 1340 exercere
1510 1311 1538 1339 in
1554 1319 1627 1347 ope-7

840 1358 916 1387 ribus
929 1359 1048 1394 pietatis.

876 1407 920 1434 13.
935 1406 968 1434 Et
980 1406 1207 1442 quemadmodum
1218 1406 1252 1434 ab
1265 1406 1342 1433 initio
1355 1413 1398 1433 me
1413 1406 1521 1437 creasti,
1536 1404 1616 1431 talem

839 1458 954 1480 conatus
968 1461 1028 1480 sum
1043 1453 1157 1480 inveniri
1172 1460 1262 1480 coram
1273 1455 1309 1479 te.

875 1501 919 1529 11.
934 1501 1087 1529 Extendens
1100 1509 1147 1529 cor
1158 1509 1259 1534 meum,
1273 1508 1335 1528 cum
1352 1500 1445 1528 dolore
1456 1499 1569 1528 clamavi
1584 1498 1617 1526 ad

839 1552 865 1575 ιε

42 1577 86 1604 15.
103 1579 243 1614 ’Δχαρπος
256 1580 384 1617 ὑπάρχει,
399 1582 445 1609 καὶ
459 1568 622 1617 ἶεχώρισται
640 1585 678 1620 μὴ
688 1584 785 1620 ἔχουσα

873 1593 917 1621 15.
931 1591 1102 1620 Inl'ructil‘era
1118 1596 1159 1620 est
1171 1596 1198 1619 et
1210 1591 1341 1624 desonata,
1360 1598 1415 1619 non
1429 1590 1532 1619 habens
1545 1590 1572 1618 in
1588 1597 1619 1618 se

12 1622 35 1648 ὲν
48 1623 129 1659 ἑαυτῇ
142 1624 173 1650 τὸ
184 1625 255 1651 Πνεῦ
260 1626 299 1661 μά
311 1635 358 1654 σου
371 1629 401 1655 τὸ
417 1629 505 1664 ἅγιον.

40 1668 83 1695 16.
99 1669 198 1704 Δέομαί
211 1679 268 1704 σου,
284 1671 370 1708 Κύριε
380 1681 387 1688 ⁸
405 1675 473 1710 ταχὺ
500 1675 642 1712 πλήρωσον
655 1676 724 1711 ὅπερ
743 1677 786 1702 al-

15 1714 112 1748 τοῦμαι
123 1714 160 1751 (5)
171 1723 179 1731 '

41 1759 84 1785 17.
101 1760 295 1797 Τεθανάτώμαι
306 1763 360 1799 γὰρ
371 1765 424 1792 ὑπὸ
438 1766 487 1801 τῆς
505 1766 650 1802 ἁμαρτίας.

43 1805 84 1832 18.
101 1806 145 1841 Μὴ
158 1806 276 1843 βδελύξῃν
285 1817 318 1844 με
332 1809 376 1836 διὰ
388 1810 418 1837 τὸ
432 1810 469 1847 (1)
483 1811 568 1847 ὄνομά
582 1820 638 1838 σου.

42 1850 83 1877 19.
99 1852 152 1878 Kal
162 1853 251 1888 ὅμοιος
264 1855 386 1890 γένωμαι
398 1855 451 1883 τῶν
467 1857 504 1893 μὴ
523 1857 647 1893 ὁρώντων
666 1857 743 1884 τοῦτο
756 1858 786 1884 τὸ

16 1896 75 1929 (θῶς,
92 1897 137 1923 καὶ
149 1899 300 1926 πιπτόντων
311 1901 349 1932 είς
367 1901 472 1937 βόθρον,
484 1903 532 1929 καὶ
541 1903 595 1929 ἀπὸ
605 1903 652 1930 τοῦ
667 1904 737 1939 κάμὲ
744 1903 786 1930 οὖ-

16 1950 62 1974 τως
75 1944 219 1979 ἐμπίπτειν
231 1945 279 1982 (5),
298 1947 345 1974 καὶ
358 1948 533 1983 ὲναπομένειν
547 1951 580 1985 τῇ
601 1950 732 1986 ἁμαρτίᾳ.

43 1988 86 2022 20,
97 1989 141 2016 21.
150 1990 188 2026 (6)
198 1991 257 2018 ’Ότι
278 1992 326 2018 ἐπὶ
340 1993 381 2019 σοὶ
391 1993 503 2028 ἤλπισα,
514 1994 599 2026 οὕτως
616 1995 727 2031 ἐλέησόν
740 2005 783 2031 με.

42 2034 84 2061 22.
105 2036 182 2062 Ὥστε
206 2037 310 2070 πάντας
323 2039 434 2073 γνῶναι,
456 2040 551 2075 ὅτιπερ
564 2041 683 2076 ἡλέησάς
700 2051 733 2077 με
757 2043 785 2068 ἐν

17 2079 47 2115 τῷ
60 2080 89 2106 τὸ
101 2081 156 2115 φῶς
170 2090 216 2108 σου
231 2083 367 2111 ἀνατεῖλαι
379 2085 408 2111 ὲν
421 2085 494 2120 ἐμοί.

44 2125 87 2152 25.
105 2126 164 2153 ’Ότι
178 2136 219 2154 σοι
230 2129 404 2164 προσήγαγον
417 2130 467 2166 τὴν
482 2130 571 2166 ψυχήν
592 2141 653 2167 μου,
670 2133 710 2159 ὃτι
732 2132 785 2160 ἀπὸ

20 2170 118 2202 σκάτους
129 2171 184 2206 εἰμὶ
201 2172 411 2210 Ιὲσκοτισμένος]
427 2174 480 2201 τῶν
501 2175 616 2211 πρώτων
632 2186 682 2212 μου
696 2179 785 2214 ἁμαρ-

18 2216 84 2248 τιῶν,
99 2217 143 2243 καὶ
156 2218 206 2244 οὐκ
219 2217 276 2246 οῖδα
287 2220 319 2246 τὸ
332 2220 390 2252 πῶς
409 2221 533 2257 πορευθῶ
547 2223 615 2258 πρὸς
631 2223 662 2250 τὸ
675 2225 783 2258 ἐγγίσαι

20 2269 60 2295 σοι,
73 2263 115 2295 δός
130 2272 173 2299 μοι
189 2265 237 2300 τὴν
251 2266 400 2301 ὁδηγοῦσαν
416 2276 449 2302 με
463 2267 532 2303 πρὸς
543 2269 582 2296 σέ.

42 2307 86 2335 24,
108 2309 210 2342 Ἐξελοῦ
226 2320 260 2346 με
273 2312 305 2338 ἐκ
315 2312 370 2340 τῶν
385 2313 528 2349 δαιμόνων,
547 2314 644 2350 Κύριε.

43 2354 86 2381 25.
105 2355 163 2382 Ὅτι
175 2356 226 2382 ὑπὸ
237 2356 286 2392 τὴν
301 2357 349 2394 σὴν
366 2357 522 2386 δεσποτείαν
533 2359 602 2386 θέλω
613 2358 695 2387 εἶναι.

42 2400 84 2427 26.
98 2401 150 2428 Kal
164 2402 257 2438 ἐπειδὴ
267 2403 362 2439 νήπιός
376 2405 433 2440 εἰμι
445 2405 537 2441 ἀκμὴν
551 2407 579 2432 ὲν
591 2408 650 2439 ταῖς
665 2408 784 2439 ἐντολαῖς

22 2454 68 2480 σου,
79 2448 228 2484 κατήχησόν
244 2458 288 2484 με,
301 2450 327 2476 τί
343 2451 372 2477 τὸ
385 2451 487 2478 τέλειον
500 2452 547 2479 καὶ
568 2453 713 2488 εὐάρεστον
741 2455 782 2480 ἐν·

21 2489 90 2519 ὡπιόν
102 2500 155 2520 σου.

837 1637 894 1672 ipsa
911 1637 1041 1674 Spiritum
1053 1643 1175 1666 sanctum
1191 1642 1277 1665 tuum.

872 1684 915 1712 16.
938 1684 1074 1719 Deprecor
1096 1689 1132 1716 te,
1154 1683 1277 1716 Domine,
1293 1683 1416 1711 celeriter
1437 1681 1524 1717 imple,
1543 1681 1616 1716 quod

836 1735 897 1764 Ρειο
907 1739 915 1763 ς

872 1775 915 1802 17.
928 1773 995 1802 Nam
1008 1775 1187 1802 mortiﬁcatus
1199 1781 1260 1803 sum
1276 1782 1291 1801 a
1308 1778 1430 1809 peccato.

872 1819 915 1847 18.
931 1819 970 1847 Ne
980 1819 1146 1847 abomineris
1161 1827 1204 1846 me
1218 1823 1327 1854 propter
1343 1825 1442 1845 nomen
1457 1821 1545 1845 tuum.

871 1865 916 1893 1.9.
929 1865 962 1892 Et
970 1864 1066 1892 similis
1078 1864 1140 1892 ﬁam
1150 1864 1204 1892 illis
1215 1872 1269 1891 non
1281 1863 1436 1891 videntibus
1449 1863 1518 1889 hanc
1527 1862 1619 1889 lucem

835 1914 862 1938 et
873 1909 1054 1937 incidentibus
1066 1909 1094 1936 in
1105 1909 1222 1942 foveam,
1234 1908 1298 1944 quia
1313 1908 1393 1936 etiam
1406 1915 1456 1943 ego
1470 1907 1509 1935 sic
1521 1906 1619 1939 incidi,

835 1961 862 1984 et
872 1955 1009 1992 permansi
1024 1955 1051 1982 in
1069 1959 1188 1990 peccato.

870 2002 915 2035 20,
931 2001 975 2029 21.
991 2000 1060 2034 Quia
1076 2001 1103 2028 in
1120 2006 1146 2028 te
1161 2000 1278 2036 speravi,
1295 1999 1356 2027 ideo
1367 1999 1496 2026 miserere
1510 1998 1574 2025 mei.

869 2044 914 2071 22.
934 2042 969 2070 Ut
978 2051 1071 2071 omnes
1083 2047 1206 2076 noscant,
1216 2042 1289 2078 quod
1303 2041 1356 2070 mei
1366 2042 1494 2069 misertus
1503 2048 1542 2074 es,
1552 2040 1616 2068 dum

835 2090 881 2117 lux
895 2094 940 2117 tua
952 2089 1074 2117 exoritur
1086 2089 1113 2116 in
1127 2096 1180 2116 me.

869 2135 915 2162 23.
931 2134 1001 2167 Qui:
1016 2134 1064 2162 tibi
1077 2134 1162 2162 obtuli
1176 2133 1293 2161 animam
1304 2141 1403 2165 meam,
1412 2133 1540 2168 quoniam
1552 2138 1567 2158 a
1578 2135 1616 2158 te-

834 2180 926 2208 nebris
940 2180 1107 2207 anteriorum
1126 2187 1247 2207 meorum
1267 2184 1440 2214 peccatorum
1456 2178 1617 2205 obtenehra-

835 2230 879 2254 tus
888 2233 959 2258 sum,
972 2230 998 2253 et
1013 2226 1107 2261 ignoro
1117 2233 1171 2260 quo
1184 2225 1348 2260 progrediar,
1362 2229 1391 2251 ut
1404 2223 1616 2259 appropinquem

835 2272 895 2304 tibi,
904 2272 938 2300 da
951 2272 1022 2299 mih'r
1034 2271 1148 2307 gratiam
1161 2275 1234 2298 tuam
1249 2271 1424 2298 deducentem
1441 2277 1484 2297 me
1496 2269 1529 2296 ad
1543 2273 1580 2297 te.

870 2318 916 2346 21.
933 2317 1013 2352 Eripe
1029 2325 1071 2344 me
1083 2325 1098 2344 a
1109 2316 1260 2347 daemoniis.
1273 2316 1395 2344 Domine.

869 2364 914 2392 25.
932 2363 1065 2397 Quoniam
1081 2363 1132 2391 sub
1142 2366 1218 2390 tuum
1231 2361 1380 2389 dominium
1394 2369 1456 2390 esse
1471 2361 1544 2389 volo.

868 2409 914 2436 26.
927 2408 960 2436 Et
978 2409 1042 2444 quia
1058 2408 1149 2436 infans
1165 2416 1226 2436 sum
1243 2408 1332 2436 adhuc
1351 2408 1378 2435 in
1396 2407 1531 2435 mandatis
1547 2406 1610 2439 tuis,

832 2454 939 2483 instrue
954 2462 1006 2487 me,
1021 2454 1085 2490 quid
1107 2453 1255 2489 perfectum
1273 2459 1300 2482 et
1315 2454 1443 2490 placitum
1460 2454 1496 2481 sit
1520 2461 1616 2482 coram

836 2504 870 2527 te.

457 2585 609 2617 Addenda
627 2590 657 2618 et
679 2587 864 2628 corrigenda
892 2598 931 2620 ex
960 2589 1028 2620 cod.
1056 2590 1156 2621 Vatic.

48 2662 81 2697 (Ι)
98 2664 214 2696 Ἐαυτόν,
227 2670 279 2693 etc.

48 2699 81 2736 (ἓ)
97 2699 249 2736 Ιᾼνεδόησα,
264 2705 317 2736 etc.

57 2733 82 2766 3)
96 2733 246 2795 Πλήλρωὰον,
261 2735 356 2772 Κύριε,
369 2737 435 2773 ὅπερ
448 2738 574 2774 αἰτοῦμαί
593 2749 631 2767 σε.

58 2767 82 2795 ll
97 2769 142 2795 Βοε
159 2770 215 2795 υεει
234 2779 267 2795 με
287 2771 327 2795 τό,
344 2776 395 2795 etc.

97 2767 215 2802 Βδελύξει
233 2779 267 2805 με
287 2767 327 2803 τό,
344 2776 395 2799 etc.

27 2803 82 2864 ,(Ξέ)
105 2803 255 2832 Πιπτόντών
275 2806 320 2833 καὶ
346 2807 398 2834 ἀπὸ
423 2807 534 2840 τούτου,
561 2811 607 2837 καὶ
630 2810 678 2846 ἐμὲ
694 2809 778 2842 οὕτως

27 2842 65 2864 εκπ
77 2847 160 2864 πτειν.
178 2844 229 2864 etc.

26 2842 160 2873 εκπξπτειν,
178 2844 229 2868 etc.

869 2670 954 2712 (6‘)_N.
963 2672 1013 2712 29.
1029 2672 1074 2699 21.
1091 2672 1237 2712 "Ort,_etc.
1263 2680 1351 2712 usque
1370 2673 1403 2700 ad
1427 2673 1460 2712 ἐν
1490 2672 1561 2712 eluet.
1573 2672 1608 2712 N_.

832 2706 881 2743 22ἱ
895 2707 939 2734 25.
963 2707 1024 2743 Ὅτι
1042 2715 1086 2743 apt
1097 2708 1270 2743 προσήγαγον
1297 2706 1322 2734 τ.
1337 2708 1366 2742 ψ.
1380 2706 1546 2743 altoalto
1562 2707 1609 2734 τοῦ

833 2741 943 2773 σκότους
956 2741 1012 2776 εἰμὶ
1028 2742 1082 2777 τῶν
1094 2741 1208 2777 πρώτων
1224 2751 1284 2777 μου,
1299 2741 1350 2770 etc.
1361 2741 1395 2769 Ν.
1410 2742 1455 2775 21,
1469 2742 1514 2769 25.
1527 2742 1592 2769 Com
1605 2756 1610 2761 ~

832 2781 914 2803 ment.
929 2784 1009 2805 unus.
1033 2776 1138 2809 Ἑξελοῦ
1152 2785 1196 2811 με,
1218 2782 1281 2809 elc.,
1300 2777 1349 2812 τὴν
1370 2777 1418 2812 σὴν
1441 2776 1610 2810 δεσποτείανι

830 2816 882 2838 εις.
