1930 3046
99 138 240 180 ιδοε“

143 209 171 238 4.
193 211 377 248 Ἁντιλήπτωρ
397 221 448 248 μου
467 214 513 241 καὶ
530 214 630 250 ρύστης
647 224 715 250 μου,

143 256 172 283 5.
195 256 416 294 Ὑπερασπιστής
431 267 492 294 μου,
509 260 558 287 καὶ
571 261 614 287 ἐπ’
628 261 702 296 αὐτῷ
715 261 817 297 ἤλπισα
827 283 834 295 ,

143 301 171 329 6.
191 302 221 329 ’0
236 303 397 341 ὑποτάσσων
412 304 458 332 τὸν
474 305 537 332 λαόν
553 315 604 342 μου
619 307 662 334 ἐπ’
676 308 725 342 ἐμέ
742 307 857 343 [ὑπ’ὲμέ
867 308 889 344 ].

143 347 171 390 7.
186 347 280 384 Κύριε,
296 349 323 376 τί
340 350 414 377 ἐστιν
433 350 585 386 ἄνθρωπος,
598 353 640 380 ὃτι
654 353 794 388 ὲγνώσθης
803 354 888 390 αὑτῷ;

142 389 169 416 8.
190 390 225 417 Ἦ
241 391 297 423 υίὸς
308 392 461 428 ἀνθρώπου,
476 394 516 420 ὅτι
535 395 628 430 λογίζῃ
643 396 717 432 αὐτῷ
738 389 871 433 [αὐτόνᾘ

141 433 169 461 9.
190 434 348 471 Ἀνθρωπος
359 438 519 474 ματαιότητι
531 439 658 475 ὡμοιώοη
673 448 681 456 ·

142 479 188 507 10.
200 480 232 506 Δί
248 481 348 516 ἡμέραι
361 482 443 509 αὐτοῦ
459 483 525 510 ὡσεὶ
540 485 603 511 σκιὰ
619 485 783 520 παράγουσι.

140 524 188 551 11.
203 524 300 561 Κύριε,
314 526 403 554 κλῖνον
415 527 557 562 οὐρανοὺς,
574 530 620 556 καὶ
636 530 781 566 κατάϐηθι-

140 570 186 597 12.
204 571 289 606 ’Ἄψαι
301 572 356 599 τῶν
373 573 468 608 ὀρέων,
482 575 529 601 καὶ
545 575 787 611 καπνισθήσονται.

142 616 186 643 13.
204 617 360 653 Ἀστραψον
374 620 528 656 ἀστραπὴν,
546 621 593 648 καὶ
606 624 746 658 σκορπιεῖς
761 623 873 655 αὐτούς·

86 679 88 683 ι
140 662 186 689 ﬂ.
208 662 412 695 Ἑξαπόστειλον
425 665 459 693 τὰ
475 666 539 702 βέλη
557 675 616 700 σου,
639 668 687 695 καὶ
708 670 888 705 συνταράξεις

99 707 214 740 αὐτούς.

142 751 186 778 15.
211 752 414 786 Ἐξαπόστειλον
428 755 477 791 τὴν
491 757 569 793 χεῖρά
583 766 628 784 σου
647 759 676 791 ἐξ
689 759 783 794 ὕψους·

139 796 185 824 16.
209 798 314 830 Ἐξελοῦ
330 809 374 835 με,
392 801 438 828 καὶ
455 801 536 837 ῥῦσαί
551 812 585 838 με
597 803 627 836 ἐξ
639 804 742 832 ὑδάτων
758 806 874 839 πολλῶν,

139 843 186 870 17.
207 844 255 871 Ἐκ
268 846 360 881 χειρὸς
376 846 442 874 υιῶν
458 848 606 884 ἀλλοτρίων
616 858 623 864 ’

140 889 184 917 18,
200 887 250 918 Ὧν
262 891 292 918 τὸ
308 893 395 928 στόμα
406 894 519 930 ἑλάλησε
538 896 715 932 ματαιάτητα,

546 156 591 184 DE
610 156 748 187 TITUIJS
767 155 994 186 PSALMOBUM.
1011 172 1046 177 —
1066 156 1173 185 PSAL.‘
1188 158 1298 186 CXLIII.

1656 161 1724 189 1506

905 216 929 245 Α
976 214 1003 242 4.
1021 215 1168 251 Susceptor
1183 223 1262 244 meus
1271 221 1299 244 et
1310 216 1438 245 liberator
1454 224 1548 250 meus.

978 261 1004 289 5.
1021 261 1161 289 Protector
1175 270 1263 294 meus,
1281 267 1308 290 et
1322 262 1350 290 in
1365 263 1424 298 ipso
1435 265 1560 299 speravi,

978 303 1005 330 6.
1026 303 1077 336 Qui
1094 304 1185 332 subdit
1198 304 1327 340 pupulum
1347 313 1437 333 meum
1451 307 1503 334 sub
1517 315 1571 334 me.

977 349 1004 376 7.
1025 348 1150 382 Domine,
1162 350 1226 384 quid
1240 355 1282 378 est
1297 351 1388 384 homo,
1405 352 1469 387 quia
1488 352 1631 382 innotuisti
1643 355 1687 383 ei?

976 392 1003 420 8.
1022 393 1075 421 Aut
1086 394 1158 422 ﬁlius
1169 395 1295 427 hominis,
1310 396 1373 430 quia
1387 401 1497 431 reputas
1507 398 1589 425 eum?

978 439 1004 466 9.
1024 438 1110 467 Homo
1127 440 1238 467 vanitati
1254 441 1351 468 similis
1366 441 1454 469 iactus
1471 446 1532 470 est:

976 485 1021 511 10.
1039 484 1099 513 Dies
1110 485 1170 520 ejus
1183 486 1253 513 sicut
1266 487 1361 514 umbra
1375 491 1547 522 praetereunt.

977 529 1020 556 11.
1039 528 1163 563 Domine,
1180 531 1279 559 inclina
1291 532 1376 560 caelos
1387 553 1395 566 ,
1415 537 1443 560 et
1457 533 1590 561 descende
1604 542 1612 561 :

978 574 1020 601 12.
1038 574 1130 610 Tange
1141 581 1257 608 montes,
1271 581 1297 604 et
1313 577 1494 611 fumigabunt.

977 619 1020 646 15.
1039 619 1157 656 Fulgura
1175 623 1393 650 coruscationem
1406 644 1414 656 ,
1438 627 1465 652 et
1491 624 1638 660 dissipabis
1653 632 1726 656 eos:

977 665 1020 693 14.
1040 665 1140 694 Emitte
1156 668 1268 703 sagittas
1282 673 1353 703 tuas,
1366 674 1393 698 et
1409 671 1583 699 conturbabis
1595 679 1653 700 eos.

975 764 1020 792 15.
1035 764 1136 794 Emitte
1151 774 1262 795 manum
1283 772 1359 797 tuam
1374 769 1407 797 de
1426 770 1480 798 alto
1499 779 1506 798 :

977 811 1019 839 16.
1038 811 1118 847 Eripe
1133 821 1186 847 me,
1202 818 1229 841 et
1240 814 1324 842 libera
1342 823 1385 843 me
1396 816 1429 844 de
1439 817 1518 852 aquis
1529 817 1621 846 multis
1632 839 1638 851 ,

977 857 1020 884 17.
1039 857 1076 885 De
1090 866 1171 886 manu
1184 860 1303 888 ﬁliorum
1315 861 1465 890 alienorum
1479 871 1486 889 :

904 900 926 928 Β
976 901 1019 928 18.
1038 902 1159 936 Quorum
1177 913 1207 932 os
1223 905 1342 934 locutum
1361 911 1402 935 est
1422 908 1583 941 vanitatem,

661 974 848 1005 ATHANASH
869 977 1150 1011 lNTERPRETATlO

139 1051 166 1078 ι.
191 1051 277 1088 ’Υπὲρ
289 1051 355 1087 ἐμοῦ
373 1052 465 1080 ὲδίδων
478 1053 510 1090 [ὁ
528 1054 632 1092 διδοὺς]
660 1056 699 1091 (1)
721 1057 815 1085 ἑαυτὸν
837 1058 888 1090 ἕως

100 1096 230 1130 θανάτου,
247 1098 295 1125 καὶ
308 1098 437 1134 ρυόμενός
452 1108 496 1135 με.

138 1143 166 1170 5.
179 1142 309 1178 Πρόνοιάν
324 1151 375 1178 μου
388 1145 516 1177 ποιεῖται,
528 1146 575 1173 καὶ
586 1147 676 1175 πᾶσαν
685 1147 734 1183 τὴν
753 1149 888 1185 μέριμνάν

102 1199 156 1225 μου
174 1191 216 1216 ἐπ’
227 1189 308 1216 αὐτὸν
319 1190 465 1226 ἐπέρῤιψα.

138 1234 166 1262 6.
188 1235 218 1261 '0
231 1235 336 1270 ἑκχύων
348 1244 381 1271 με
392 1236 430 1272 (Ξ)
446 1236 607 1269 ὑποπιάζειν
622 1246 673 1274 μου
687 1239 718 1265 τὸ
737 1239 828 1275 σῶμα,
842 1242 889 1268 καὶ

97 1280 283 1315 δουλαγωγεῖν
299 1281 376 1309 αὐτό.

138 1327 164 1355 7.
176 1327 273 1363 Κύριε,
290 1327 318 1354 τί
340 1328 415 1355 ἐστιν
431 1327 469 1364 (5)
489 1327 642 1365 ἄνθρωπος,
658 1329 699 1357 ὅτι
716 1331 889 1366 κατηξίωσας

100 1373 178 1408 αὐτῷ
194 1373 310 1408 ὀφθῆναι
323 1375 369 1400 ἐπὶ
384 1374 433 1409 τῆς
449 1374 520 1409 γῆς;

136 1419 164 1447 8.
184 1420 219 1446 Ἢ
233 1420 259 1446 τί
273 1421 330 1446 ἐστι
348 1419 385 1455 (4)
403 1420 484 1447 πάλιν
508 1420 565 1452 υίὸς
589 1421 686 1456 πηλοῦ,
706 1422 746 1449 ὅτι
761 1423 810 1450 οὐκ
827 1425 899 1464 ὲπι-.

98 1464 241 1497 λανθάνεις
252 1465 532 1499 αὐτοῦ,ἀδιαλειπτως
541 1467 588 1494 καὶ
600 1468 727 1503 πρόνοιαν
742 1470 823 1496 αὑτοῦ
844 1478 888 1496 το-

100 1511 205 1543 σαύτην
219 1511 381 1547 ποιούμενος
390 1521 398 1545 ;

137 1557 165 1585 9.
180 1558 316 1590 Ἕκαστος
340 1557 393 1585 τῶν
416 1556 566 1594 ἀνθρώπων
600 1559 640 1594 τῷ
673 1560 768 1596 κόσμῳ
803 1562 890 1598 τούτῳ

98 1603 241 1639 ὡμοιώθη.

136 1649 181 1676 10.
197 1649 358 1684 Ἀνωφελεῖς
371 1651 418 1677 καὶ
430 1650 621 1679 ἀνυπόστατοι.

138 1695 182 1722 11.
198 1695 292 1731 Κύριε,
310 1695 404 1727 κλίνας
420 1704 468 1722 σου
484 1696 548 1728 τοὺς
564 1696 714 1732 οὐρανοὺς,
738 1697 799 1724 ἐλθὲ
820 1697 887 1735 πρὸς

98 1743 186 1778 ἡμᾶς·

134 1788 180 1815 12.
193 1788 310 1824 Πλησίον
324 1788 403 1824 μόνον
419 1787 497 1823 γενοῦ
515 1789 570 1816 τῶν
584 1789 713 1816 ἐναντίων
734 1788 886 1825 δυνάμεων,

99 1834 149 1862 καὶ
164 1833 265 1866 εὐθέως
279 1833 406 1870 ἄρξονται
419 1833 649 1868 καταφλέγεσθοιι.

137 1880 181 1907 13.
205 1879 334 1916 ὐράοητι
356 1879 435 1915 μόνον
449 1880 495 1906 ἐπὶ
510 1880 560 1915 τῆς
580 1879 642 1914 γῆς,
660 1881 708 1907 καὶ
725 1879 887 1915 θεασάμενοι

97 1926 129 1953 τὸ
141 1925 321 1960 ἀπαύγασμα,
341 1925 381 1956 εἰς
401 1924 450 1960 τὴν
462 1924 500 1960 (5)
525 1924 578 1960 γῆν
596 1926 741 1952 πεσοῦνται
766 1925 817 1952 ὑπὸ
833 1925 887 1952 τῶν

99 1972 149 1999 ἀνθ
154 1971 262 2007 ρώπων.

137 2020 181 2047 14.
199 2018 370 2046 ’Δπόστειλον
389 2019 452 2050 τοὺς
464 2019 631 2050 ἀποστόλους
648 2027 695 2045 σου
717 2019 776 2046 κατ’
797 2018 886 2046 αὐτῶν

99 2064 258 2101 ὴκονημένη
273 2063 329 2100 [ὡς
345 2064 409 2099 βέλη
425 2065 508 2099 ὴκονη
514 2063 600 2100 μένοι]
617 2064 666 2099 (6),
680 2064 750 2097 ὀξεῖς
762 2064 842 2096 ὄντας
851 2065 884 2100 τῇ

99 2112 192 2147 χάριτι
208 2110 256 2137 τοῦ
271 2110 348 2144 ἁγίου
365 2110 521 2145 Πνεύματος
533 2130 540 2142 .
560 2111 608 2138 καὶ
625 2111 748 2142 ἀσθενεῖς
770 2112 811 2143 είς
835 2111 885 2137 αὐ-

98 2157 164 2188 τοὺς
182 2156 341 2191 ποιήσωσιν.

135 2202 181 2230 1ΰ.
196 2201 241 2236 Τῷ
258 2201 317 2237 Θεῷ
342 2202 429 2238 Πατρὶ
453 2201 534 2228 πάλιν
562 2201 744 2237 προσεύχεται
771 2201 858 2236 λέγων
876 2210 883 2217 ’

100 2247 212 2283 Πέμψον
224 2246 268 2273 τὸν
281 2247 345 2273 Υἱόν
359 2255 405 2273 σου
420 2248 452 2274 ὲκ
467 2247 522 2273 τῶν
537 2247 621 2281 ἁγίων
643 2256 689 2274 σου
706 2247 869 2282 ὑψωμάτων.

977 1062 1005 1090 4.
1022 1061 1075 1090 Pro
1096 1071 1139 1091 me
1155 1064 1228 1092 dedit
1249 1073 1280 1093 se
1300 1067 1389 1102 ipsum
1406 1076 1491 1104 usque
1509 1070 1542 1097 ad
1562 1075 1686 1105 mortem,
1698 1077 1725 1100 et

940 1107 1063 1135 liberavit
1077 1116 1131 1136 me.

977 1153 1003 1180 5.
1019 1153 1146 1182 Providet
1157 1155 1234 1189 mibi,
1248 1161 1275 1185 et
1285 1165 1336 1193 ego
1345 1166 1454 1187 omnem
1469 1168 1562 1189 curam
1577 1170 1664 1191 meam
1678 1173 1725 1192 su-

939 1206 987 1234 per
1003 1198 1092 1234 ipsum
1108 1201 1220 1236 projeci.

976 1247 1002 1272 ο.
1019 1245 1207 1275 Corroborans
1225 1256 1284 1281 me,
1309 1255 1337 1278 ut
1358 1251 1486 1288 castigem
1501 1261 1599 1289 corpus
1621 1263 1724 1288 meum.

939 1294 967 1318 et
982 1290 1071 1325 ipsum
1085 1291 1112 1318 in
1127 1293 1283 1322 servitutem
1298 1297 1427 1331 redigam.

977 1336 1002 1363 7.
1023 1336 1136 1365 Domine
1151 1358 1158 1372 ,
1181 1339 1246 1374 quid
1269 1345 1310 1368 est
1329 1342 1429 1376 homo,
1451 1345 1523 1378 quod
1547 1345 1673 1381 dignatus
1694 1355 1724 1375 es

940 1382 990 1417 ipsi
1004 1384 1172 1411 manifestari
1188 1393 1270 1420 super
1284 1392 1355 1415 terra
1367 1388 1379 1415 ?

976 1427 1002 1455 8.
1022 1428 1076 1456 Aut
1092 1430 1157 1464 quid
1179 1439 1275 1459 rursus
1289 1437 1331 1460 est
1346 1433 1418 1462 ﬁlius
1441 1435 1509 1469 luti,
1527 1438 1656 1471 quoniam
1671 1447 1724 1466 non

940 1474 1111 1502 Oblivisceris
1136 1476 1227 1510 illius,
1252 1482 1279 1505 et
1300 1477 1484 1509 indesinenter
1500 1487 1600 1510 tantam
1616 1483 1649 1511 de
1665 1484 1724 1519 ipso

940 1527 1032 1547 curam
1055 1521 1138 1548 habes
1151 1522 1162 1548 ?

975 1566 1002 1593 9.
1023 1565 1217 1602 Unusquisque
1240 1568 1383 1598 hominum
1407 1571 1473 1600 huic
1494 1574 1596 1602 mundo
1616 1576 1726 1603 assimi-

901 1611 922 1640 C
938 1611 1010 1639 latur

975 1657 1017 1684 10.
1035 1657 1146 1685 Inutiles
1163 1663 1246 1693 alque
1260 1659 1414 1689 instabiles.

974 1703 1017 1730 11.
1034 1703 1158 1736 Domine,
1179 1704 1314 1733 inclinans
1331 1708 1415 1736 caelos
1428 1713 1488 1737 tuos
1505 1711 1565 1738 veni
1580 1712 1614 1739 ad
1626 1720 1685 1740 nos.

974 1791 1016 1818 12.
1034 1792 1121 1828 Prope
1140 1798 1327 1823 tantummodo
1347 1797 1395 1824 tias
1411 1799 1556 1826 contrariis
1579 1800 1721 1834 potestati-

937 1836 998 1870 bus,
1010 1841 1036 1865 et
1053 1839 1143 1866 statim
1162 1840 1293 1874 incipient
1306 1842 1441 1869 comburi.

974 1883 1018 1911 15.
1034 1885 1141 1919 Appare
1163 1887 1252 1913 solum
1273 1887 1299 1913 in
1317 1891 1398 1921 terra,
1415 1893 1442 1915 et
1460 1887 1581 1917 videntes
1597 1891 1725 1925 splendo-

937 1935 994 1956 rem
1010 1930 1108 1958 cadent
1129 1930 1156 1958 in
1178 1936 1277 1960 terram
1294 1933 1346 1961 sub
1363 1934 1532 1964 hominibus.

971 2020 1013 2048 M.
1028 2020 1103 2049 Mitte
1117 2023 1258 2057 apostolos
1277 2028 1351 2055 tuos.
1364 2024 1447 2051 veluti
1461 2023 1514 2051 tela
1528 2029 1641 2052 exacuta
1659 2032 1724 2052 cun-

936 2070 978 2092 tra
1002 2067 1112 2094 easdem
1135 2073 1302 2103 potestates,
1331 2074 1430 2097 acutos
1454 2070 1616 2098 exsistentes
1637 2070 1723 2106 gratia

937 2113 1026 2140 sancti
1047 2112 1177 2148 Spiritus,
1193 2119 1220 2142 et
1235 2115 1356 2143 inﬁrmas
1377 2116 1405 2143 in
1422 2116 1496 2151 ipsos
1512 2116 1633 2144 reddent.

972 2201 1014 2228 15.
1033 2200 1117 2229 Deum
1138 2203 1245 2231 Patrem
1266 2212 1363 2231 rursus
1383 2207 1444 2231 orat
1457 2204 1551 2232 dicens
1567 2214 1573 2232 :
1588 2203 1662 2233 Mitte
1677 2204 1722 2232 Fi-

1068 2257 1094 2276 m
1111 2257 1144 2276 ex
1158 2250 1261 2278 sanctis
1278 2250 1332 2277 tuis
1347 2250 1548 2278 altitudinibus.

136 2281 181 2320 1‘67.
204 2291 402 2328 Ἐλευθέρωσόν
416 2301 449 2328 με
462 2292 583 2319 διἀὑτοῦ
598 2293 652 2320 ἀπὸ
662 2293 716 2319 τῶν
725 2281 886 2328 πνευμάτων

974 2294 1017 2321 16.
1038 2294 1135 2322 Libera
1150 2303 1194 2322 me
1211 2303 1259 2330 per
1275 2295 1364 2330 ipsum
1382 2303 1395 2323 a
1413 2296 1553 2331 spiritibus
1569 2296 1627 2324 istis
1642 2296 1721 2325 malis

101 2338 204 2366 τούτων
233 2337 356 2373 πονηρῶν
374 2338 412 2374 (7)
434 2338 487 2365 τῶν
507 2338 622 2371 πολλῶν,
643 2339 697 2367 τῶν
725 2339 886 2374 βυθιζόντων

103 2393 181 2456 με17.
204 2427 253 2455 Ἐκ
273 2412 322 2463 τῆς
339 2427 498 2460 δυναστείας
514 2428 568 2455 τῶν
585 2428 651 2456 υἱῶν
671 2428 720 2456 τοῦ
743 2427 861 2464 πονηροῦ
877 2449 885 2462 ,

100 2475 155 2501 τῶν
169 2474 297 2501 ἐναντίων
314 2474 454 2509 δυνάμεων
467 2482 473 2488 ·

138 2518 182 2547 18.
195 2516 245 2546 Ὠν
257 2521 275 2556 ἡ
290 2519 449 2546 διδασκαλία.
472 2520 546 2546 πᾶσα
561 2520 639 2547 οὐδὲν
661 2519 792 2552 ζωοποιὺν
808 2519 864 2555 ἔχει
877 2539 885 2552 ,

103 2565 170 2593 ἀλλὰ
195 2565 284 2593 πάντα.
298 2565 336 2601 (8)
357 2565 397 2596 είς
408 2564 556 2601 διαφθορὰν
570 2565 617 2592 καὶ
633 2565 780 2592 ἀπώλειαν.

937 2341 964 2365 et
978 2337 1082 2369 multis,
1093 2338 1331 2374 submergentibus
1348 2345 1401 2366 me.

971 2424 1015 2452 17.
1030 2423 1052 2451 Ε
1066 2428 1200 2459 potestate
1219 2424 1336 2452 ﬁliorum
1360 2424 1487 2460 improbi,
1500 2425 1553 2453 hoc
1566 2430 1607 2453 est
1624 2433 1638 2452 a
1655 2433 1720 2453 con-

936 2470 1027 2498 trariis
1040 2469 1220 2505 potestatibus
1232 2476 1251 2496 ιο

975 2517 1018 2544 18.
1034 2516 1155 2550 Quarum
1178 2515 1267 2543 omnis
1288 2516 1411 2543 doctrina
1430 2516 1497 2543 nihil
1513 2516 1650 2543 viriﬁcans
1672 2516 1719 2542 lia-

940 2564 995 2596 bet,
1013 2563 1060 2591 sed
1077 2562 1169 2591 omnia
1187 2562 1215 2589 in
1229 2563 1429 2598 corruptionem
1445 2566 1472 2590 et
1484 2562 1605 2589 exitium.

555 2643 709 2674 Addenda
737 2645 768 2673 et
794 2641 982 2682 corrigenda
1011 2649 1051 2672 ex
1076 2640 1147 2671 cod.
1164 2640 1264 2671 Vatic.

151 2719 176 2753 i)
192 2718 278 2750 Δίδον,
295 2721 347 2753 etc.
368 2717 421 2752 leg.
439 2714 525 2747 διδούς
538 2719 584 2743 aut
595 2714 685 2746 διδῶν,
698 2714 774 2742 deest
786 2722 831 2749 με.

148 2754 175 2792 ἓ)
192 2752 369 2792 ζρὲνισκφωγ
387 2756 498 2792 μένεις·
544 2786 550 2792 .
574 2785 581 2792 .
621 2785 627 2792 .
653 2784 682 2792 .-

151 2755 166 2781 2
199 2755 228 2781 ὐ
238 2755 369 2787 ἐνισχύων
387 2760 432 2787 με,
446 2756 498 2778 etc.
670 2784 682 2790 _

151 2755 177 2825 δὲ
192 2789 286 2825 Κύριε.
300 2788 341 2818 τίς
353 2788 437 2818 ἐστιν,
452 2790 505 2814 etc.
515 2785 602 2825 eum
616 2785 741 2820 ὀφθηναι,
759 2788 813 2811 etc.

138 2821 174 2859 (ιδ
189 2825 223 2851 Ἢ
236 2821 279 2860 τίς
288 2825 354 2853 ἐστι,
374 2827 426 2860 etc:
440 2821 603 2860 πεποίησαες
698 2854 703 2860 ⁸

139 2855 176 2896 (ὅ)
197 2859 378 2893 ’Δπαύγασμα
394 2857 441 2892 τῆς
457 2855 537 2892 δόξηζ
550 2855 595 2882 τοῦ
619 2855 762 2891 προσώπου
780 2863 825 2881 σου
844 2855 882 2886 είς

137 2718 147 2820 ἓ

937 2717 1243 2783 τηῖὀῗεῖίκονημὲνους,
1259 2751 1324 2778 etc.,
1341 2745 1463 2775 ἀσθενεῖς
1479 2744 1576 2776 αὐτοὺς
1591 2743 1716 2775 ποιήσου-

940 2791 1010 2852 σΠὶΞῚ)
1026 2816 1136 2844 Τούτων
1153 2817 1206 2843 τῶν
1223 2816 1355 2852 πονηρῶν,
1373 2820 1424 2844 etc.

973 2818 999 2851 ('7
1026 2818 1136 2844 Τούτων
1153 2818 1206 2843 τῶν

973 2818 1011 2888 (sl
1031 2852 1148 2885 Πάντας,
1166 2857 1217 2880 etc.
