1930 3046
236 151 249 179 1
254 152 304 179 307

270 208 313 238 19.
331 210 363 238 Et
377 210 486 238 dextera
496 218 601 243 eorum,
613 211 721 238 dextera
734 210 896 245 iniquitatis.

268 257 313 283 20.
335 256 415 288 Deus,
436 256 571 284 canticum
590 264 690 283 novum
705 257 820 283 cantabo
840 257 888 283 tibi
904 265 912 283 :

269 302 313 328 2|.
332 301 360 328 In
375 302 504 337 psalterio
521 302 689 329 decachordo
704 302 818 336 psallam
834 301 891 328 tibi.

268 347 314 374 22.
330 346 382 379 Qui
395 347 444 374 das
458 347 572 374 salutem
586 347 696 382 regibus
708 357 714 373 :

268 391 312 419 25.
329 391 380 424 Qui
400 391 538 418 redemisti
555 391 640 418 David
656 399 766 419 servum
784 395 862 418 tuum
877 390 911 418 de
928 390 1018 426 gladio

234 438 354 473 maligno
367 438 505 473 [liberabit
515 438 601 474 eum].

267 484 311 511 24.
332 483 409 518 Eripe
423 491 477 515 me,
491 487 518 510 et
533 491 599 510 erue
612 490 656 510 me
667 483 700 510 de
716 491 798 510 tnanu
817 483 937 510 ﬁliorum
952 483 1018 510 alic-

234 536 331 556 norum
347 537 354 555 ε

267 574 312 602 25.
328 574 450 607 Quorum
461 582 493 602 os
503 574 623 602 locutum
635 580 676 602 est
690 575 850 607 vanitatem,

267 620 312 646 26.
329 619 361 646 Et
373 620 483 647 dextera
499 627 605 652 eorum,
621 621 730 648 dextera
748 620 910 655 iniquitatis.

267 664 312 691 27.
329 664 451 697 Quorum
464 665 511 692 ﬁlii
523 665 595 692 sicut
606 666 720 692 novella:
731 665 914 700 plantationes
928 664 955 691 in
973 664 1018 700 ju-

232 715 342 737 ventute
355 719 414 738 sua.

267 756 312 783 28.
329 756 404 784 Filia:
428 765 523 784 eorum
551 757 729 792 compositae,
757 757 965 784 circumornatze
988 759 1018 782 ut

233 801 383 829 similitudo
400 803 503 837 templi.

269 846 314 874 29.
333 846 522 882 Promptuaria
533 855 627 876 eorum
640 848 730 883 plena,
749 847 901 875 eructantia
916 854 949 873 ex
962 846 1014 873 hoc

234 892 261 919 in
283 893 359 920 illud.

267 937 311 965 30.
330 938 399 966 Oves
415 945 510 966 eorum
530 938 651 972 fmtosze,
676 938 846 966 abundantes
859 937 885 964 in
898 936 1016 971 egressi-

233 983 285 1010 bus
298 983 356 1010 suis
369 992 375 1009 2

666 151 695 179 S.
715 151 901 179 ATHANASII
922 150 995 179 OPP.
1022 151 1113 178 PARS
1132 150 1174 177 lll.
1195 165 1229 169 —
1245 149 1446 177 EXEGETICA.

1029 213 1053 240 Α
1103 210 1144 237 19.
1164 210 1217 235 Καὶ
1231 210 1247 244 ἠ
1264 208 1340 241 δεξιὰ
1353 207 1443 235 αὐτῶν
1456 206 1530 239 δεξιὰ
1542 206 1659 238 ἀδικίας.

1787 146 1858 175 1⁵508

1103 257 1148 282 20.
1167 255 1195 281 '0
1212 255 1289 287 Θεὸς,
1302 254 1371 290 ᾠδὴν
1388 253 1484 288 καινὴν
1498 253 1596 288 ᾄσομαι
1616 261 1668 279 σοι.

1102 303 1146 329 21.
1166 303 1209 328 Ἑν
1224 301 1364 336 ψαλτηρίῳ
1379 300 1533 335 δεκαχὸρδῳ
1548 298 1624 333 ψαλῶ
1641 306 1692 324 σοι’

1103 348 1148 375 22.
1166 347 1211 382 Τῷ
1225 347 1321 374 διδόντι
1333 347 1381 381 τὴν
1394 345 1529 380 σωτηρίαν
1543 346 1598 376 τοῖς
1612 342 1752 378 βασιλεῦσι
1772 351 1780 358 ·

1103 394 1147 421 25.
1164 394 1208 428 Τῷ
1232 392 1407 428 λυτρουμένῳ
1422 391 1501 418 Δαῦὶδ
1526 391 1571 417 τὸν
1593 389 1682 416 δοῦλον
1709 387 1797 415 αὐτοῦ
1824 389 1855 414 ὲκ

1069 440 1204 474 ῥομφαίας
1220 439 1340 474 πονηρᾶς
1357 437 1486 473 [ῥύσεται
1501 435 1610 471 adadv].

1103 484 1147 511 21.
1168 483 1261 510 Ῥῦσαί
1277 492 1321 519 με,
1340 483 1385 509 καὶ
1400 482 1491 515 ἐξελοῦ
1513 490 1545 517 με
1568 483 1599 507 ὲκ
1619 481 1708 516 χειρὸς
1724 479 1790 506 υἱῶν
1807 479 1854 505 ἀλ-

1069 530 1183 566 λοτρίων
1196 540 1202 544 -

1104 575 1150 601 25.
1168 572 1218 600 Ὧν
1236 574 1266 600 τὸ
1282 574 1367 608 στόμα
1384 573 1497 608 ὲλάλησε
1517 579 1682 608 ματαιοτητα
1701 589 1708 602 ,

1104 620 1150 646 26.
1165 620 1219 645 Καὶ
1234 621 1249 654 ἡ
1265 619 1340 650 δεξιὰ
1354 619 1443 645 αὐτῶν
1456 618 1530 650 δεξιὰ
1545 617 1660 648 ἀδικίας.

1103 665 1147 692 27.
1167 661 1216 691 Ὧν
1232 665 1257 690 οἱ
1273 665 1326 691 υἱοὶ
1342 664 1429 691 αὐτῶν
1446 664 1483 696 ὡς
1493 663 1607 697 νεόφυτα
1621 661 1752 697 ἱδρυμένα
1774 661 1803 688 ὲν
1819 662 1850 695 τῇ

1068 710 1173 744 νεότητι
1189 710 1287 736 αὐτῶν.

1102 755 1147 782 28.
1165 756 1196 782 Αἱ
1212 755 1360 792 θυγατέρες
1371 755 1460 782 αὐτῶν
1483 753 1747 788 κεκαλλωπισμέναι,
1776 761 1853 787 περι-

1067 801 1271 836 κεκοσμημέναι
1289 802 1326 836 (α)
1341 801 1378 832 ὡς
1390 800 1514 836 ὁμοίωμα
1531 799 1605 826 ναοῦ.

1103 847 1147 875 29.
1165 848 1204 874 Τὰ
1225 849 1334 882 ταμιεῖα
1358 846 1446 873 αὐτῶν
1464 847 1554 882 πλήρη
1567 865 1574 877 ,
1600 844 1802 880 ὲξερευγόμενα
1823 844 1853 869 ἐκ

1033 889 1054 916 Β
1068 892 1163 918 τούτου
1180 893 1218 923 εἰς
1234 892 1322 918 τοῦτο.

1105 937 1150 965 50.
1167 937 1206 962 Τὰ
1221 937 1343 971 πρόϐατα
1359 936 1448 963 αὐτῶν
1464 935 1598 962 πολυτόκα
1609 955 1616 967 ,
1632 934 1804 970 πληθύνοντα
1825 943 1853 960 εν

1069 984 1130 1014 ταῖς
1146 982 1245 1014 ἐξόδοις
1262 982 1350 1009 αὐτῶν
1358 991 1365 998 ο

267 1038 305 1073 (α)
323 1036 400 1065 Vers.
415 1037 461 1070 29,
476 1037 746 1074 Περικεκοσμημέναι
762 1037 800 1068 ὡς
820 1036 945 1072 ὁμοίωμα
960 1035 1033 1071 ἁνθρ‹

1089 1045 1114 1062 υ.
1133 1036 1210 1063 Vers.
1228 1037 1273 1069 50,
1287 1037 1328 1064 Τὰ
1344 1038 1466 1072 ταμιεῖα,
1482 1041 1534 1065 etc.

789 1095 977 1123 ATIIANASll
996 1093 1291 1124 lNTEllPRETATIO.

269 1141 312 1169 l9.
333 1140 393 1169 Non
412 1142 501 1170 solum
517 1143 626 1170 sinistra
647 1151 740 1170 earum
765 1144 880 1178 perditio
896 1147 947 1174 est,
967 1141 1014 1169 sed

233 1187 314 1214 etiam
329 1195 423 1215 earum
442 1188 554 1215 dextera
569 1197 643 1216 mors
653 1190 771 1216 exsistit.

267 1234 313 1262 20.
329 1234 475 1266 Mundum,
494 1235 697 1261 immaculatum
711 1235 744 1262 de
762 1235 889 1269 passione
906 1240 961 1261 tua.

268 1280 314 1307 2i.
333 1280 423 1307 Gratia
448 1281 535 1307 sancti
561 1280 678 1315 Spiritus
705 1282 732 1308 in
760 1281 853 1308 decem
874 1280 1015 1314 pratceptis

234 1325 377 1360 perﬁcieus
392 1332 435 1352 me
449 1325 549 1360 ipsum,
561 1326 720 1360 gloriﬁcabo
734 1330 759 1352 te
776 1326 856 1352 bonis
875 1324 1014 1359 operibus.

268 1413 315 1440 22.
334 1413 386 1446 Qui
404 1413 525 1440 viviﬁcas
541 1414 628 1448 gratia
642 1418 687 1440 tua
700 1417 811 1440 sanctos
830 1417 974 1447 regnantes
989 1413 1016 1439 in

1105 1142 1148 1169 19.
1161 1143 1197 1168 Οὐ
1214 1143 1294 1178 μόνον
1310 1142 1345 1168 τὰ
1362 1141 1492 1178 ἀριστερὰ
1511 1141 1600 1168 αὐτῶν
1623 1141 1747 1168 ἀπώλειὰ
1769 1142 1854 1172 ἐστιν,

1068 1188 1135 1215 ἀλλὰ
1150 1189 1195 1214 καὶ
1211 1189 1227 1223 ἡ
1245 1187 1318 1220 δεξιὰ
1330 1188 1418 1215 αὐτῶν
1430 1187 1545 1214 θανάτου
1562 1187 1599 1222 (1)
1617 1187 1744 1223 ὑπάρχει.

1102 1233 1146 1261 20.
1165 1234 1305 1268 Καθαρὰν,
1320 1234 1434 1268 ἄμωμον
1451 1233 1519 1268 ὑπὲρ
1536 1232 1583 1259 τοῦ
1602 1233 1706 1264 πάθους
1719 1242 1778 1260 σου.

1103 1279 1148 1305 21.
1170 1278 1259 1314 Ἐντῇ
1275 1279 1366 1314 χάριτι
1382 1279 1429 1305 τοῦ
1452 1279 1530 1313 ἁγίου
1558 1278 1718 1313 Πνεύματος
1740 1280 1771 1304 ὲν
1794 1280 1853 1309 ταῖς

1069 1325 1134 1351 δέκα
1159 1325 1280 1356 ἐντολαῖς
1297 1325 1464 1361 καταρτίσας
1492 1324 1617 1359 ἐμαυτὸν,
1635 1324 1740 1357 δοξάσω
1768 1332 1798 1350 σε
1820 1324 1852 1350 δι’

1069 1370 1157 1406 ἔργων
1172 1370 1290 1405 ἀγαθῶν.

1104 1417 1149 1444 22.
1167 1417 1211 1452 Τῷ
1228 1416 1402 1449 ζωοποιοῦντι
1428 1416 1471 1443 διὰ
1489 1417 1539 1452 τῆς
1563 1416 1672 1452 χάριτος
1692 1415 1776 1442 αὐτοῦ
1792 1416 1851 1446 me;

235 1462 307 1485 terra
322 1463 417 1485 contra
431 1462 590 1493 peccatum,
612 1462 638 1484 ct
663 1459 689 1484 in
704 1458 774 1485 coelo
795 1458 823 1484 in
840 1458 946 1486 intinita
966 1466 1015 1485 sm-
1031 1463 1033 1478 I

1088 1463 1163 1496 γίους
1179 1463 1242 1494 τοὺς
1259 1464 1287 1489 ὲν
1302 1465 1333 1498 τῇ
1352 1465 1386 1498 γῇ
1403 1463 1593 1498 βασιλεύοντας
1611 1462 1682 1488 κατὰ
1697 1463 1746 1497 τῆς
1763 1462 1852 1497 ἀμαρ-

235 1503 307 1530 cula.

269 1589 313 1617 23.
331 1589 383 1623 Qui
397 1590 506 1617 tradidit
527 1598 557 1619 se
577 1590 666 1626 ipsum
681 1591 763 1619 morti
780 1593 806 1619 in
825 1592 1018 1627 redemptionis

234 1635 352 1670 pretium
375 1643 424 1670 pro
447 1636 549 1671 populo
571 1637 742 1671 desiderato,
762 1642 791 1665 ut
808 1638 924 1672 eriperet
937 1646 988 1665 nos
1003 1646 1018 1665 a

235 1681 354 1708 diabolo.

269 1727 314 1754 24.
335 1726 442 1761 Libera,
458 1733 485 1756 et
501 1729 627 1757 abstrahe
645 1737 688 1757 me
700 1737 715 1757 e
729 1729 852 1757 dominio
867 1731 1019 1758 contraria-

234 1781 295 1800 rum
306 1779 470 1809 potestatum
486 1785 493 1802 ζ

270 1820 316 1847 25.
332 1819 452 1853 Quarum
480 1821 606 1849 doctrina
627 1822 789 1850 disseminat
813 1823 840 1850 in
862 1823 1018 1852 hominibus

235 1865 418 1900 iniquitatem,
433 1871 460 1894 et
474 1873 616 1902 peccatum
630 1877 637 1895 :

271 1911 316 1939 26.
334 1912 367 1939 Et
383 1920 476 1939 earum
494 1913 614 1947 potentia
644 1914 702 1941 haec
716 1919 773 1947 est,
795 1919 826 1942 ut
847 1915 949 1950 aliquid
974 1923 1019 1942 ra-

235 1957 322 1990 piant,
333 1962 360 1984 et
371 1958 396 1984 vi
411 1958 438 1985 in
454 1959 611 1986 servitutem
628 1959 762 1994 redigant.

271 2003 316 2030 27.
332 2002 365 2029 Et
375 2003 401 2030 in
417 2004 657 2038 concupiscentiis,
674 2009 701 2031 et
715 2005 870 2032 dmmonum
891 2006 1020 2042 iniquita-

235 2048 309 2076 tibus
332 2049 416 2083 gentili
441 2048 581 2075 abundattt
595 2049 714 2082 divitiis,
738 2054 765 2076 et
785 2050 888 2084 gloria,
906 2056 933 2078 et
954 2059 1019 2079 con-

235 2094 321 2130 specti
348 2095 382 2122 ab
406 2094 561 2122 hominibus
590 2095 617 2121 iu
644 2102 738 2122 eorntn
767 2095 876 2123 fallacia
902 2097 1018 2124 laudan-

235 2145 291 2174 tur,
319 2146 449 2176 tanquam
474 2140 587 2168 novellae
611 2141 794 2176 plantationes
807 2142 912 2174 validm,
926 2148 953 2170 et
969 2143 1017 2170 ilo-

235 2190 338 2214 rentes.

271 2231 315 2258 28.
334 2231 368 2258 Et
387 2231 484 2259 anima:
502 2239 596 2258 eorum
611 2231 684 2259 omni
699 2232 817 2267 pretioso
831 2233 932 2260 amictu
954 2241 1019 2261 coo-

237 2280 330 2312 perta,
352 2281 378 2304 et
399 2284 477 2310 auro,
499 2281 526 2304 et
540 2282 664 2312 argento,
686 2283 712 2305 et
728 2278 817 2313 lapide
830 2279 950 2314 pretioso
965 2280 1019 2306 cir-

238 2321 417 2356 cumstipatae.

272 2367 319 2395 29.
335 2367 421 2394 Corda
440 2374 534 2395 eorum
554 2369 633 2404 plena
653 2370 727 2396 omni
743 2370 894 2405 iniquitate,
912 2375 939 2398 et
953 2379 1017 2406 pec«

237 2417 309 2446 cato,
333 2417 360 2440 et
382 2420 414 2440 ex
440 2421 494 2440 uno
521 2415 644 2449 improbo
669 2415 804 2444 desiderio
827 2422 970 2445 transeunt
988 2417 1017 2444 in

237 2459 320 2486 aliam
335 2459 453 2494 pejorem
468 2461 727 2495 concupiscentiam.

272 2505 316 2532 50.
336 2504 418 2531 Iidem
435 2504 561 2532 homines
576 2513 636 2532 cum
658 2507 761 2540 peccati
776 2507 866 2542 cupidi
888 2508 959 2538 sint,
977 2508 1017 2534 in-

237 2555 362 2579 ventores
376 2555 439 2578 sunt
456 2550 589 2578 malorum
601 2572 607 2584 ,
623 2552 769 2580 educentcs
783 2561 798 2580 e
812 2553 940 2580 cordibus
959 2553 1016 2580 suis

236 2603 334 2632 pravas
354 2595 539 2631 cogitationes.

1069 1509 1137 1540 τίας,
1155 1509 1200 1535 καὶ
1213 1509 1242 1536 ὲν
1254 1509 1360 1544 οὐρανῷ
1373 1510 1413 1541 εἰς
1434 1509 1472 1544 (2)
1493 1509 1554 1539 τοὺς
1571 1508 1767 1543 ἀτελευτήτους
1789 1507 1853 1534 αἰῶ·

1069 1559 1128 1582 νας.

1104 1595 1149 1622 25.
1168 1595 1212 1630 Τῷ
1235 1595 1362 1622 δεδωχοτι
1387 1596 1482 1622 ἑαυτὸν
1507 1595 1665 1631 ἀντίλυτρον
1685 1594 1724 1629 τῷ
1745 1595 1852 1628 θανάτῳ

1069 1640 1139 1676 ὑπὲρ
1153 1640 1199 1667 τοῦ
1215 1640 1279 1667 λαοῦ
1292 1641 1340 1667 τοῦ
1360 1641 1560 1676 πεποθημένου,
1578 1642 1651 1672 ὃπως
1667 1640 1793 1675 ἐξέληται
1813 1640 1851 1675 ('5)

1068 1687 1142 1722 ἡμᾶς
1156 1688 1187 1713 ἐκ
1200 1686 1246 1713 τοῦ
1263 1687 1396 1713 διαϐόλου.

1103 1732 1148 1759 24.
1171 1732 1275 1764 Ῥῦσαι,
1298 1732 1345 1758 καὶ
1372 1732 1409 1767 (4)
1427 1732 1583 1759 ἀπόσπασόν
1607 1740 1640 1767 με
1662 1731 1694 1758 ἐκ
1709 1731 1759 1766 τῆς
1776 1731 1849 1762 ἐξου-

1070 1778 1130 1809 σίας
1142 1778 1195 1804 τῶν
1211 1778 1338 1804 ἐναντίων
1352 1777 1492 1812 δυνάμεων
1504 1786 1511 1793 ο

1102 1823 1147 1849 25.
1163 1819 1211 1849 Ὧν
1228 1823 1244 1858 ἡ
1259 1822 1352 1857 διδαχὴ
1363 1822 1502 1858 διέσπειρε
1514 1823 1628 1858 ἀνομίαν
1643 1822 1681 1858 (5)
1697 1823 1745 1849 καὶ
1761 1823 1848 1858 ἁμαρμ

1069 1868 1130 1894 τίαν
1144 1869 1172 1894 ὲν
1188 1869 1245 1899 τοῖς
1260 1867 1412 1903 ἀνθρώποις
1426 1876 1432 1883 ·

1103 1913 1148 1940 26.
1167 1913 1248 1948 Καὶή
1265 1913 1379 1947 δύναμις
1393 1914 1483 1940 αὐτῶν
1503 1914 1570 1949 αὕτη
1596 1914 1681 1946 ἐστὶν,
1698 1914 1726 1940 τί
1749 1914 1794 1940 ἴνα
1805 1914 1848 1948 ἀξι-

1070 1959 1176 1986 πάσωσι
1192 1958 1240 1994 (6),
1257 1959 1303 1985 καὶ
1319 1959 1364 1994 βίᾳ.
1376 1959 1641 1985 καταδουλώσωνται.

1102 2004 1147 2032 27.
1166 2004 1217 2031 Καὶ
1234 2005 1263 2031 ὲν
1277 2006 1336 2036 ταῖς
1353 2004 1512 2040 ἐπιθυμίαις
1527 2005 1573 2030 καὶ
1589 2005 1650 2035 ταῖς
1668 2004 1796 2039 ἀνομίαις
1812 2003 1847 2038 (7)

1068 2051 1122 2078 τῶν
1132 2051 1266 2086 δαιμόνων
1287 2050 1491 2085 γεγεννημένοι,
1512 2049 1656 2085 εὐθηνοῦσι
1680 2049 1788 2084 πλούτῳ
1806 2048 1848 2075 καὶ

1069 2095 1142 2132 δόξῃ.
1159 2095 1292 2131 ὁρώμενοι
1308 2095 1382 2130 παρὰ
1404 2095 1457 2121 τῶν
1481 2094 1631 2130 ἀνθρώπων
1653 2095 1681 2120 ὲν
1703 2095 1736 2129 τῇ
1760 2094 1848 2128 ἀπάτῃ

1070 2141 1158 2168 αὐτῶν
1169 2141 1360 2176 ἐπαινούμενοι
1375 2141 1412 2172 ὡς
1428 2141 1545 2176 νεόφυτα
1559 2140 1657 2175 ισχυρὰ
1669 2140 1716 2166 καὶ
1728 2139 1836 2174 εὐθαλῆ.

1104 2188 1148 2214 28.
1167 2188 1204 2222 (8)
1222 2187 1275 2213 Καὶ
1293 2188 1319 2214 αἱ
1335 2187 1419 2222 ψυχαὶ
1436 2186 1524 2213 αὐτῶν
1548 2186 1622 2222 πάσῃ
1645 2185 1779 2221 περιῧολῇ
1802 2194 1846 2211 πο-

1069 2232 1172 2259 λυτελεῖ
1188 2233 1384 2268 ἠμφιεσμέναι,
1408 2233 1455 2259 καὶ
1471 2231 1572 2267 χρυσῷ,
1590 2231 1637 2258 καὶ
1658 2231 1781 2266 ἀργύρῳ,
1804 2232 1846 2257 καὶ

1068 2278 1134 2313 λίθῳ
1147 2278 1287 2304 πολυτελεῖ
1301 2277 1544 2313 δορυφορούμεναι.

1103 2324 1147 2351 29.
1161 2325 1194 2351 Αἱ
1211 2325 1319 2360 καρδίαι
1335 2323 1425 2350 αὐτῶν
1448 2322 1660 2358 πεπληρωμέναι
1678 2322 1768 2356 πάσης
1788 2321 1846 2348 ἀνα-

1071 2371 1135 2406 μίας
1149 2371 1196 2397 καὶ
1208 2371 1353 2406 ἁμαρτίας,
1368 2370 1414 2396 καὶ
1427 2370 1459 2395 ἐκ
1473 2369 1567 2395 τούτου
1586 2367 1632 2394 τοῦ
1654 2367 1773 2404 πονηροῦ
1790 2369 1845 2394 ἐπι-

1069 2416 1237 2452 τηδεύματος
1261 2417 1301 2447 εἰς
1325 2415 1388 2442 ἄλλο
1403 2415 1552 2450 δεινότερον
1568 2413 1745 2449 μετέρχονται
1757 2412 1846 2439 ἐπιθύ-

1069 2471 1157 2497 μημα-

1102 2506 1145 2533 50.
1162 2507 1194 2532 Ut
1206 2505 1283 2532 αὐτοὶ
1294 2505 1441 2540 ἄνθρωποι,
1457 2504 1506 2539 τῆς
1518 2503 1655 2539 ἁμαρτίας
1666 2503 1742 2534 ὄντες
1755 2502 1842 2529 Evt-teu—

1069 2553 1163 2588 μηταὶ,
1180 2551 1323 2587 ὲφευρεταί
1335 2552 1388 2577 εἰσι
1403 2550 1506 2582 κακῶν,
1518 2549 1667 2584 ἐξάγοντες,
1676 2551 1709 2576 ὲκ
1717 2549 1767 2584 τῆς
1780 2557 1842 2585 καρ-

1068 2598 1125 2630 δίας
1138 2597 1227 2625 aut:ch
1243 2597 1433 2632 διαλογισμοὺς
1449 2595 1593 2630 πονηρούς.

691 2643 844 2676 Addenda
871 2649 901 2676 et
920 2645 1105 2686 corrigenda
1128 2654 1168 2676 ex
1186 2645 1255 2676 cod.
1276 2645 1374 2675 Vatic.

286 2692 313 2760 η
329 2692 460 2725 Θάνατος,
474 2699 526 2721 etc.

286 2728 301 2755 2
326 2729 438 2760 Οὐρανῷ
455 2728 526 2760 βασι)

283 2727 311 2760 2)
326 2729 438 2763 Οὐρανῷ
455 2727 645 2763 βασιλεύοντας
657 2729 707 2762 εἰς,
724 2734 776 2758 etc.

283 2763 310 2795 5)
331 2763 488 2795 Ἐξελεῖται,
501 2768 552 2791 etc.

288 2797 314 2825 ’ἢ
329 2797 416 2824 Ρῦσαι

284 2832 312 2868 ἐξ)
326 2832 420 2868 Πᾷσαν
430 2832 554 2868 ἀνομίαν.

285 2866 313 2902 6)
329 2867 403 2903 Αὕτη
420 2866 532 2903 ἐστι’τὺ,
547 2869 573 2895 τί
587 2869 756 2906 ἁρπάσωσιν,
769 2876 822 2901 etc.

471 2818 478 2830 ,
491 2798 547 2830 καί,
562 2803 613 2827 etc.

1101 2697 1140 2734 (7)
1156 2695 1364 2734 Καὶέινιξμίμξς»
1379 2699 1432 2734 εῑε·

1102 2728 1139 2766 (8)
1156 2731 1189 2757 N.
1197 2731 1248 2766 728,
1266 2728 1318 2756 Kal.
1326 2731 1409 2766 ψυχαὶ
1416 2729 1506 2757 αὐτῶν
1514 2731 1599 2756 πᾶσαι
1607 2736 1694 2766 usque
1704 2728 1737 2756 ad
1750 2729 1842 2766 ἢμιίιετ

1067 2763 1215 2802 σμέναι.Ν.
1224 2763 1354 2802 29_._juitta
1365 2763 1585 2802 'suprascriptam
1601 2764 1762 2802 divisionem
1776 2763 1840 2802 :lla}

1066 2798 1169 2837 χρυσῷ,
1187 2805 1239 2828 elc.
1305 2801 1349 2837 50,
1365 2798 1532 2837 Αἱᾷαρδίαῖ,
1548 2798 1656 2837 etmﬂN.
1670 2799 1715 2837 51,
1773 2798 1839 2837 αὐτοὶ

1069 2833 1245 2872 ἂνθρωποιῌοὶ
1260 2836 1309 2872 τῆς
1320 2833 1463 2872 ἁμαρτίας,
1482 2840 1532 2872 etc.
1548 2833 1647 2872 N._32,
1668 2835 1704 2872 υς
1725 2833 1835 2860 διδάσκα-

1067 2869 1184 2905 λοιίςιε.
1203 2870 1234 2897 Ν.
1253 2869 1296 2904 53,
1312 2871 1368 2897 Οὐκ
1380 2869 1438 2897 ἔστι
1449 2870 1507 2898 τινὰ
1522 2869 1646 2904 ἐπιὸἦναι
1662 2870 1728 2904 τοῖς,
1743 2874 1795 2897 etc.
