1930 3046
452 119 469 126 ν

77 161 151 191 i309

114 219 160 247 54.
179 219 210 245 ΟΞ
227 218 288 254 βόες
302 218 391 244 αὐτῶν
405 220 512 254 παχεῖς.

113 265 162 293 3‘2.
177 265 234 291 υὺκ
248 264 304 291 ἔστι
317 265 486 300 κατάπτωμα
501 265 627 300 φραγμοῦ
644 265 703 292 οὐδὲ
714 264 837 298 διέξοδος·

113 311 159 338 55.
175 310 241 338 Οὐδὲ
257 311 364 346 κραυγὴ
381 311 412 336 ὲν
423 312 482 342 ταῖς
497 311 636 343 πλατείαις
652 311 750 338 αὐτῶν.

111 355 158 383 54.
178 356 364 391 Ἐμαχάρισαν
376 356 421 382 τὸν
434 355 506 387 λαὸν,
523 352 545 389 ᾧ
557 356 644 382 ταῦτά
658 358 715 382 ἐστι
730 364 736 370 “

111 401 157 429 35.
176 401 317 436 Μακάριος
332 402 346 427 ό
359 400 431 432 λαὸς,
443 398 474 427 οὗ
490 401 588 436 Κύριος
604 402 618 427 ὁ
632 402 698 433 Θεὸς
712 401 806 429 αὐτοῦ.

215 457 337 489 Atr-5mg-
349 455 388 489 τῷ
403 456 499 483 Δαϐἰδ.
518 458 604 484 ΨΑΛ.
624 459 713 484 ΡΜΔ¹⁴

111 502 138 530 ί.
153 501 192 538 [lu
207 510 293 537 marg.
309 502 343 529 ad
357 510 427 530 vers.
442 502 465 530 ι.
480 503 570 538 Ἀλέῳ]
589 503 703 538 Ὑψὼσω
713 512 752 536 σε,
765 505 778 530 ὁ
792 503 858 535 Θεός

75 556 128 583 μου
142 548 158 574 6
173 548 297 583 βασιλεὺς
316 557 365 583 μου
376 556 382 562 ’

110 595 139 621 2.
157 594 209 621 Καὶ
221 595 359 630 εὐλογήσω
373 594 404 621 τὸ
413 595 498 630 ὄνομά
515 604 562 622 σου
579 597 618 627 είς
631 596 676 622 τὸν
692 596 789 628 αἰῶνα,

110 640 139 667 5.
155 640 208 666 Καὶ
220 641 260 671 εἰς
274 639 320 665 τὸν
333 639 418 666 αἰῶνα
429 640 476 666 τοῦ
493 641 600 672 αἰῶνος.

59 693 62 703 ι
111 685 140 713 4.
157 684 240 721 [Βήθ]
256 684 321 712 Καθ’
338 685 456 720 ἑκάστην
475 686 581 721 ἡμέραν
596 686 734 722 εὐλογήσω
747 695 788 720 σε,

111 731 138 758 5.
156 731 208 759 Καὶ
219 731 318 758 αίνέσω
329 730 359 757 τὸ
375 730 460 766 ὄνομά
475 739 522 758 σου
535 732 575 763 είς
592 731 637 758 τὸν
650 731 735 758 αἰῶνα
745 751 753 764 ,

516 161 562 189 DE
580 161 717 190 TITULIS
736 161 960 191 PSAIMORUM.
979 178 1014 182 —
1033 162 1131 190 PSAL.
1153 162 1267 190 CXLIV.

875 223 900 250 Α
948 219 991 246 5i.
1009 219 1093 246 Boves
1108 227 1204 246 eorum
1225 227 1334 247 crassae.

1626 164 1695 192 lSlO

947 264 993 291 52.
1015 263 1073 291 Non
1090 269 1132 291 est
1151 265 1231 292 ruina
1248 264 1385 296 maceriae,
1402 271 1490 299 neque
1507 264 1659 293 transitus:

945 309 990 336 55.
1008 309 1100 344 Neque
1113 310 1217 337 clamor
1231 311 1257 336 in
1271 311 1367 345 plateis
1381 317 1486 337 eorum.

946 354 990 382 54.
1012 355 1123 382 Beatuln
1136 355 1263 382 dixerunt
1278 355 1418 390 populum,
1436 355 1479 381 cui
1494 355 1550 382 haec
1561 360 1643 382 sunt:

945 400 990 428 55.
1012 400 1111 428 Beatus
1133 401 1268 436 populus,
1289 401 1367 435 cujus
1393 400 1525 428 Dominus
1540 401 1610 428 Deus
1625 401 1695 436 ejus.

1017 457 1147 484 Laut/alio
1168 458 1218 492 ipsi
1236 457 1331 484 David.
1350 456 1450 484 PSAL.
1466 456 1590 484 CXLIV.

949 505 974 532 l.
993 504 1103 540 [Aleph]
1122 504 1252 531 Exaltabo
1270 509 1305 537 te,
1319 503 1390 531 Deus
1408 512 1486 532 meus
1506 512 1552 532 rex
1581 512 1658 531 meus
1673 512 1680 531 :

944 592 972 619 2.
995 592 1027 619 Et
1042 592 1199 620 benedicam
1215 592 1318 619 nomini
1339 597 1386 620 tuo
1403 592 1429 619 in
1445 592 1590 624 saeculum,

946 639 974 666 5.
995 639 1027 665 Ει
1046 639 1073 665 in
1094 639 1220 666 saeculum
1237 638 1340 666 saeculi.

946 683 974 710 4.
995 682 1086 718 [Beth]
1096 682 1147 710 Per
1160 683 1281 718 singulos
1293 683 1351 710 dies
1362 683 1519 710 benedicam
1535 682 1581 710 tib‘

947 729 973 756 5.
994 729 1026 756 Ει
1046 729 1162 757 laudabo
1181 737 1280 757 nomen
1301 733 1376 756 tuum
1397 729 1424 756 in
1444 729 1590 760 saeculum,

629 785 818 814 ATHANASII
836 784 1133 813 INTERPRETATIO.

109 843 155 870 5|.
167 843 199 870 Οἱ
213 843 365 870 διδάσκαλοι
377 843 466 871 αὐτῶν
480 844 670 876 σπαταλῶντες
684 845 714 871 ὲν
735 846 796 876 ταῖς
813 844 855 870 εὐ-

941 842 986 870 51,
1005 842 1127 878 Magistri
1148 850 1244 870 eorum
1265 842 1437 870 luxuriantes
1463 843 1490 869 in
1517 842 1695 870 comessatio-

71 888 171 923 ωχίαις
179 888 279 921 αὐτῶν,
290 889 338 916 καὶ.
347 889 577 925 μεγαλαυχῶντες
584 889 654 917 κατὰ
661 890 710 925 τῆς
719 889 857 926 ἀληθείας.

110 933 156 959 52.
173 932 231 959 Οὐκ
245 933 302 960 ἔστι
315 933 376 960 τινὰ
392 934 588 969 ὲπιμῆναιτοϊς
603 935 740 970 κτήμασιν
755 935 856 966 αὐτῶν,

71 977 134 1004 οὐδὲ
151 978 296 1014 παρελθεῖν
312 980 434 1012 ἐαυτοῖςο
451 980 526 1017 πάσῃ
543 980 597 1016 γὰρ
614 980 720 1016 φυλακῇ
743 980 858 1016 τηροῦν-

71 1032 130 1051 ται.

109 1069 153 1096 55.
169 1069 236 1095 Οὑδέ
256 1078 316 1096 τινα
327 1069 459 1106 τολμῆσαι
477 1071 506 1097 ὲν
520 1072 579 1102 ταῖς
592 1070 629 1107 (l)
642 1071 739 1102 οἰκίαις
751 1070 839 1097 αὐτῶν
849 1078 856 1085 ·

70 1115 202 1141 τοσοῦτον
213 1115 294 1149 φόὸον
310 1115 427 1151 ἔχουσιν.

107 1160 152 1188 54.
169 1160 221 1187 Καὶ
242 1161 333 1188 λοιπὸν
348 1162 372 1188 οἱ
387 1162 522 1198 ἄνθρωποι
536 1163 717 1198 ἑμακάριααν,
734 1159 756 1197 ᾧ
772 1163 858 1191 ταῦτα

71 1206 195 1241 ὑπῆρξεν

109 1253 154 1280 55.
173 1253 244 1287 Ἐγω
259 1253 287 1280 δὲ
300 1253 371 1288 λέγω
385 1262 391 1268 ·
408 1255 550 1288 Μακάριος
564 1256 578 1281 ὁ
593 1255 667 1287 λαὸς,
689 1251 718 1281 οὗ
734 1255 831 1291 Κυριος
844 1257 858 1282 ὁ

71 1298 139 1330 Θεὸς
155 1299 248 1332 αὑτοῦ,
268 1300 382 1331 πλοῦτος
395 1301 478 1327 αὑτοῦ
499 1302 545 1327 καὶ
565 1301 627 1334 δόξα
654 1301 782 1336 ὑπάρχων
808 1301 854 1337 (2).

72 1343 126 1371 Καὶ
143 1345 230 1376 ἄλλως
244 1345 272 1371 δὲ
287 1345 344 1372 ἐστι
360 1345 496 1381 θεωρῆσαι
512 1347 576 1378 τοὺς
591 1348 785 1382 προκειμένους
803 1349 859 1374 στί-

71 1397 138 1424 χους
155 1389 235 1430 πάλιν
254 1390 294 1421 εἰς
309 1390 371 1421 τοὺς
386 1391 481 1424 ἁγίους
491 1391 572 1418 αὑτοῦ
585 1400 591 1406 '
607 1392 712 1419 ὅτιτῶν
732 1394 780 1428 μὲν
799 1394 858 1420 δαι-

72 1432 164 1466 μόνων
178 1434 211 1460 τὶι
229 1435 352 1470 πρόϐατα
369 1436 415 1462 καὶ
431 1437 455 1461 οἱ
470 1435 530 1470 βόες
549 1438 615 1469 alat,
629 1437 700 1465 καθά
713 1439 859 1473 ἑρμηνεύε-

71 1487 118 1505 ται
136 1480 198 1515 περὶ
214 1480 302 1507 αὐτῶν
314 1489 320 1496 ·
333 1482 361 1507 ὲν
376 1481 403 1508 δὲ
414 1483 470 1512 τοῖς
486 1482 599 1514 δικαίοις
623 1483 672 1509 οὐκ
692 1483 732 1510 ἔτι
748 1485 797 1518 τὴν
815 1484 858 1519 βο-

73 1524 324 1561 ήθειανίβὸσκημα]
337 1526 424 1552 αὐτῶν
438 1527 632 1562 παλαιωοῆναι,
646 1529 692 1555 καὶ
700 1531 792 1555 πεσεῖν
801 1529 809 1565 f
813 1530 857 1564 βό-

72 1569 166 1606 σκειν]
183 1578 189 1584 ·
203 1571 278 1597 οὐδὲν
293 1572 347 1607 γὰρ
366 1572 552 1607 ὑπερηφανίας
560 1573 589 1599 ἐν
602 1575 660 1604 ταῖς
670 1573 800 1606 διανοίαις
812 1576 858 1602 αὑ-

69 1616 127 1643 τῶν
142 1625 148 1631 ·
165 1617 334 1653 ὲμακάρισαν
358 1619 386 1645 αἱ
405 1619 525 1654 Γραφαὶ,
540 1616 562 1652 ᾧ
577 1619 664 1646 ταῦτα
681 1620 798 1656 ὑπάρχει
817 1621 858 1648 λέ-

70 1671 179 1696 γουσαι·
194 1663 343 1698 Μακάριος
358 1665 374 1691 ό
386 1663 470 1698 λαὸς,
479 1662 514 1692 οὗ
530 1665 636 1700 Κύριος
649 1667 664 1693 ό
673 1666 744 1700 Θεὸς
753 1667 855 1694 αὐτοῦ.

911 887 992 915 nibus
1006 888 1075 919 suis,
1091 892 1119 915 et
1132 888 1280 922 gloriantes
1298 892 1392 914 contra
1405 887 1554 914 veritatem.

945 933 992 962 52.
1011 933 1071 960 Non
1097 938 1141 961 est
1168 934 1213 968 qui
1240 933 1429 968 possessiones
1458 940 1552 959 eorum
1575 932 1694 965 invadat,

910 984 998 1012 neque
1016 985 1063 1006 eas
1085 983 1279 1014 pertranseat:
1297 978 1373 1006 omni
1395 978 1468 1005 enim
1492 977 1614 1005 custodia
1635 985 1693 1006 ser-

911 1028 1018 1051 vantur.

945 1069 988 1096 55.
1005 1068 1097 1104 Neque
1113 1070 1248 1105 quispiam
1275 1071 1302 1097 in
1327 1078 1420 1097 eorum
1443 1069 1569 1097 domibus
1592 1069 1694 1104 aliquid

909 1115 1001 1147 audet,
1023 1115 1090 1143 adeo
1107 1116 1168 1143 iHos
1185 1124 1280 1143 omnes
1296 1116 1404 1143 timent.

944 1163 987 1189 5A1.
1007 1162 1039 1190 Et
1064 1163 1173 1190 demum
1196 1163 1306 1190 beatum
1331 1164 1454 1190 homines
1483 1163 1627 1195 dixerunt,
1649 1162 1693 1190 cui

910 1208 973 1235 talia
989 1213 1062 1236 sunt.

944 1253 991 1280 55.
1008 1253 1063 1288 Ego
1074 1259 1165 1281 autem
1179 1254 1240 1282 dico
1256 1263 1262 1281 :
1277 1254 1378 1282 Beatus
1395 1255 1510 1290 populus
1520 1276 1528 1286 ,
1549 1255 1626 1288 cujus
1638 1253 1693 1279 Do-

909 1299 1001 1326 minus
1018 1299 1087 1327 Deus
1110 1301 1169 1335 ejus
1187 1300 1287 1327 divitiae
1311 1300 1397 1335 ipsius
1419 1305 1445 1327 et
1467 1300 1551 1335 gloria
1574 1298 1692 1326 exsistit.

909 1344 942 1371 Et
967 1346 1046 1372 aliter
1071 1346 1152 1373 etiam
1180 1346 1342 1381 prmpositos
1366 1354 1461 1373 versus
1486 1345 1628 1380 allegorice
1652 1345 1693 1370 in-

910 1392 1054 1426 terpretari
1073 1392 1170 1419 iterum
1196 1392 1259 1418 licet
1277 1392 1310 1418 de
1332 1392 1436 1418 sanctis
1461 1391 1521 1425 ejus
1541 1400 1547 1417 ε
1564 1390 1693 1425 quoniam

909 1435 1063 1464 daemonum
1083 1438 1192 1472 quidem
1213 1445 1278 1466 oves
1292 1457 1299 1470 ,
1319 1442 1347 1465 et
1364 1438 1446 1464 boves
1458 1442 1531 1469 sunt,
1545 1436 1693 1464 secundum

910 1484 982 1517 quod
1009 1485 1154 1519 allegorice
1178 1485 1212 1512 de
1238 1484 1305 1519 ipsis
1322 1485 1546 1519 interpretantur.
1565 1483 1593 1510 ln
1611 1482 1693 1517 justis

871 1522 892 1550 C
909 1533 999 1556 autem
1022 1537 1076 1556 non
1099 1530 1216 1564 amplius
1237 1529 1367 1556 auxilium
1385 1528 1490 1565 [pecus]
1513 1537 1607 1556 eorum
1622 1533 1695 1555 vete-

913 1582 1038 1606 rascere,
1056 1578 1083 1600 et
1096 1574 1194 1601 cadere
1213 1572 1364 1609 {pascere};
1382 1574 1453 1600 nulla
1476 1574 1548 1600 enim
1567 1573 1693 1607 superbia

909 1620 936 1647 in
958 1620 1094 1646 mentibus
1115 1627 1227 1652 eorum;
1247 1619 1354 1646 beatum
1379 1618 1506 1645 dixerunt
1532 1617 1691 1652 Scriptum,

908 1664 952 1692 cui
967 1664 1025 1690 hate
1040 1667 1114 1696 sunt,
1129 1663 1251 1690 dicentes
1267 1671 1274 1689 :
1292 1661 1389 1689 Beatus
1405 1661 1516 1696 populus
1526 1681 1534 1695 ,
1549 1661 1624 1693 cuius
1639 1661 1693 1687 Do-

908 1712 993 1737 minus
1012 1709 1080 1736 Deus
1097 1708 1163 1743 ejus.

113 1754 147 1780 Ἦ
164 1755 329 1791 προκειμένη
346 1756 484 1792 ἐπιγραφὴ
498 1758 619 1793 περιέχει
639 1758 676 1792 (3)
687 1767 694 1774 ·
711 1759 835 1792 Alt-emt;
852 1758 891 1791 τῷ
909 1758 1007 1791 Δαϐὶδ,
1034 1757 1156 1784 τουτέστι
1171 1756 1210 1788 τῷ
1228 1755 1320 1785 ικανῶ
1337 1755 1374 1791 τῇ
1390 1756 1476 1790 χειρὶ,
1504 1755 1543 1790 τῷ
1566 1755 1623 1790 Υἱῷ
1644 1753 1692 1780 τοῦ

70 1800 157 1827 Θεοῦ¹
175 1802 254 1828 τοῦτο
265 1802 320 1846 γάρ
335 1804 516 1838 ἑρμηνεύεται
533 1805 632 1836 Δαϐὶδ,
646 1804 683 1836 ὡς
703 1805 832 1837 πολλάκις
845 1806 1006 1841 είρήκαμεν.

109 1847 216 1875 Titulus
232 1848 393 1883 praepositus
405 1849 528 1877 continet
543 1858 551 1876 :
569 1849 639 1876 Laus
649 1849 746 1882 David,
765 1851 816 1878 hoc
829 1855 871 1878 est
887 1859 965 1877 manu
981 1849 1056 1884 forti,
1075 1848 1102 1876 id
1113 1853 1156 1876 est
1168 1847 1217 1876 Dei
1230 1847 1320 1876 Filio:
1336 1848 1373 1875 ita
1398 1847 1470 1875 enim
1498 1847 1692 1882 interpretatur

71 1894 172 1926 Dauid,
187 1898 217 1922 ut
230 1895 329 1930 saepius
347 1895 466 1924 diximus
481 1895 533 1931 (τ).

109 1941 136 1967 1.
153 1941 261 1974 Δοξάσω
274 1950 303 1968 σε
316 1963 323 1976 ,
341 1943 355 1969 ὁ
371 1943 437 1974 Θεὸς
458 1943 495 1978 (4)
512 1944 526 1969 ὁ
543 1943 670 1978 βασιλεύς
681 1953 743 1980 μου,
759 1945 773 1971 ὁ
784 1945 856 1971 διδά-

72 1986 124 2019 ξας
136 1995 170 2021 με
187 1986 285 2020 γνῶναι
295 1994 303 2001 '
316 1986 347 2013 τὸ
357 1987 412 2023 γὰρ
432 1989 635 2024 παρακείμενον
651 1989 690 2025 τῷ
703 1991 787 2025 στίχῳ
800 1990 857 2016 δνο-

73 2039 113 2066 μα
124 2030 154 2057 τὸ
170 2030 254 2065 Ὰλὲφ
267 2031 446 2066 ἑρμηνεύεται
460 2031 651 2060 διδασκαλία.

108 2076 136 2102 2.
157 2075 202 2103 Ἐν
212 2076 251 2112 (5)
265 2076 304 2112 τῷ
319 2076 378 2110 νῦν,

109 2121 136 2148 5.
151 2120 203 2147 Καὶ
218 2123 247 2148 ὲν
258 2122 297 2158 τῷ
311 2122 529 2158 μέλλοντιαίῶνι.

109 2167 136 2193 4.
153 2166 220 2194 Καθ’
233 2168 351 2204 ἑκάστην
365 2169 464 2205 πρᾶξιν
479 2169 526 2196 τοῦ
539 2170 627 2205 φωτός
647 2179 693 2197 σου
713 2170 816 2204 δοξάσω
827 2179 858 2197 σε

72 2213 104 2239 ὲν
118 2214 152 2248 τῇ
163 2212 261 2249 καρδίᾳ
279 2223 328 2249 μου
342 2214 380 2250 (6)
392 2223 398 2229 ⁸
412 2215 493 2242 τοῦτο
505 2215 560 2251 γὰρ
580 2215 656 2251 δηλοῖ
669 2217 686 2252 ὴ
706 2217 824 2252 συλλαϐὴ
840 2218 857 2252 ὴ

72 2259 266 2294 παρακειμένη
288 2260 327 2294 τῷ
347 2260 446 2296 στίχῳ·
470 2262 648 2297 ἑρμηνεύεται
672 2262 725 2298 γὰρ
739 2263 769 2290 τὸ
783 2263 856 2298 BM,

73 2303 168 2338 οἶκος,
185 2305 253 2342 ὅπερ
265 2307 338 2333 ἐστὶν
353 2308 369 2342 ἡ
389 2308 494 2342 καρδία.

111 2351 138 2378 5.
153 2351 191 2377 οὐ
205 2351 329 2388 διαλείψῃ
345 2352 427 2387 ὕμνος
446 2354 478 2379 ὲκ
494 2353 541 2380 τοῦ
559 2353 692 2390 στόματός
707 2362 758 2389 μου
773 2354 856 2380 ἐκπο-

75 2398 220 2433 ρευόμενος
233 2398 261 2424 ὲν
275 2398 314 2434 (7)
326 2398 364 2433 τῷ
373 2398 420 2425 νῦν
433 2398 522 2427 αίῶνι.

945 1945 971 1971 Ι.
992 1943 1156 1971 Gloriﬁcabo
1171 1947 1215 1976 te,
1230 1942 1302 1970 Deus
1320 1950 1367 1969 rex
1391 1950 1467 1969 meus
1479 1961 1487 1972 ,
1505 1941 1550 1976 qui
1574 1941 1690 1968 dacuizti

908 1997 953 2017 me
968 1989 1110 2017 scientiam
1127 1999 1133 2016 :
1149 1996 1211 2016 nam
1223 1996 1326 2016 nomen
1337 1987 1420 2023 Aleph
1433 1988 1521 2014 versui
1541 1987 1690 2022 ascriptum

909 2034 1102 2068 interpretatur
1119 2034 1250 2060 doctrina.

944 2079 972 2106 ‘2.
989 2079 1016 2106 In
1031 2080 1156 2114 praesenti
1168 2100 1176 2112 ,

945 2126 973 2154 5.
992 2126 1024 2153 Et
1043 2127 1071 2153 in
1094 2126 1185 2153 futuro
1201 2125 1310 2153 saaculo.

946 2171 972 2198 4.
996 2171 1152 2199 Secundum
1176 2171 1299 2206 singulas
1317 2170 1438 2198 actiones
1456 2170 1525 2197 lucis
1543 2174 1596 2196 tute
1609 2169 1689 2204 glori-

909 2216 998 2244 ficabo
1013 2222 1039 2244 te
1055 2217 1081 2244 in
1100 2216 1182 2245 corde
1196 2224 1267 2249 meo,
1288 2217 1340 2244 hoc
1355 2217 1425 2243 enim
1439 2215 1573 2251 signiﬁcat
1588 2215 1689 2251 syllaba

908 2263 1000 2290 versui
1021 2263 1146 2298 apposita
1167 2272 1174 2290 :
1193 2262 1259 2289 Beth
1280 2263 1353 2289 enim
1370 2262 1564 2297 interpretatur
1586 2262 1688 2294 domus,

908 2315 969 2344 quae
985 2313 1026 2335 est
1042 2316 1101 2336 cor.

944 2354 970 2381 5.
992 2353 1051 2381 Non
1068 2354 1186 2381 cessabit
1200 2355 1318 2390 hymnus
1332 2353 1461 2389 prodiens
1476 2361 1509 2381 ex
1525 2360 1572 2381 ore
1583 2361 1643 2380 meo
1661 2352 1687 2380 in

908 2400 1036 2435 praesenti
1055 2400 1166 2427 saeculo.

530 2455 684 2486 Addenda
709 2458 739 2486 et
765 2456 953 2495 corrigenda
981 2464 1019 2486 ex
1036 2456 1106 2487 cod.
1124 2455 1225 2486 Vatic.

109 2506 148 2541 (l)
165 2506 306 2541 Τολμῆσαι
320 2506 435 2542 λαλῆσαι
448 2508 477 2533 ὲν
493 2508 564 2538 ταῖς,
581 2512 634 2535 etc.

109 2543 150 2577 (2)
163 2541 231 2574 Δόξα
251 2541 450 2577 ὑπάρχειίειεη
465 2543 505 2568 ὅτι
517 2542 571 2568 τῶν
583 2543 632 2577 μὲν
645 2542 808 2577 εὐδαιμόνων
822 2542 858 2569 τὰ

74 2575 273 2612 πρόᾷαταηκαὶ
287 2575 314 2612 αἱ
327 2575 400 2611 βόες,
419 2582 484 2609 etc.,
509 2577 558 2604 οὐκ
578 2575 637 2603 ἐστι
661 2577 710 2612 τὴν
722 2575 856 2612 ’βοήθειαν

72 2611 374 2652 αρτῶνπαλαιωξῇναι,
390 2612 549 2652 καὶ-’πεσεῖν
559 2633 566 2645 ,
585 2612 645 2652 οὐδὲ
663 2611 791 2652 τελευτὴν
807 2613 856 2638 αὐ-

72 2646 144 2683 τῶν-⁸
221 2646 275 2683 γάρ
287 2646 385 2683 ςῷσιν·
402 2647 461 2683 οὐδὲ
473 2648 646 2683 ὑπερηφανία
661 2647 690 2674 ἐν
707 2649 776 2678 ταῖς,
785 2652 838 2683 etc.

109 2681 148 2713 (3)
218 2681 262 2722 διᾲ
280 2682 329 2716 τῆς
347 2681 533 2722 ξιινγαὸάρεως
546 2681 853 2722 περιέχει,-ε[ο.,.εἰρή-

73 2723 171 2751 καμεν,
187 2716 277 2749 ἱκανὸς
291 2717 372 2752 χειρὶ,
386 2718 453 2753 ὅπερ
464 2716 539 2744 ἐστὶν
550 2719 564 2744 ὁ
580 2716 642 2749 Υἱὸς
654 2716 700 2743 τοῦ
713 2716 788 2744 Θεοῦ.

946 2508 984 2543 (4)
1006 2509 1034 2534 '0
1047 2507 1111 2539 Θεός
1129 2516 1189 2543 μου,
1201 2512 1253 2534 etc.
1271 2508 1285 2534 ὁ
1296 2506 1404 2540 διδάξας
1419 2516 1453 2542 με
1463 2508 1561 2541 γνῶσιν
1571 2515 1578 2523 ’
1591 2506 1623 2533 τὸ
1634 2506 1688 2541 γὰρ

909 2545 959 2579 τῆς
973 2543 1157 2578 κινναϐάρεως
1169 2543 1379 2578 παρακείμενον,
1397 2548 1447 2570 etc.

945 2578 983 2606 (ὅ)
999 2577 1032 2604 Ν.
1048 2579 1075 2606 2.
1091 2579 1116 2605 5.
1135 2577 1188 2604 Καὶ
1203 2579 1232 2604 ἐν
1245 2577 1284 2606 τῷ
1292 2578 1349 2606 νῦν.
1365 2582 1430 2606 etc..
1447 2576 1513 2602 αίῶν

945 2581 983 2613 l5)
999 2581 1032 2604 Ν.
1048 2581 1075 2609 2,
1091 2581 1116 2605 5.
1135 2581 1188 2604 Καὶ
1203 2581 1232 2604 ἐν
1245 2581 1284 2612 τῷ
1292 2581 1349 2608 νῦν,
1365 2582 1430 2607 etc.,
1447 2581 1532 2602 αἰῶνι.

943 2613 1290 2661 Ηρξειῖἷαλλαϐὴ
1301 2614 1316 2648 ἡ
1330 2612 1374 2639 διὰ
1391 2612 1440 2647 τῆς
1453 2610 1634 2646 κινναϐάρεως
1649 2610 1688 2645 τῷ

909 2653 993 2683 στίχῳ
1005 2653 1206 2710 παρακειμένη,
1218 2653 1270 2675 etc.

941 2683 980 2714 (7)
995 2682 1028 2711 Ν.
1055 2684 1070 2714 ’,
1085 2683 1110 2710 6.
1128 2683 1234 2710 Comm.
1253 2691 1269 2709 u

941 2681 1028 2717 (7)"N.
1043 2681 1070 2714 5,
1085 2683 1110 2710 6.
1128 2681 1234 2710 Comm.
1253 2682 1351 2709 unicus
1366 2702 1372 2709 .
1390 2701 1397 2708 .
1417 2681 1489 2717 ηιιαὶ
1505 2681 1533 2707 ἐν
1551 2688 1576 2706 τ.
1600 2689 1623 2707 ν.
1645 2681 1685 2708 α’.

905 2718 951 2745 καὶ
965 2716 989 2746 ἑ.
1003 2727 1027 2745 τ.
1047 2727 1075 2745 α.
1090 2718 1136 2744 καὶ
1146 2719 1185 2749 είς
1193 2717 1243 2749 τὰς
1253 2717 1378 2748 αἰωνίους
1393 2716 1476 2747 αὐλάς
1490 2723 1546 2741 σου.

108 2783 150 2819 (1')
162 2783 285 2818 Quatuor
302 2786 423 2820 psalmos
437 2786 587 2814 secundum
601 2785 723 2813 ordinem
740 2785 914 2814 Hebraeorum
931 2785 1051 2820 incipere
1065 2785 1273 2818 elementorum,
1298 2789 1349 2812 etc.
1368 2784 1402 2820 (In
1421 2783 1569 2811 centesimo
1580 2782 1686 2820 decimo

73 2818 171 2846 octavo
186 2818 311 2856 psalmo;
321 2821 442 2855 singulas
457 2822 560 2848 litteras
577 2821 666 2856 octoni
683 2829 779 2849 versus
793 2825 952 2856 sequuntur.
975 2818 1002 2848 In
1033 2821 1184 2856 centesimo
1211 2819 1422 2856 quadragesimo
1450 2822 1551 2854 quarto
1584 2818 1685 2854 singuli

73 2861 168 2883 versus
178 2854 352 2890 deputantur.
367 2854 442 2885 Hier.
459 2857 485 2885 iu
499 2856 583 2892 Epist.
598 2856 631 2884 ad
648 2855 771 2890 Paulam,
790 2856 823 2884 de
831 2854 978 2892 interpret.
996 2855 1111 2891 Alphab.
1134 2854 1216 2884 llcbr.
