  <div class='ocr_page' id='page_1' title='image "/cluster/home/n/w/nwhite01/storage/ocr_20150623/27/njp.32101010944609/682.png"; bbox 0 0 1930 3046; ppageno 0'>
   <div class='ocr_carea' id='block_1_1' title="bbox 55 181 130 210">
    <p class='ocr_par' dir='ltr' id='par_1_1' title="bbox 55 181 130 210">
     <span class='ocr_line' id='line_1_1' title="bbox 55 181 130 210; baseline 0.013 -2"><span class='ocrx_word' id='word_1_1' title='bbox 55 181 130 210; x_wconf 75' lang='lat'><strong>1313</strong></span> 
     </span>
    </p>
   </div>
   <div class='ocr_carea' id='block_1_2' title="bbox 96 287 667 324">
    <p class='ocr_par' dir='ltr' id='par_1_2' title="bbox 96 287 667 324">
     <span class='ocr_line' id='line_1_2' title="bbox 96 287 667 324; baseline 0.002 -10"><span class='ocrx_word' id='word_1_2' title='bbox 96 288 142 315; x_wconf 85' lang='lat'><strong>17.</strong></span> <span class='ocrx_word' id='word_1_3' title='bbox 157 287 311 323; x_wconf 80' lang='grc' dir='ltr'>Οίκτίρμων</span> <span class='ocrx_word' id='word_1_4' title='bbox 327 289 374 315; x_wconf 76' lang='grc' dir='ltr'>καὶ</span> <span class='ocrx_word' id='word_1_5' title='bbox 389 288 511 323; x_wconf 79' lang='grc' dir='ltr'><strong>ἐλεήμων</strong></span> <span class='ocrx_word' id='word_1_6' title='bbox 527 289 541 315; x_wconf 81' lang='grc' dir='ltr'>ὁ</span> <span class='ocrx_word' id='word_1_7' title='bbox 558 287 667 324; x_wconf 81' lang='grc' dir='ltr'>Κύριος,</span> 
     </span>
    </p>
   </div>
   <div class='ocr_carea' id='block_1_3' title="bbox 95 334 564 369">
    <p class='ocr_par' dir='ltr' id='par_1_3' title="bbox 95 334 564 369">
     <span class='ocr_line' id='line_1_3' title="bbox 95 334 564 369; baseline 0 -8"><span class='ocrx_word' id='word_1_8' title='bbox 95 334 141 361; x_wconf 79' lang='lat'><strong>18.</strong></span> <span class='ocrx_word' id='word_1_9' title='bbox 158 334 339 369; x_wconf 76' lang='grc' dir='ltr'>Μακρόθυμος</span> <span class='ocrx_word' id='word_1_10' title='bbox 350 335 397 361; x_wconf 78' lang='grc' dir='ltr'><strong>καὶ</strong></span> <span class='ocrx_word' id='word_1_11' title='bbox 414 334 564 366; x_wconf 79' lang='grc' dir='ltr'>πολυέλεος.</span> 
     </span>
    </p>
   </div>
   <div class='ocr_carea' id='block_1_4' title="bbox 96 380 612 416">
    <p class='ocr_par' dir='ltr' id='par_1_4' title="bbox 96 380 612 416">
     <span class='ocr_line' id='line_1_4' title="bbox 96 380 612 416; baseline 0 -10"><span class='ocrx_word' id='word_1_12' title='bbox 96 380 141 407; x_wconf 84' lang='lat'><strong>19.</strong></span> <span class='ocrx_word' id='word_1_13' title='bbox 158 380 281 415; x_wconf 79' lang='grc' dir='ltr'>Χρηστὸς</span> <span class='ocrx_word' id='word_1_14' title='bbox 294 380 392 416; x_wconf 84' lang='grc' dir='ltr'>Κύριος</span> <span class='ocrx_word' id='word_1_15' title='bbox 406 382 461 411; x_wconf 81' lang='grc' dir='ltr'>τοῖς</span> <span class='ocrx_word' id='word_1_16' title='bbox 477 381 612 416; x_wconf 82' lang='grc' dir='ltr'><strong>σύμπασι,</strong></span> 
     </span>
    </p>
   </div>
   <div class='ocr_carea' id='block_1_5' title="bbox 95 423 841 460">
    <p class='ocr_par' dir='ltr' id='par_1_5' title="bbox 95 423 841 460">
     <span class='ocr_line' id='line_1_5' title="bbox 95 423 841 460; baseline -0.003 -8"><span class='ocrx_word' id='word_1_17' title='bbox 95 426 142 452; x_wconf 76' lang='lat'><strong>‘20.</strong></span> <span class='ocrx_word' id='word_1_18' title='bbox 152 425 203 451; x_wconf 82' lang='grc' dir='ltr'><strong>Καὶ</strong></span> <span class='ocrx_word' id='word_1_19' title='bbox 214 425 238 451; x_wconf 86' lang='grc' dir='ltr'><strong>οί</strong></span> <span class='ocrx_word' id='word_1_20' title='bbox 246 425 380 460; x_wconf 75' lang='grc' dir='ltr'>οίκτιρμοὶ</span> <span class='ocrx_word' id='word_1_21' title='bbox 391 424 471 452; x_wconf 76' lang='grc' dir='ltr'>αὑτοῦ</span> <span class='ocrx_word' id='word_1_22' title='bbox 481 425 525 450; x_wconf 75' lang='grc' dir='ltr'><strong>ἐπὶ</strong></span> <span class='ocrx_word' id='word_1_23' title='bbox 534 425 622 451; x_wconf 82' lang='grc' dir='ltr'>πάντα</span> <span class='ocrx_word' id='word_1_24' title='bbox 630 423 666 450; x_wconf 82' lang='grc' dir='ltr'>τὰ.</span> <span class='ocrx_word' id='word_1_25' title='bbox 676 424 743 459; x_wconf 80' lang='grc' dir='ltr'>ἔργα</span> <span class='ocrx_word' id='word_1_26' title='bbox 750 423 841 451; x_wconf 81' lang='grc' dir='ltr'>αὑτοῦ.</span> 
     </span>
    </p>
   </div>
   <div class='ocr_carea' id='block_1_6' title="bbox 96 468 844 506">
    <p class='ocr_par' dir='ltr' id='par_1_6' title="bbox 96 468 844 506">
     <span class='ocr_line' id='line_1_6' title="bbox 96 468 844 506; baseline -0.003 -9"><span class='ocrx_word' id='word_1_27' title='bbox 96 471 141 498; x_wconf 73' lang='lat'><strong>21.</strong></span> <span class='ocrx_word' id='word_1_28' title='bbox 157 470 250 506; x_wconf 83' lang='grc' dir='ltr'><strong>[Ίώθ]</strong></span> <span class='ocrx_word' id='word_1_29' title='bbox 265 469 572 506; x_wconf 73' lang='grc' dir='ltr'>Ἐξομολογησάσῡωσάν</span> <span class='ocrx_word' id='word_1_30' title='bbox 587 478 636 502; x_wconf 88' lang='grc' dir='ltr'>σοι,</span> <span class='ocrx_word' id='word_1_31' title='bbox 652 468 747 506; x_wconf 81' lang='grc' dir='ltr'>Κύριε,</span> <span class='ocrx_word' id='word_1_32' title='bbox 757 469 844 496; x_wconf 82' lang='grc' dir='ltr'>πάντα</span> 
     </span>
    </p>
   </div>
   <div class='ocr_carea' id='block_1_7' title="bbox 57 516 254 550">
    <p class='ocr_par' dir='ltr' id='par_1_7' title="bbox 57 516 254 550">
     <span class='ocr_line' id='line_1_7' title="bbox 57 516 254 550; baseline -0.005 -8"><span class='ocrx_word' id='word_1_33' title='bbox 57 516 96 543; x_wconf 84' lang='grc' dir='ltr'><strong>τὰ</strong></span> <span class='ocrx_word' id='word_1_34' title='bbox 110 516 180 550; x_wconf 78' lang='grc' dir='ltr'>ἔργα</span> <span class='ocrx_word' id='word_1_35' title='bbox 197 523 254 548; x_wconf 88' lang='grc' dir='ltr'>σου,</span> 
     </span>
    </p>
   </div>
   <div class='ocr_carea' id='block_1_8' title="bbox 95 559 806 598">
    <p class='ocr_par' dir='ltr' id='par_1_8' title="bbox 95 559 806 598">
     <span class='ocr_line' id='line_1_8' title="bbox 95 559 806 598; baseline -0.004 -9"><span class='ocrx_word' id='word_1_36' title='bbox 95 561 141 589; x_wconf 80' lang='lat'><strong>22.</strong></span> <span class='ocrx_word' id='word_1_37' title='bbox 159 561 260 598; x_wconf 76' lang='grc' dir='ltr'><strong>[Χάμ]</strong></span> <span class='ocrx_word' id='word_1_38' title='bbox 275 560 327 587; x_wconf 75' lang='grc' dir='ltr'><strong>Καὶ</strong></span> <span class='ocrx_word' id='word_1_39' title='bbox 343 561 367 586; x_wconf 76' lang='lat' dir='ltr'><strong>al</strong></span> <span class='ocrx_word' id='word_1_40' title='bbox 383 561 450 587; x_wconf 78' lang='grc' dir='ltr'>ὅσιοί</span> <span class='ocrx_word' id='word_1_41' title='bbox 463 569 509 586; x_wconf 88' lang='grc' dir='ltr'><strong>σου</strong></span> <span class='ocrx_word' id='word_1_42' title='bbox 524 559 749 594; x_wconf 79' lang='grc' dir='ltr'>εὐλογησάτωσάν</span> <span class='ocrx_word' id='word_1_43' title='bbox 766 567 806 587; x_wconf 88' lang='grc' dir='ltr'>σε.</span> 
     </span>
    </p>
   </div>
   <div class='ocr_carea' id='block_1_9' title="bbox 95 605 631 644">
    <p class='ocr_par' dir='ltr' id='par_1_9' title="bbox 95 605 631 644">
     <span class='ocr_line' id='line_1_9' title="bbox 95 605 631 644; baseline -0.006 -10"><span class='ocrx_word' id='word_1_44' title='bbox 95 607 140 634; x_wconf 77' lang='grc'><strong>25.</strong></span> <span class='ocrx_word' id='word_1_45' title='bbox 157 606 240 639; x_wconf 73' lang='grc' dir='ltr'>Δόξαν</span> <span class='ocrx_word' id='word_1_46' title='bbox 255 607 303 641; x_wconf 87' lang='grc' dir='ltr'>τῆς</span> <span class='ocrx_word' id='word_1_47' title='bbox 318 606 454 644; x_wconf 70' lang='grc' dir='ltr'><strong>βασιλείας</strong></span> <span class='ocrx_word' id='word_1_48' title='bbox 469 614 514 632; x_wconf 85' lang='grc' dir='ltr'><strong>σου</strong></span> <span class='ocrx_word' id='word_1_49' title='bbox 529 605 631 640; x_wconf 79' lang='grc' dir='ltr'><strong>ἐροῦσι,</strong></span> 
     </span>
    </p>
   </div>
   <div class='ocr_carea' id='block_1_10' title="bbox 96 650 809 688">
    <p class='ocr_par' dir='ltr' id='par_1_10' title="bbox 96 650 809 688">
     <span class='ocr_line' id='line_1_10' title="bbox 96 650 809 688; baseline -0.003 -9"><span class='ocrx_word' id='word_1_50' title='bbox 96 652 142 679; x_wconf 74' lang='grc'><strong>24.</strong></span> <span class='ocrx_word' id='word_1_51' title='bbox 161 651 277 688; x_wconf 81' lang='grc' dir='ltr'><strong>[Σαὸἑδ]</strong></span> <span class='ocrx_word' id='word_1_52' title='bbox 291 652 342 678; x_wconf 78' lang='grc' dir='ltr'><strong>Καὶ</strong></span> <span class='ocrx_word' id='word_1_53' title='bbox 355 652 402 687; x_wconf 86' lang='grc' dir='ltr'>τὴν</span> <span class='ocrx_word' id='word_1_54' title='bbox 418 650 573 677; x_wconf 78' lang='grc' dir='ltr'><strong>δυναστείαν</strong></span> <span class='ocrx_word' id='word_1_55' title='bbox 594 659 642 677; x_wconf 86' lang='grc' dir='ltr'><strong>σου</strong></span> <span class='ocrx_word' id='word_1_56' title='bbox 655 651 809 686; x_wconf 84' lang='grc' dir='ltr'>λαλήσουσι.</span> 
     </span>
    </p>
   </div>
   <div class='ocr_carea' id='block_1_11' title="bbox 95 695 845 733">
    <p class='ocr_par' dir='ltr' id='par_1_11' title="bbox 95 695 845 733">
     <span class='ocr_line' id='line_1_11' title="bbox 95 695 845 733; baseline -0.003 -9"><span class='ocrx_word' id='word_1_57' title='bbox 95 697 142 724; x_wconf 72' lang='lat'><strong>25.</strong></span> <span class='ocrx_word' id='word_1_58' title='bbox 157 697 211 724; x_wconf 84' lang='grc' dir='ltr'><strong>Τοῦ</strong></span> <span class='ocrx_word' id='word_1_59' title='bbox 228 697 359 733; x_wconf 78' lang='grc' dir='ltr'><strong>γνωρίσαι</strong></span> <span class='ocrx_word' id='word_1_60' title='bbox 380 698 437 728; x_wconf 79' lang='grc' dir='ltr'>τοῖς</span> <span class='ocrx_word' id='word_1_61' title='bbox 463 697 530 728; x_wconf 79' lang='grc' dir='ltr'>υἱοῖς</span> <span class='ocrx_word' id='word_1_62' title='bbox 553 695 605 722; x_wconf 86' lang='grc' dir='ltr'><strong>τῶν</strong></span> <span class='ocrx_word' id='word_1_63' title='bbox 628 695 778 732; x_wconf 84' lang='grc' dir='ltr'><strong>ἀνθρώπων</strong></span> <span class='ocrx_word' id='word_1_64' title='bbox 795 695 845 731; x_wconf 86' lang='grc' dir='ltr'>τὴν</span> 
     </span>
    </p>
   </div>
   <div class='ocr_carea' id='block_1_12' title="bbox 57 743 295 773">
    <p class='ocr_par' dir='ltr' id='par_1_12' title="bbox 57 743 295 773">
     <span class='ocr_line' id='line_1_12' title="bbox 57 743 295 773; baseline -0.004 -3"><span class='ocrx_word' id='word_1_65' title='bbox 57 743 218 770; x_wconf 74' lang='grc' dir='ltr'><strong>δυναστείαν</strong></span> <span class='ocrx_word' id='word_1_66' title='bbox 231 751 277 769; x_wconf 81' lang='grc' dir='ltr'><strong>σου</strong></span> <span class='ocrx_word' id='word_1_67' title='bbox 288 763 295 773; x_wconf 87' lang='grc'><strong>.</strong></span> 
     </span>
    </p>
   </div>
   <div class='ocr_carea' id='block_1_13' title="bbox 95 785 846 824">
    <p class='ocr_par' dir='ltr' id='par_1_13' title="bbox 95 785 846 824">
     <span class='ocr_line' id='line_1_13' title="bbox 95 785 846 824; baseline -0.004 -9"><span class='ocrx_word' id='word_1_68' title='bbox 95 788 142 815; x_wconf 81' lang='lat'><strong>26.</strong></span> <span class='ocrx_word' id='word_1_69' title='bbox 158 787 209 815; x_wconf 77' lang='grc' dir='ltr'><strong>Καὶ</strong></span> <span class='ocrx_word' id='word_1_70' title='bbox 226 787 274 823; x_wconf 84' lang='grc' dir='ltr'>τὴν</span> <span class='ocrx_word' id='word_1_71' title='bbox 292 788 369 821; x_wconf 79' lang='grc' dir='ltr'>δόξαν</span> <span class='ocrx_word' id='word_1_72' title='bbox 383 789 432 824; x_wconf 82' lang='grc' dir='ltr'>τῆς</span> <span class='ocrx_word' id='word_1_73' title='bbox 449 787 684 824; x_wconf 77' lang='grc' dir='ltr'><strong>μεγαλοπρεπείας</strong></span> <span class='ocrx_word' id='word_1_74' title='bbox 698 786 748 822; x_wconf 80' lang='grc' dir='ltr'>τῆς</span> <span class='ocrx_word' id='word_1_75' title='bbox 770 785 846 822; x_wconf 83' lang='grc' dir='ltr'>βασι-</span> 
     </span>
    </p>
   </div>
   <div class='ocr_carea' id='block_1_14' title="bbox 58 834 214 865">
    <p class='ocr_par' dir='ltr' id='par_1_14' title="bbox 58 834 214 865">
     <span class='ocr_line' id='line_1_14' title="bbox 58 834 214 865; baseline 0.006 -5"><span class='ocrx_word' id='word_1_76' title='bbox 58 834 137 865; x_wconf 80' lang='grc' dir='ltr'>λείας</span> <span class='ocrx_word' id='word_1_77' title='bbox 157 843 214 861; x_wconf 85' lang='grc' dir='ltr'>σου.</span> 
     </span>
    </p>
   </div>
   <div class='ocr_carea' id='block_1_15' title="bbox 95 877 843 914">
    <p class='ocr_par' dir='ltr' id='par_1_15' title="bbox 95 877 843 914">
     <span class='ocr_line' id='line_1_15' title="bbox 95 877 843 914; baseline -0.004 -7"><span class='ocrx_word' id='word_1_78' title='bbox 95 880 142 907; x_wconf 76' lang='lat'><strong>27.</strong></span> <span class='ocrx_word' id='word_1_79' title='bbox 165 880 196 906; x_wconf 81' lang='grc' dir='ltr'><strong><em>Ἥ</em></strong></span> <span class='ocrx_word' id='word_1_80' title='bbox 211 879 331 914; x_wconf 87' lang='grc' dir='ltr'>βασιλεία</span> <span class='ocrx_word' id='word_1_81' title='bbox 345 888 390 906; x_wconf 86' lang='grc' dir='ltr'><strong>σου</strong></span> <span class='ocrx_word' id='word_1_82' title='bbox 406 879 526 914; x_wconf 85' lang='grc' dir='ltr'>βασιλεία</span> <span class='ocrx_word' id='word_1_83' title='bbox 537 879 647 908; x_wconf 85' lang='grc' dir='ltr'>πάντων</span> <span class='ocrx_word' id='word_1_84' title='bbox 660 878 714 905; x_wconf 84' lang='grc' dir='ltr'><strong>τῶν</strong></span> <span class='ocrx_word' id='word_1_85' title='bbox 728 877 843 911; x_wconf 75' lang='grc' dir='ltr'>αἰώνων,</span> 
     </span>
    </p>
   </div>
   <div class='ocr_carea' id='block_1_16' title="bbox 96 923 842 962">
    <p class='ocr_par' dir='ltr' id='par_1_16' title="bbox 96 923 842 962">
     <span class='ocr_line' id='line_1_16' title="bbox 96 923 842 962; baseline -0.003 -10"><span class='ocrx_word' id='word_1_86' title='bbox 96 925 141 952; x_wconf 83' lang='lat'><strong>28.</strong></span> <span class='ocrx_word' id='word_1_87' title='bbox 158 925 210 952; x_wconf 76' lang='lat' dir='ltr'><strong>Kal</strong></span> <span class='ocrx_word' id='word_1_88' title='bbox 223 927 239 961; x_wconf 83' lang='grc' dir='ltr'><strong>ή</strong></span> <span class='ocrx_word' id='word_1_89' title='bbox 257 926 398 952; x_wconf 85' lang='grc' dir='ltr'>δεσποτεία</span> <span class='ocrx_word' id='word_1_90' title='bbox 413 934 460 952; x_wconf 92' lang='grc' dir='ltr'><strong>σου</strong></span> <span class='ocrx_word' id='word_1_91' title='bbox 475 927 504 952; x_wconf 82' lang='grc' dir='ltr'>ὲν</span> <span class='ocrx_word' id='word_1_92' title='bbox 515 926 592 962; x_wconf 82' lang='grc' dir='ltr'>πάσῃ</span> <span class='ocrx_word' id='word_1_93' title='bbox 603 925 685 961; x_wconf 72' lang='grc' dir='ltr'>γενεᾷ</span> <span class='ocrx_word' id='word_1_94' title='bbox 695 925 742 951; x_wconf 77' lang='grc' dir='ltr'>καὶ</span> <span class='ocrx_word' id='word_1_95' title='bbox 751 923 842 959; x_wconf 79' lang='grc' dir='ltr'>γενεᾷ.</span> 
     </span>
    </p>
   </div>
   <div class='ocr_carea' id='block_1_17' title="bbox 489 178 1243 209">
    <p class='ocr_par' dir='ltr' id='par_1_17' title="bbox 489 178 1243 209">
     <span class='ocr_line' id='line_1_17' title="bbox 489 178 1243 209; baseline -0.005 0"><span class='ocrx_word' id='word_1_96' title='bbox 489 182 534 209; x_wconf 82' lang='lat' dir='ltr'><strong>DE</strong></span> <span class='ocrx_word' id='word_1_97' title='bbox 553 179 691 209; x_wconf 81' lang='lat' dir='ltr'><strong>TlTULlS</strong></span> <span class='ocrx_word' id='word_1_98' title='bbox 709 178 936 209; x_wconf 75' lang='lat' dir='ltr'><strong>PSALMORUM.</strong></span> <span class='ocrx_word' id='word_1_99' title='bbox 956 195 990 200; x_wconf 97' lang='lat'><strong>—-</strong></span> <span class='ocrx_word' id='word_1_100' title='bbox 1009 179 1106 207; x_wconf 86' lang='lat' dir='ltr'><strong>PSAL.</strong></span> <span class='ocrx_word' id='word_1_101' title='bbox 1129 178 1243 208; x_wconf 74' lang='lat' dir='ltr'><strong>CXLIV.</strong></span> 
     </span>
    </p>
   </div>
   <div class='ocr_carea' id='block_1_18' title="bbox 95 240 880 279">
    <p class='ocr_par' dir='ltr' id='par_1_18' title="bbox 95 240 880 279">
     <span class='ocr_line' id='line_1_18' title="bbox 95 240 880 279; baseline 0 -11"><span class='ocrx_word' id='word_1_102' title='bbox 95 242 139 269; x_wconf 85' lang='lat'><strong>16.</strong></span> <span class='ocrx_word' id='word_1_103' title='bbox 157 241 248 277; x_wconf 82' lang='grc' dir='ltr'><strong>[ἮΘ]</strong></span> <span class='ocrx_word' id='word_1_104' title='bbox 266 241 314 268; x_wconf 64' lang='grc' dir='ltr'><strong>Καὶ</strong></span> <span class='ocrx_word' id='word_1_105' title='bbox 335 243 367 277; x_wconf 85' lang='grc' dir='ltr'><strong>τῇ</strong></span> <span class='ocrx_word' id='word_1_106' title='bbox 382 241 538 279; x_wconf 80' lang='grc' dir='ltr'>δικαιοσύνῃ</span> <span class='ocrx_word' id='word_1_107' title='bbox 554 251 600 268; x_wconf 88' lang='grc' dir='ltr'><strong>σου</strong></span> <span class='ocrx_word' id='word_1_108' title='bbox 611 240 828 276; x_wconf 81' lang='grc' dir='ltr'>ἀγαλλιάσονται.</span> <span class='ocrx_word' id='word_1_109' title='bbox 856 244 880 272; x_wconf 70' lang='grc' dir='ltr'><strong>Δ</strong></span> 
     </span>
    </p>
   </div>
   <div class='ocr_carea' id='block_1_19' title="bbox 1606 177 1676 204">
    <p class='ocr_par' dir='ltr' id='par_1_19' title="bbox 1606 177 1676 204">
     <span class='ocr_line' id='line_1_19' title="bbox 1606 177 1676 204; baseline 0.014 -1"><span class='ocrx_word' id='word_1_110' title='bbox 1606 177 1676 204; x_wconf 73' lang='lat' dir='ltr'><strong>15M</strong></span> 
     </span>
    </p>
   </div>
   <div class='ocr_carea' id='block_1_20' title="bbox 927 238 1512 276">
    <p class='ocr_par' dir='ltr' id='par_1_20' title="bbox 927 238 1512 276">
     <span class='ocr_line' id='line_1_20' title="bbox 927 238 1512 276; baseline -0.005 -8"><span class='ocrx_word' id='word_1_111' title='bbox 927 241 970 268; x_wconf 86' lang='lat'><strong>16.</strong></span> <span class='ocrx_word' id='word_1_112' title='bbox 988 239 1078 276; x_wconf 80' lang='lat' dir='ltr'><strong>[Heth]</strong></span> <span class='ocrx_word' id='word_1_113' title='bbox 1099 239 1131 266; x_wconf 88' lang='lat' dir='ltr'><strong>Et</strong></span> <span class='ocrx_word' id='word_1_114' title='bbox 1148 239 1255 274; x_wconf 84' lang='lat' dir='ltr'><strong>justitia</strong></span> <span class='ocrx_word' id='word_1_115' title='bbox 1269 243 1314 265; x_wconf 89' lang='lat' dir='ltr'><strong>tua</strong></span> <span class='ocrx_word' id='word_1_116' title='bbox 1327 238 1512 266; x_wconf 82' lang='lat' dir='ltr'><strong>exsultabunt.</strong></span> 
     </span>
    </p>
   </div>
   <div class='ocr_carea' id='block_1_21' title="bbox 931 282 1510 315">
    <p class='ocr_par' dir='ltr' id='par_1_21' title="bbox 931 282 1510 315">
     <span class='ocr_line' id='line_1_21' title="bbox 931 282 1510 315; baseline -0.002 -3"><span class='ocrx_word' id='word_1_117' title='bbox 931 286 976 313; x_wconf 85' lang='lat'><strong>17.</strong></span> <span class='ocrx_word' id='word_1_118' title='bbox 993 285 1135 313; x_wconf 83' lang='lat' dir='ltr'><strong>Miserator</strong></span> <span class='ocrx_word' id='word_1_119' title='bbox 1149 289 1176 311; x_wconf 91' lang='lat' dir='ltr'><strong>et</strong></span> <span class='ocrx_word' id='word_1_120' title='bbox 1195 283 1348 311; x_wconf 81' lang='lat' dir='ltr'><strong>misericors</strong></span> <span class='ocrx_word' id='word_1_121' title='bbox 1361 282 1510 315; x_wconf 86' lang='lat' dir='ltr'><strong>Dominus.</strong></span> 
     </span>
    </p>
   </div>
   <div class='ocr_carea' id='block_1_22' title="bbox 931 329 1517 367">
    <p class='ocr_par' dir='ltr' id='par_1_22' title="bbox 931 329 1517 367">
     <span class='ocr_line' id='line_1_22' title="bbox 931 329 1517 367; baseline -0.002 -8"><span class='ocrx_word' id='word_1_122' title='bbox 931 332 975 360; x_wconf 89' lang='lat'><strong>18.</strong></span> <span class='ocrx_word' id='word_1_123' title='bbox 996 331 1036 367; x_wconf 68' lang='grc' dir='ltr'>[τι]</span> <span class='ocrx_word' id='word_1_124' title='bbox 1054 330 1162 358; x_wconf 87' lang='lat' dir='ltr'><strong>Patiens</strong></span> <span class='ocrx_word' id='word_1_125' title='bbox 1173 334 1200 357; x_wconf 88' lang='lat' dir='ltr'><strong>et</strong></span> <span class='ocrx_word' id='word_1_126' title='bbox 1218 329 1334 357; x_wconf 88' lang='lat' dir='ltr'><strong>multum</strong></span> <span class='ocrx_word' id='word_1_127' title='bbox 1350 329 1517 358; x_wconf 86' lang='lat' dir='ltr'><strong>misericors.</strong></span> 
     </span>
    </p>
   </div>
   <div class='ocr_carea' id='block_1_23' title="bbox 932 376 1464 414">
    <p class='ocr_par' dir='ltr' id='par_1_23' title="bbox 932 376 1464 414">
     <span class='ocr_line' id='line_1_23' title="bbox 932 376 1464 414; baseline -0.004 -9"><span class='ocrx_word' id='word_1_128' title='bbox 932 378 974 405; x_wconf 87' lang='lat'><strong>19.</strong></span> <span class='ocrx_word' id='word_1_129' title='bbox 992 377 1038 414; x_wconf 62' lang='lat'><strong>[3:]</strong></span> <span class='ocrx_word' id='word_1_130' title='bbox 1054 377 1151 405; x_wconf 84' lang='lat' dir='ltr'><strong>Suavis</strong></span> <span class='ocrx_word' id='word_1_131' title='bbox 1166 376 1295 404; x_wconf 88' lang='lat' dir='ltr'><strong>Dominus</strong></span> <span class='ocrx_word' id='word_1_132' title='bbox 1312 376 1446 404; x_wconf 85' lang='lat' dir='ltr'><strong>universis</strong></span> <span class='ocrx_word' id='word_1_133' title='bbox 1457 396 1464 408; x_wconf 87' lang='lat'><strong>,</strong></span> 
     </span>
    </p>
   </div>
   <div class='ocr_carea' id='block_1_24' title="bbox 931 421 1673 457">
    <p class='ocr_par' dir='ltr' id='par_1_24' title="bbox 931 421 1673 457">
     <span class='ocr_line' id='line_1_24' title="bbox 931 421 1673 457; baseline 0 -7"><span class='ocrx_word' id='word_1_134' title='bbox 931 424 976 450; x_wconf 83' lang='lat'><strong>20.</strong></span> <span class='ocrx_word' id='word_1_135' title='bbox 993 423 1027 450; x_wconf 87' lang='lat' dir='ltr'><strong>Et</strong></span> <span class='ocrx_word' id='word_1_136' title='bbox 1041 423 1228 450; x_wconf 73' lang='lat' dir='ltr'><strong>miserationes</strong></span> <span class='ocrx_word' id='word_1_137' title='bbox 1238 423 1298 457; x_wconf 83' lang='lat' dir='ltr'><strong>ejus</strong></span> <span class='ocrx_word' id='word_1_138' title='bbox 1312 430 1392 456; x_wconf 86' lang='lat' dir='ltr'><strong>super</strong></span> <span class='ocrx_word' id='word_1_139' title='bbox 1404 422 1495 449; x_wconf 89' lang='lat' dir='ltr'><strong>omnia</strong></span> <span class='ocrx_word' id='word_1_140' title='bbox 1509 429 1592 457; x_wconf 91' lang='lat' dir='ltr'><strong>opera</strong></span> <span class='ocrx_word' id='word_1_141' title='bbox 1603 421 1673 457; x_wconf 82' lang='lat' dir='ltr'><strong>ejus.</strong></span> 
     </span>
    </p>
   </div>
   <div class='ocr_carea' id='block_1_25' title="bbox 931 464 1674 504">
    <p class='ocr_par' dir='ltr' id='par_1_25' title="bbox 931 464 1674 504">
     <span class='ocr_line' id='line_1_25' title="bbox 931 464 1674 504; baseline 0.001 -9"><span class='ocrx_word' id='word_1_142' title='bbox 931 469 974 495; x_wconf 82' lang='lat' dir='ltr'><strong>2i.</strong></span> <span class='ocrx_word' id='word_1_143' title='bbox 999 464 1084 504; x_wconf 78' lang='lat' dir='ltr'><strong>[Joth]</strong></span> <span class='ocrx_word' id='word_1_144' title='bbox 1111 467 1298 495; x_wconf 83' lang='lat' dir='ltr'><strong>Conﬁteantur</strong></span> <span class='ocrx_word' id='word_1_145' title='bbox 1328 468 1396 501; x_wconf 84' lang='lat' dir='ltr'><strong>tibi,</strong></span> <span class='ocrx_word' id='word_1_146' title='bbox 1422 467 1551 501; x_wconf 85' lang='lat' dir='ltr'><strong>Domine,</strong></span> <span class='ocrx_word' id='word_1_147' title='bbox 1583 469 1674 496; x_wconf 81' lang='lat' dir='ltr'><strong>omnia</strong></span> 
     </span>
    </p>
   </div>
   <div class='ocr_carea' id='block_1_26' title="bbox 897 519 1062 549">
    <p class='ocr_par' dir='ltr' id='par_1_26' title="bbox 897 519 1062 549">
     <span class='ocr_line' id='line_1_26' title="bbox 897 519 1062 549; baseline 0 -8"><span class='ocrx_word' id='word_1_148' title='bbox 897 521 978 549; x_wconf 82' lang='lat' dir='ltr'><strong>opera</strong></span> <span class='ocrx_word' id='word_1_149' title='bbox 999 519 1044 541; x_wconf 89' lang='lat' dir='ltr'><strong>tua</strong></span> <span class='ocrx_word' id='word_1_150' title='bbox 1053 533 1062 544; x_wconf 86' lang='lat'><strong>.</strong></span> 
     </span>
    </p>
   </div>
   <div class='ocr_carea' id='block_1_27' title="bbox 932 559 1579 595">
    <p class='ocr_par' dir='ltr' id='par_1_27' title="bbox 932 559 1579 595">
     <span class='ocr_line' id='line_1_27' title="bbox 932 559 1579 595; baseline 0 -9"><span class='ocrx_word' id='word_1_151' title='bbox 932 560 976 586; x_wconf 89' lang='lat'><strong>22.</strong></span> <span class='ocrx_word' id='word_1_152' title='bbox 997 559 1024 595; x_wconf 62' lang='grc' dir='ltr'><strong>[δ</strong></span> <span class='ocrx_word' id='word_1_153' title='bbox 1041 559 1120 595; x_wconf 67' lang='lat' dir='ltr'><strong>liam]</strong></span> <span class='ocrx_word' id='word_1_154' title='bbox 1137 559 1169 586; x_wconf 89' lang='lat' dir='ltr'><strong>Et</strong></span> <span class='ocrx_word' id='word_1_155' title='bbox 1182 559 1269 586; x_wconf 90' lang='lat' dir='ltr'><strong>sancti</strong></span> <span class='ocrx_word' id='word_1_156' title='bbox 1286 559 1325 586; x_wconf 90' lang='lat' dir='ltr'><strong>tui</strong></span> <span class='ocrx_word' id='word_1_157' title='bbox 1342 559 1502 586; x_wconf 84' lang='lat' dir='ltr'><strong>benedicant</strong></span> <span class='ocrx_word' id='word_1_158' title='bbox 1520 559 1579 586; x_wconf 89' lang='lat' dir='ltr'><strong>tibi.</strong></span> 
     </span>
    </p>
   </div>
   <div class='ocr_carea' id='block_1_28' title="bbox 931 604 1379 640">
    <p class='ocr_par' dir='ltr' id='par_1_28' title="bbox 931 604 1379 640">
     <span class='ocr_line' id='line_1_28' title="bbox 931 604 1379 640; baseline -0.002 -8"><span class='ocrx_word' id='word_1_159' title='bbox 931 606 976 634; x_wconf 79' lang='lat'><strong>25.</strong></span> <span class='ocrx_word' id='word_1_160' title='bbox 994 606 1113 633; x_wconf 78' lang='lat' dir='ltr'><strong>Gloriam</strong></span> <span class='ocrx_word' id='word_1_161' title='bbox 1129 606 1202 640; x_wconf 76' lang='lat' dir='ltr'><strong>regni</strong></span> <span class='ocrx_word' id='word_1_162' title='bbox 1222 605 1260 632; x_wconf 91' lang='lat' dir='ltr'><strong>tui</strong></span> <span class='ocrx_word' id='word_1_163' title='bbox 1273 604 1379 637; x_wconf 84' lang='lat' dir='ltr'><strong>dicent,</strong></span> 
     </span>
    </p>
   </div>
   <div class='ocr_carea' id='block_1_29' title="bbox 930 643 1605 686">
    <p class='ocr_par' dir='ltr' id='par_1_29' title="bbox 930 643 1605 686">
     <span class='ocr_line' id='line_1_29' title="bbox 930 643 1605 686; baseline 0 -8"><span class='ocrx_word' id='word_1_164' title='bbox 930 651 976 678; x_wconf 69' lang='lat'><strong>24.</strong></span> <span class='ocrx_word' id='word_1_165' title='bbox 994 643 1020 686; x_wconf 65' lang='lat'><strong>[5</strong></span> <span class='ocrx_word' id='word_1_166' title='bbox 1033 651 1132 686; x_wconf 86' lang='lat' dir='ltr'><strong>Sabed]</strong></span> <span class='ocrx_word' id='word_1_167' title='bbox 1152 651 1185 677; x_wconf 87' lang='lat' dir='ltr'><strong>Et</strong></span> <span class='ocrx_word' id='word_1_168' title='bbox 1201 650 1347 685; x_wconf 89' lang='lat' dir='ltr'><strong>potentiam</strong></span> <span class='ocrx_word' id='word_1_169' title='bbox 1362 655 1436 678; x_wconf 86' lang='lat' dir='ltr'><strong>tuam</strong></span> <span class='ocrx_word' id='word_1_170' title='bbox 1451 651 1605 685; x_wconf 74' lang='lat' dir='ltr'><strong>loquentur.</strong></span> 
     </span>
    </p>
   </div>
   <div class='ocr_carea' id='block_1_30' title="bbox 931 696 1676 732">
    <p class='ocr_par' dir='ltr' id='par_1_30' title="bbox 931 696 1676 732">
     <span class='ocr_line' id='line_1_30' title="bbox 931 696 1676 732; baseline 0 -8"><span class='ocrx_word' id='word_1_171' title='bbox 931 697 975 724; x_wconf 79' lang='lat'><strong>25.</strong></span> <span class='ocrx_word' id='word_1_172' title='bbox 991 696 1025 724; x_wconf 87' lang='lat' dir='ltr'><strong>Ut</strong></span> <span class='ocrx_word' id='word_1_173' title='bbox 1050 701 1143 724; x_wconf 89' lang='lat' dir='ltr'><strong>notam</strong></span> <span class='ocrx_word' id='word_1_174' title='bbox 1161 696 1262 724; x_wconf 80' lang='lat' dir='ltr'><strong>faciant</strong></span> <span class='ocrx_word' id='word_1_175' title='bbox 1282 696 1345 724; x_wconf 85' lang='lat' dir='ltr'><strong>ﬁliis</strong></span> <span class='ocrx_word' id='word_1_176' title='bbox 1367 697 1507 724; x_wconf 84' lang='lat' dir='ltr'><strong>hominum</strong></span> <span class='ocrx_word' id='word_1_177' title='bbox 1528 696 1676 732; x_wconf 86' lang='lat' dir='ltr'><strong>potentiam</strong></span> 
     </span>
    </p>
   </div>
   <div class='ocr_carea' id='block_1_31' title="bbox 897 747 988 775">
    <p class='ocr_par' dir='ltr' id='par_1_31' title="bbox 897 747 988 775">
     <span class='ocr_line' id='line_1_31' title="bbox 897 747 988 775; baseline -0.022 -5"><span class='ocrx_word' id='word_1_178' title='bbox 897 747 970 770; x_wconf 84' lang='lat' dir='ltr'><strong>tuam</strong></span> <span class='ocrx_word' id='word_1_179' title='bbox 980 763 988 775; x_wconf 88' lang='lat'><strong>,</strong></span> 
     </span>
    </p>
   </div>
   <div class='ocr_carea' id='block_1_32' title="bbox 932 786 1533 822">
    <p class='ocr_par' dir='ltr' id='par_1_32' title="bbox 932 786 1533 822">
     <span class='ocr_line' id='line_1_32' title="bbox 932 786 1533 822; baseline 0 -9"><span class='ocrx_word' id='word_1_180' title='bbox 932 788 976 814; x_wconf 75' lang='lat'><strong>26.</strong></span> <span class='ocrx_word' id='word_1_181' title='bbox 996 787 1029 813; x_wconf 87' lang='lat' dir='ltr'><strong>Et</strong></span> <span class='ocrx_word' id='word_1_182' title='bbox 1043 787 1156 822; x_wconf 79' lang='lat' dir='ltr'><strong>gloriam</strong></span> <span class='ocrx_word' id='word_1_183' title='bbox 1171 787 1377 822; x_wconf 69' lang='lat' dir='ltr'><strong>magnificentiae</strong></span> <span class='ocrx_word' id='word_1_184' title='bbox 1395 786 1469 821; x_wconf 77' lang='lat' dir='ltr'><strong>regni</strong></span> <span class='ocrx_word' id='word_1_185' title='bbox 1483 786 1533 814; x_wconf 90' lang='lat' dir='ltr'><strong>tui.</strong></span> 
     </span>
    </p>
   </div>
   <div class='ocr_carea' id='block_1_33' title="bbox 931 832 1675 866">
    <p class='ocr_par' dir='ltr' id='par_1_33' title="bbox 931 832 1675 866">
     <span class='ocr_line' id='line_1_33' title="bbox 931 832 1675 866; baseline 0.001 -7"><span class='ocrx_word' id='word_1_186' title='bbox 931 832 976 859; x_wconf 84' lang='lat'><strong>27.</strong></span> <span class='ocrx_word' id='word_1_187' title='bbox 993 832 1114 866; x_wconf 77' lang='lat' dir='ltr'><strong>Regnum</strong></span> <span class='ocrx_word' id='word_1_188' title='bbox 1128 836 1202 859; x_wconf 88' lang='lat' dir='ltr'><strong>tuum</strong></span> <span class='ocrx_word' id='word_1_189' title='bbox 1213 851 1221 864; x_wconf 92' lang='lat'><strong>,</strong></span> <span class='ocrx_word' id='word_1_190' title='bbox 1241 839 1353 866; x_wconf 72' lang='lat' dir='ltr'><strong>regnum</strong></span> <span class='ocrx_word' id='word_1_191' title='bbox 1367 833 1488 860; x_wconf 87' lang='lat' dir='ltr'><strong>omnium</strong></span> <span class='ocrx_word' id='word_1_192' title='bbox 1502 833 1675 866; x_wconf 67' lang='lat' dir='ltr'><strong>saeculorum,</strong></span> 
     </span>
    </p>
   </div>
   <div class='ocr_carea' id='block_1_34' title="bbox 932 876 1678 914">
    <p class='ocr_par' dir='ltr' id='par_1_34' title="bbox 932 876 1678 914">
     <span class='ocr_line' id='line_1_34' title="bbox 932 876 1678 914; baseline 0.003 -11"><span class='ocrx_word' id='word_1_193' title='bbox 932 877 966 903; x_wconf 82' lang='lat'><strong>28</strong></span> <span class='ocrx_word' id='word_1_194' title='bbox 995 877 1028 903; x_wconf 86' lang='lat' dir='ltr'><strong>Et</strong></span> <span class='ocrx_word' id='word_1_195' title='bbox 1043 877 1190 904; x_wconf 82' lang='lat' dir='ltr'><strong>dominatio</strong></span> <span class='ocrx_word' id='word_1_196' title='bbox 1201 881 1257 909; x_wconf 87' lang='lat' dir='ltr'><strong>tua,</strong></span> <span class='ocrx_word' id='word_1_197' title='bbox 1277 877 1304 904; x_wconf 93' lang='lat' dir='ltr'><strong>in</strong></span> <span class='ocrx_word' id='word_1_198' title='bbox 1319 876 1393 904; x_wconf 89' lang='lat' dir='ltr'><strong>omni</strong></span> <span class='ocrx_word' id='word_1_199' title='bbox 1413 878 1586 912; x_wconf 76' lang='lat' dir='ltr'><strong>generatione</strong></span> <span class='ocrx_word' id='word_1_200' title='bbox 1595 882 1622 906; x_wconf 91' lang='lat' dir='ltr'><strong>et</strong></span> <span class='ocrx_word' id='word_1_201' title='bbox 1632 885 1678 914; x_wconf 73' lang='lat' dir='ltr'><strong>ge-</strong></span> 
     </span>
    </p>
   </div>
   <div class='ocr_carea' id='block_1_35' title="bbox 899 923 1049 951">
    <p class='ocr_par' dir='ltr' id='par_1_35' title="bbox 899 923 1049 951">
     <span class='ocr_line' id='line_1_35' title="bbox 899 923 1049 951; baseline -0.007 0"><span class='ocrx_word' id='word_1_202' title='bbox 899 923 1049 951; x_wconf 87' lang='lat' dir='ltr'><strong>nerationc.</strong></span> 
     </span>
    </p>
   </div>
   <div class='ocr_carea' id='block_1_36' title="bbox 622 1030 1121 1062">
    <p class='ocr_par' dir='ltr' id='par_1_36' title="bbox 622 1030 1121 1062">
     <span class='ocr_line' id='line_1_36' title="bbox 622 1030 1121 1062; baseline -0.004 0"><span class='ocrx_word' id='word_1_203' title='bbox 622 1033 809 1062; x_wconf 81' lang='lat' dir='ltr'><strong>ATHANASH</strong></span> <span class='ocrx_word' id='word_1_204' title='bbox 827 1030 1121 1060; x_wconf 78' lang='lat' dir='ltr'><strong>INTERPRETATIO.</strong></span> 
     </span>
    </p>
   </div>
   <div class='ocr_carea' id='block_1_37' title="bbox 98 1129 860 1169">
    <p class='ocr_par' dir='ltr' id='par_1_37' title="bbox 98 1129 847 1169">
     <span class='ocr_line' id='line_1_37' title="bbox 98 1129 847 1169; baseline -0.003 -10"><span class='ocrx_word' id='word_1_205' title='bbox 98 1132 143 1160; x_wconf 85' lang='lat'><strong>16.</strong></span> <span class='ocrx_word' id='word_1_206' title='bbox 170 1133 224 1159; x_wconf 79' lang='lat' dir='ltr'><strong>Kal</strong></span> <span class='ocrx_word' id='word_1_207' title='bbox 246 1133 278 1168; x_wconf 77' lang='grc' dir='ltr'>τῇ</span> <span class='ocrx_word' id='word_1_208' title='bbox 300 1132 456 1168; x_wconf 77' lang='grc' dir='ltr'>ἀνατροφῇ,</span> <span class='ocrx_word' id='word_1_209' title='bbox 520 1133 681 1168; x_wconf 54' lang='grc' dir='ltr'>ἀνετράφηςς</span> <span class='ocrx_word' id='word_1_210' title='bbox 697 1132 735 1167; x_wconf 86' lang='grc'><strong>(1)</strong></span> <span class='ocrx_word' id='word_1_211' title='bbox 757 1133 785 1158; x_wconf 79' lang='grc' dir='ltr'>ὲν</span> <span class='ocrx_word' id='word_1_212' title='bbox 808 1131 847 1166; x_wconf 83' lang='grc' dir='ltr'>τῷ</span> 
     </span>
    </p>
   </div>
   <div class='ocr_carea' id='block_1_38' title="bbox 913 1129 1677 1169">
    <p class='ocr_par' dir='ltr' id='par_1_38' title="bbox 932 1131 1677 1166">
     <span class='ocr_line' id='line_1_38' title="bbox 932 1131 1677 1166; baseline 0.001 -7"><span class='ocrx_word' id='word_1_213' title='bbox 932 1131 976 1159; x_wconf 85' lang='lat'><strong>16.</strong></span> <span class='ocrx_word' id='word_1_214' title='bbox 1001 1131 1034 1159; x_wconf 85' lang='lat' dir='ltr'><strong>Et;</strong></span> <span class='ocrx_word' id='word_1_215' title='bbox 1050 1131 1301 1164; x_wconf 83' lang='lat' dir='ltr'><strong>conversationem,</strong></span> <span class='ocrx_word' id='word_1_216' title='bbox 1327 1137 1382 1166; x_wconf 88' lang='lat' dir='ltr'><strong>qua</strong></span> <span class='ocrx_word' id='word_1_217' title='bbox 1406 1135 1582 1159; x_wconf 84' lang='lat' dir='ltr'><strong>conversatus</strong></span> <span class='ocrx_word' id='word_1_218' title='bbox 1601 1139 1630 1160; x_wconf 76' lang='lat' dir='ltr'><strong>es</strong></span> <span class='ocrx_word' id='word_1_219' title='bbox 1650 1133 1677 1160; x_wconf 92' lang='lat' dir='ltr'><strong>in</strong></span> 
     </span>
    </p>
   </div>
   <div class='ocr_carea' id='block_1_39' title="bbox 62 1176 847 1214">
    <p class='ocr_par' dir='ltr' id='par_1_39' title="bbox 62 1176 847 1214">
     <span class='ocr_line' id='line_1_39' title="bbox 62 1176 847 1214; baseline -0.003 -9"><span class='ocrx_word' id='word_1_220' title='bbox 62 1179 170 1214; x_wconf 79' lang='grc' dir='ltr'>κόσμῳ,</span> <span class='ocrx_word' id='word_1_221' title='bbox 190 1177 321 1213; x_wconf 78' lang='grc' dir='ltr'><strong>μαθόντες</strong></span> <span class='ocrx_word' id='word_1_222' title='bbox 335 1179 364 1204; x_wconf 82' lang='grc' dir='ltr'>ὲν</span> <span class='ocrx_word' id='word_1_223' title='bbox 377 1178 445 1213; x_wconf 84' lang='grc' dir='ltr'><strong>αύτῇ</strong></span> <span class='ocrx_word' id='word_1_224' title='bbox 461 1178 675 1204; x_wconf 77' lang='grc' dir='ltr'>πολιτεύσονται.</span> <span class='ocrx_word' id='word_1_225' title='bbox 700 1178 732 1204; x_wconf 83' lang='grc' dir='ltr'>Ἢ</span> <span class='ocrx_word' id='word_1_226' title='bbox 745 1177 798 1212; x_wconf 83' lang='grc' dir='ltr'><strong>γὰρ</strong></span> <span class='ocrx_word' id='word_1_227' title='bbox 809 1176 847 1212; x_wconf 84' lang='grc' dir='ltr'>τῷ</span> 
     </span>
    </p>
   </div>
   <div class='ocr_carea' id='block_1_40' title="bbox 62 1223 848 1259">
    <p class='ocr_par' dir='ltr' id='par_1_40' title="bbox 62 1223 848 1259">
     <span class='ocr_line' id='line_1_40' title="bbox 62 1223 848 1259; baseline -0.001 -8"><span class='ocrx_word' id='word_1_228' title='bbox 62 1225 149 1259; x_wconf 76' lang='grc' dir='ltr'>στίχῳ</span> <span class='ocrx_word' id='word_1_229' title='bbox 161 1224 350 1259; x_wconf 77' lang='grc' dir='ltr'>παρακειμένη</span> <span class='ocrx_word' id='word_1_230' title='bbox 365 1223 493 1259; x_wconf 79' lang='grc' dir='ltr'>συλλαϐὴ,</span> <span class='ocrx_word' id='word_1_231' title='bbox 509 1224 525 1259; x_wconf 82' lang='grc' dir='ltr'>ὴ</span> <span class='ocrx_word' id='word_1_232' title='bbox 548 1223 680 1258; x_wconf 78' lang='grc' dir='ltr'>λεγομένη</span> <span class='ocrx_word' id='word_1_233' title='bbox 704 1224 776 1257; x_wconf 81' lang='grc' dir='ltr'><strong>Χὴθ,</strong></span> <span class='ocrx_word' id='word_1_234' title='bbox 803 1224 848 1259; x_wconf 79' lang='grc' dir='ltr'><strong>ἐρ-</strong></span> 
     </span>
    </p>
   </div>
   <div class='ocr_carea' id='block_1_41' title="bbox 64 1267 847 1306">
    <p class='ocr_par' dir='ltr' id='par_1_41' title="bbox 64 1267 847 1306">
     <span class='ocr_line' id='line_1_41' title="bbox 64 1267 847 1306; baseline -0.003 -10"><span class='ocrx_word' id='word_1_235' title='bbox 64 1269 213 1306; x_wconf 84' lang='grc' dir='ltr'>μηνεύεται</span> <span class='ocrx_word' id='word_1_236' title='bbox 229 1269 372 1303; x_wconf 78' lang='grc' dir='ltr'><strong>ἔκστασις</strong></span> <span class='ocrx_word' id='word_1_237' title='bbox 389 1279 396 1286; x_wconf 81' lang='grc'><em>’</em></span> <span class='ocrx_word' id='word_1_238' title='bbox 423 1270 550 1301; x_wconf 70' lang='grc' dir='ltr'>ἔκστασις</span> <span class='ocrx_word' id='word_1_239' title='bbox 566 1269 619 1304; x_wconf 83' lang='grc' dir='ltr'><strong>γὰρ</strong></span> <span class='ocrx_word' id='word_1_240' title='bbox 636 1267 702 1304; x_wconf 76' lang='grc' dir='ltr'>εἶχε,</span> <span class='ocrx_word' id='word_1_241' title='bbox 719 1270 766 1296; x_wconf 68' lang='grc' dir='ltr'><strong>καὶ</strong></span> <span class='ocrx_word' id='word_1_242' title='bbox 792 1269 847 1303; x_wconf 77' lang='grc' dir='ltr'>ἔχει</span> 
     </span>
    </p>
   </div>
   <div class='ocr_carea' id='block_1_42' title="bbox 63 1315 848 1351">
    <p class='ocr_par' dir='ltr' id='par_1_42' title="bbox 63 1315 848 1351">
     <span class='ocr_line' id='line_1_42' title="bbox 63 1315 848 1351; baseline -0.003 -8"><span class='ocrx_word' id='word_1_243' title='bbox 63 1317 180 1348; x_wconf 80' lang='grc' dir='ltr'><strong>πάντας,</strong></span> <span class='ocrx_word' id='word_1_244' title='bbox 202 1317 242 1343; x_wconf 77' lang='grc' dir='ltr'>ὅτι</span> <span class='ocrx_word' id='word_1_245' title='bbox 255 1317 314 1342; x_wconf 77' lang='grc' dir='ltr'>ἐστὶ</span> <span class='ocrx_word' id='word_1_246' title='bbox 329 1316 404 1349; x_wconf 76' lang='grc' dir='ltr'>Θεὸς,</span> <span class='ocrx_word' id='word_1_247' title='bbox 420 1316 466 1343; x_wconf 78' lang='grc' dir='ltr'><strong>καὶ</strong></span> <span class='ocrx_word' id='word_1_248' title='bbox 480 1317 537 1348; x_wconf 83' lang='grc' dir='ltr'>τοῖς</span> <span class='ocrx_word' id='word_1_249' title='bbox 555 1315 708 1351; x_wconf 78' lang='grc' dir='ltr'>ἀνθρώποις</span> <span class='ocrx_word' id='word_1_250' title='bbox 734 1315 780 1341; x_wconf 70' lang='grc' dir='ltr'><strong>ἐπὶ</strong></span> <span class='ocrx_word' id='word_1_251' title='bbox 798 1315 848 1351; x_wconf 83' lang='grc' dir='ltr'>τῆς</span> 
     </span>
    </p>
   </div>
   <div class='ocr_carea' id='block_1_43' title="bbox 62 1362 351 1398">
    <p class='ocr_par' dir='ltr' id='par_1_43' title="bbox 62 1362 351 1398">
     <span class='ocr_line' id='line_1_43' title="bbox 62 1362 351 1398; baseline 0 -10"><span class='ocrx_word' id='word_1_252' title='bbox 62 1363 117 1398; x_wconf 72' lang='grc' dir='ltr'>γῆς</span> <span class='ocrx_word' id='word_1_253' title='bbox 137 1362 351 1397; x_wconf 82' lang='grc' dir='ltr'>συνανεστράφη.</span> 
     </span>
    </p>
   </div>
   <div class='ocr_carea' id='block_1_44' title="bbox 100 1402 847 1442">
    <p class='ocr_par' dir='ltr' id='par_1_44' title="bbox 100 1402 847 1442">
     <span class='ocr_line' id='line_1_44' title="bbox 100 1402 847 1442; baseline -0.004 -7"><span class='ocrx_word' id='word_1_254' title='bbox 100 1409 145 1441; x_wconf 89' lang='lat'><strong>17,</strong></span> <span class='ocrx_word' id='word_1_255' title='bbox 160 1408 204 1435; x_wconf 91' lang='lat'><strong>18.</strong></span> <span class='ocrx_word' id='word_1_256' title='bbox 222 1408 287 1434; x_wconf 79' lang='grc' dir='ltr'><strong>Ἀπὸ</strong></span> <span class='ocrx_word' id='word_1_257' title='bbox 301 1408 354 1434; x_wconf 85' lang='grc' dir='ltr'><strong>τῶν</strong></span> <span class='ocrx_word' id='word_1_258' title='bbox 367 1406 547 1442; x_wconf 82' lang='grc' dir='ltr'><strong>παθημάτων,</strong></span> <span class='ocrx_word' id='word_1_259' title='bbox 561 1402 601 1434; x_wconf 81' lang='grc' dir='ltr'><strong>ὧν</strong></span> <span class='ocrx_word' id='word_1_260' title='bbox 614 1406 758 1442; x_wconf 83' lang='grc' dir='ltr'>ὑπέμεινεν</span> <span class='ocrx_word' id='word_1_261' title='bbox 779 1405 847 1441; x_wconf 74' lang='grc' dir='ltr'><strong>ὑπὲρ</strong></span> 
     </span>
    </p>
   </div>
   <div class='ocr_carea' id='block_1_45' title="bbox 64 1454 316 1490">
    <p class='ocr_par' dir='ltr' id='par_1_45' title="bbox 64 1454 316 1490">
     <span class='ocr_line' id='line_1_45' title="bbox 64 1454 316 1490; baseline -0.004 -9"><span class='ocrx_word' id='word_1_262' title='bbox 64 1455 155 1490; x_wconf 72' lang='grc' dir='ltr'>ἡμῶν,</span> <span class='ocrx_word' id='word_1_263' title='bbox 171 1454 316 1481; x_wconf 80' lang='grc' dir='ltr'>δείκνυται.</span> 
     </span>
    </p>
   </div>
   <div class='ocr_carea' id='block_1_46' title="bbox 101 1497 726 1534">
    <p class='ocr_par' dir='ltr' id='par_1_46' title="bbox 101 1497 726 1534">
     <span class='ocr_line' id='line_1_46' title="bbox 101 1497 726 1534; baseline -0.005 -7"><span class='ocrx_word' id='word_1_264' title='bbox 101 1500 145 1528; x_wconf 89' lang='lat'><strong>19.</strong></span> <span class='ocrx_word' id='word_1_265' title='bbox 165 1499 278 1534; x_wconf 81' lang='grc' dir='ltr'>’Δγαθδς</span> <span class='ocrx_word' id='word_1_266' title='bbox 289 1498 390 1534; x_wconf 78' lang='grc' dir='ltr'>Κύριος</span> <span class='ocrx_word' id='word_1_267' title='bbox 401 1498 456 1529; x_wconf 88' lang='grc' dir='ltr'>τοῖς</span> <span class='ocrx_word' id='word_1_268' title='bbox 469 1499 552 1525; x_wconf 80' lang='grc' dir='ltr'>πᾶσιν</span> <span class='ocrx_word' id='word_1_269' title='bbox 566 1497 726 1532; x_wconf 79' lang='grc' dir='ltr'>ἀνθρώποις.</span> 
     </span>
    </p>
   </div>
   <div class='ocr_carea' id='block_1_47' title="bbox 100 1544 829 1582">
    <p class='ocr_par' dir='ltr' id='par_1_47' title="bbox 100 1544 829 1582">
     <span class='ocr_line' id='line_1_47' title="bbox 100 1544 829 1582; baseline -0.003 -8"><span class='ocrx_word' id='word_1_270' title='bbox 100 1547 145 1574; x_wconf 76' lang='lat'><strong>20.</strong></span> <span class='ocrx_word' id='word_1_271' title='bbox 162 1546 214 1574; x_wconf 80' lang='grc' dir='ltr'><strong>Καὶ</strong></span> <span class='ocrx_word' id='word_1_272' title='bbox 226 1547 251 1574; x_wconf 73' lang='grc' dir='ltr'>οἱ</span> <span class='ocrx_word' id='word_1_273' title='bbox 264 1545 400 1582; x_wconf 77' lang='grc' dir='ltr'>οἰκτιρμοὶ</span> <span class='ocrx_word' id='word_1_274' title='bbox 417 1545 499 1572; x_wconf 83' lang='grc' dir='ltr'>αὑτοῦ</span> <span class='ocrx_word' id='word_1_275' title='bbox 513 1545 560 1571; x_wconf 71' lang='grc' dir='ltr'><strong>ἐπὶ</strong></span> <span class='ocrx_word' id='word_1_276' title='bbox 578 1544 666 1571; x_wconf 85' lang='grc' dir='ltr'>πάντα</span> <span class='ocrx_word' id='word_1_277' title='bbox 678 1545 829 1580; x_wconf 77' lang='grc' dir='ltr'>ἄνθρωπον.</span> 
     </span>
    </p>
   </div>
   <div class='ocr_carea' id='block_1_48' title="bbox 100 1632 846 1668">
    <p class='ocr_par' dir='ltr' id='par_1_48' title="bbox 100 1632 846 1668">
     <span class='ocr_line' id='line_1_48' title="bbox 100 1632 846 1668; baseline -0.003 -8"><span class='ocrx_word' id='word_1_278' title='bbox 100 1632 145 1660; x_wconf 77' lang='lat'><strong>21.</strong></span> <span class='ocrx_word' id='word_1_279' title='bbox 170 1633 410 1668; x_wconf 80' lang='grc' dir='ltr'>Ἐξομολογήσουσι</span> <span class='ocrx_word' id='word_1_280' title='bbox 426 1633 525 1665; x_wconf 87' lang='grc' dir='ltr'>πάντες</span> <span class='ocrx_word' id='word_1_281' title='bbox 543 1634 566 1659; x_wconf 88' lang='lat' dir='ltr'><strong>oi</strong></span> <span class='ocrx_word' id='word_1_282' title='bbox 584 1632 735 1668; x_wconf 80' lang='grc' dir='ltr'>ἄνθρωποι,·</span> <span class='ocrx_word' id='word_1_283' title='bbox 746 1633 787 1659; x_wconf 84' lang='grc' dir='ltr'>ὃτι</span> <span class='ocrx_word' id='word_1_284' title='bbox 814 1633 846 1659; x_wconf 79' lang='grc' dir='ltr'>σὺ</span> 
     </span>
    </p>
   </div>
   <div class='ocr_carea' id='block_1_49' title="bbox 63 1676 846 1714">
    <p class='ocr_par' dir='ltr' id='par_1_49' title="bbox 63 1676 846 1714">
     <span class='ocr_line' id='line_1_49' title="bbox 63 1676 846 1714; baseline -0.001 -9"><span class='ocrx_word' id='word_1_285' title='bbox 63 1676 92 1705; x_wconf 71' lang='grc' dir='ltr'><strong>ει</strong></span> <span class='ocrx_word' id='word_1_286' title='bbox 103 1678 235 1714; x_wconf 79' lang='grc' dir='ltr'>κυριεύων</span> <span class='ocrx_word' id='word_1_287' title='bbox 251 1678 358 1706; x_wconf 86' lang='grc' dir='ltr'>πάντων</span> <span class='ocrx_word' id='word_1_288' title='bbox 370 1685 378 1694; x_wconf 89' lang='grc'><strong>·</strong></span> <span class='ocrx_word' id='word_1_289' title='bbox 389 1677 467 1704; x_wconf 77' lang='grc' dir='ltr'>τοῦτο</span> <span class='ocrx_word' id='word_1_290' title='bbox 475 1679 528 1714; x_wconf 87' lang='grc' dir='ltr'><strong>γὰρ</strong></span> <span class='ocrx_word' id='word_1_291' title='bbox 540 1678 660 1713; x_wconf 84' lang='grc' dir='ltr'>βούλεται</span> <span class='ocrx_word' id='word_1_292' title='bbox 669 1678 699 1704; x_wconf 87' lang='grc' dir='ltr'><strong>τὺ</strong></span> <span class='ocrx_word' id='word_1_293' title='bbox 713 1677 751 1713; x_wconf 87' lang='grc' dir='ltr'>τῷ</span> <span class='ocrx_word' id='word_1_294' title='bbox 762 1678 846 1713; x_wconf 82' lang='grc' dir='ltr'>στίχῳ</span> 
     </span>
    </p>
   </div>
   <div class='ocr_carea' id='block_1_50' title="bbox 65 1723 848 1761">
    <p class='ocr_par' dir='ltr' id='par_1_50' title="bbox 65 1723 848 1761">
     <span class='ocr_line' id='line_1_50' title="bbox 65 1723 848 1761; baseline -0.003 -9"><span class='ocrx_word' id='word_1_295' title='bbox 65 1725 106 1760; x_wconf 84' lang='lat'><strong>(2)</strong></span> <span class='ocrx_word' id='word_1_296' title='bbox 129 1724 330 1760; x_wconf 81' lang='grc' dir='ltr'>παρακείμενον</span> <span class='ocrx_word' id='word_1_297' title='bbox 350 1725 434 1761; x_wconf 70' lang='grc' dir='ltr'>ὄνομα</span> <span class='ocrx_word' id='word_1_298' title='bbox 457 1724 488 1751; x_wconf 80' lang='grc' dir='ltr'>τὸ</span> <span class='ocrx_word' id='word_1_299' title='bbox 508 1724 652 1760; x_wconf 84' lang='grc' dir='ltr'>λεγόμενον</span> <span class='ocrx_word' id='word_1_300' title='bbox 671 1723 750 1756; x_wconf 84' lang='grc' dir='ltr'><strong>Ἰὼθ,</strong></span> <span class='ocrx_word' id='word_1_301' title='bbox 767 1724 781 1750; x_wconf 80' lang='grc' dir='ltr'>ὅ</span> <span class='ocrx_word' id='word_1_302' title='bbox 803 1724 848 1759; x_wconf 83' lang='grc' dir='ltr'><strong>ἑρ-</strong></span> 
     </span>
    </p>
   </div>
   <div class='ocr_carea' id='block_1_51' title="bbox 65 1770 382 1806">
    <p class='ocr_par' dir='ltr' id='par_1_51' title="bbox 65 1770 382 1806">
     <span class='ocr_line' id='line_1_51' title="bbox 65 1770 382 1806; baseline 0.003 -9"><span class='ocrx_word' id='word_1_303' title='bbox 65 1770 213 1806; x_wconf 69' lang='grc' dir='ltr'>μηνεύεται</span> <span class='ocrx_word' id='word_1_304' title='bbox 228 1771 382 1804; x_wconf 81' lang='grc' dir='ltr'><strong>κυριεύων.</strong></span> 
     </span>
    </p>
   </div>
   <div class='ocr_carea' id='block_1_52' title="bbox 898 1177 1677 1214">
    <p class='ocr_par' dir='ltr' id='par_1_52' title="bbox 898 1177 1677 1214">
     <span class='ocr_line' id='line_1_52' title="bbox 898 1177 1677 1214; baseline 0.003 -9"><span class='ocrx_word' id='word_1_305' title='bbox 898 1179 1015 1211; x_wconf 92' lang='lat' dir='ltr'><strong>mundo,</strong></span> <span class='ocrx_word' id='word_1_306' title='bbox 1042 1178 1193 1206; x_wconf 86' lang='lat' dir='ltr'><strong>ediscentes</strong></span> <span class='ocrx_word' id='word_1_307' title='bbox 1223 1178 1251 1204; x_wconf 94' lang='lat' dir='ltr'><strong>in</strong></span> <span class='ocrx_word' id='word_1_308' title='bbox 1284 1178 1342 1212; x_wconf 86' lang='lat' dir='ltr'><strong>ipsa</strong></span> <span class='ocrx_word' id='word_1_309' title='bbox 1361 1178 1463 1205; x_wconf 80' lang='lat' dir='ltr'><strong>vivent.</strong></span> <span class='ocrx_word' id='word_1_310' title='bbox 1486 1177 1553 1205; x_wconf 90' lang='lat' dir='ltr'><strong>Nam</strong></span> <span class='ocrx_word' id='word_1_311' title='bbox 1574 1179 1677 1214; x_wconf 81' lang='lat' dir='ltr'><strong>syllaba</strong></span> 
     </span>
    </p>
   </div>
   <div class='ocr_carea' id='block_1_53' title="bbox 897 1222 1678 1258">
    <p class='ocr_par' dir='ltr' id='par_1_53' title="bbox 897 1222 1678 1258">
     <span class='ocr_line' id='line_1_53' title="bbox 897 1222 1678 1258; baseline 0.003 -8"><span class='ocrx_word' id='word_1_312' title='bbox 897 1223 986 1250; x_wconf 86' lang='lat' dir='ltr'><strong>versui</strong></span> <span class='ocrx_word' id='word_1_313' title='bbox 1006 1224 1139 1257; x_wconf 86' lang='lat' dir='ltr'><strong>ascripta,</strong></span> <span class='ocrx_word' id='word_1_314' title='bbox 1157 1230 1217 1258; x_wconf 62' lang='lat' dir='ltr'><strong>quae</strong></span> <span class='ocrx_word' id='word_1_315' title='bbox 1247 1223 1347 1250; x_wconf 88' lang='lat' dir='ltr'><strong>dicitur</strong></span> <span class='ocrx_word' id='word_1_316' title='bbox 1374 1222 1467 1254; x_wconf 82' lang='lat' dir='ltr'><strong>Cheth.</strong></span> <span class='ocrx_word' id='word_1_317' title='bbox 1485 1223 1678 1258; x_wconf 83' lang='lat' dir='ltr'><strong>interpretatur</strong></span> 
     </span>
    </p>
   </div>
   <div class='ocr_carea' id='block_1_54' title="bbox 897 1267 1678 1303">
    <p class='ocr_par' dir='ltr' id='par_1_54' title="bbox 897 1267 1678 1303">
     <span class='ocr_line' id='line_1_54' title="bbox 897 1267 1678 1303; baseline 0.001 -9"><span class='ocrx_word' id='word_1_318' title='bbox 897 1273 988 1302; x_wconf 75' lang='lat' dir='ltr'><strong>stupor</strong></span> <span class='ocrx_word' id='word_1_319' title='bbox 1004 1275 1013 1293; x_wconf 69' lang='grc' dir='ltr'><strong>ι</strong></span> <span class='ocrx_word' id='word_1_320' title='bbox 1026 1272 1121 1302; x_wconf 92' lang='lat' dir='ltr'><strong>stupor</strong></span> <span class='ocrx_word' id='word_1_321' title='bbox 1134 1268 1205 1294; x_wconf 88' lang='lat' dir='ltr'><strong>enim</strong></span> <span class='ocrx_word' id='word_1_322' title='bbox 1221 1267 1333 1300; x_wconf 82' lang='lat' dir='ltr'><strong>habuit,</strong></span> <span class='ocrx_word' id='word_1_323' title='bbox 1348 1271 1375 1294; x_wconf 91' lang='lat' dir='ltr'><strong>et</strong></span> <span class='ocrx_word' id='word_1_324' title='bbox 1395 1268 1475 1294; x_wconf 85' lang='lat' dir='ltr'><strong>habet</strong></span> <span class='ocrx_word' id='word_1_325' title='bbox 1488 1275 1593 1302; x_wconf 87' lang='lat' dir='ltr'><strong>omnes,</strong></span> <span class='ocrx_word' id='word_1_326' title='bbox 1606 1269 1678 1303; x_wconf 82' lang='lat' dir='ltr'><strong>quod</strong></span> 
     </span>
    </p>
   </div>
   <div class='ocr_carea' id='block_1_55' title="bbox 897 1313 1676 1347">
    <p class='ocr_par' dir='ltr' id='par_1_55' title="bbox 897 1313 1676 1347">
     <span class='ocr_line' id='line_1_55' title="bbox 897 1313 1676 1347; baseline 0.003 -7"><span class='ocrx_word' id='word_1_327' title='bbox 897 1313 968 1341; x_wconf 85' lang='lat' dir='ltr'><strong>Deus</strong></span> <span class='ocrx_word' id='word_1_328' title='bbox 986 1318 1048 1347; x_wconf 87' lang='lat' dir='ltr'><strong>est,</strong></span> <span class='ocrx_word' id='word_1_329' title='bbox 1068 1318 1094 1341; x_wconf 90' lang='lat' dir='ltr'><strong>et</strong></span> <span class='ocrx_word' id='word_1_330' title='bbox 1113 1321 1175 1341; x_wconf 89' lang='lat' dir='ltr'><strong>cum</strong></span> <span class='ocrx_word' id='word_1_331' title='bbox 1196 1313 1351 1341; x_wconf 88' lang='lat' dir='ltr'><strong>hominibus</strong></span> <span class='ocrx_word' id='word_1_332' title='bbox 1365 1313 1393 1340; x_wconf 91' lang='lat' dir='ltr'><strong>in</strong></span> <span class='ocrx_word' id='word_1_333' title='bbox 1409 1317 1481 1341; x_wconf 88' lang='lat' dir='ltr'><strong>terra</strong></span> <span class='ocrx_word' id='word_1_334' title='bbox 1497 1318 1676 1342; x_wconf 82' lang='lat' dir='ltr'><strong>conversatus</strong></span> 
     </span>
    </p>
   </div>
   <div class='ocr_carea' id='block_1_56' title="bbox 896 1364 947 1387">
    <p class='ocr_par' dir='ltr' id='par_1_56' title="bbox 896 1364 947 1387">
     <span class='ocr_line' id='line_1_56' title="bbox 896 1364 947 1387; baseline -0.02 0"><span class='ocrx_word' id='word_1_335' title='bbox 896 1364 947 1387; x_wconf 88' lang='lat' dir='ltr'><strong>est.</strong></span> 
     </span>
    </p>
   </div>
   <div class='ocr_carea' id='block_1_57' title="bbox 931 1405 1680 1442">
    <p class='ocr_par' dir='ltr' id='par_1_57' title="bbox 931 1405 1680 1442">
     <span class='ocr_line' id='line_1_57' title="bbox 931 1405 1680 1442; baseline 0.004 -10"><span class='ocrx_word' id='word_1_336' title='bbox 931 1406 975 1437; x_wconf 82' lang='lat'><strong>1&#39;1,</strong></span> <span class='ocrx_word' id='word_1_337' title='bbox 997 1405 1039 1433; x_wconf 87' lang='lat'><strong>18.</strong></span> <span class='ocrx_word' id='word_1_338' title='bbox 1061 1405 1099 1433; x_wconf 83' lang='lat' dir='ltr'><strong>Ex</strong></span> <span class='ocrx_word' id='word_1_339' title='bbox 1120 1406 1154 1434; x_wconf 90' lang='lat' dir='ltr'><strong>iis</strong></span> <span class='ocrx_word' id='word_1_340' title='bbox 1173 1413 1234 1442; x_wconf 64' lang='lat' dir='ltr'><strong>quae</strong></span> <span class='ocrx_word' id='word_1_341' title='bbox 1252 1413 1302 1442; x_wconf 90' lang='lat' dir='ltr'><strong>pro</strong></span> <span class='ocrx_word' id='word_1_342' title='bbox 1315 1406 1393 1434; x_wconf 86' lang='lat' dir='ltr'><strong>nobis</strong></span> <span class='ocrx_word' id='word_1_343' title='bbox 1412 1414 1510 1441; x_wconf 89' lang='lat' dir='ltr'><strong>passus</strong></span> <span class='ocrx_word' id='word_1_344' title='bbox 1525 1410 1577 1440; x_wconf 86' lang='lat' dir='ltr'><strong>est,</strong></span> <span class='ocrx_word' id='word_1_345' title='bbox 1591 1412 1680 1436; x_wconf 63' lang='lat' dir='ltr'><strong>osten-</strong></span> 
     </span>
    </p>
   </div>
   <div class='ocr_carea' id='block_1_58' title="bbox 896 1451 980 1480">
    <p class='ocr_par' dir='ltr' id='par_1_58' title="bbox 896 1451 980 1480">
     <span class='ocr_line' id='line_1_58' title="bbox 896 1451 980 1480; baseline 0.024 -2"><span class='ocrx_word' id='word_1_346' title='bbox 896 1451 980 1480; x_wconf 91' lang='lat' dir='ltr'><strong>ditur.</strong></span> 
     </span>
    </p>
   </div>
   <div class='ocr_carea' id='block_1_59' title="bbox 931 1497 1582 1533">
    <p class='ocr_par' dir='ltr' id='par_1_59' title="bbox 931 1497 1582 1533">
     <span class='ocr_line' id='line_1_59' title="bbox 931 1497 1582 1533; baseline 0.003 -9"><span class='ocrx_word' id='word_1_347' title='bbox 931 1497 974 1524; x_wconf 90' lang='lat'><strong>19.</strong></span> <span class='ocrx_word' id='word_1_348' title='bbox 995 1497 1087 1526; x_wconf 88' lang='lat' dir='ltr'><strong>Bonus</strong></span> <span class='ocrx_word' id='word_1_349' title='bbox 1104 1497 1234 1525; x_wconf 85' lang='lat' dir='ltr'><strong>Dominus</strong></span> <span class='ocrx_word' id='word_1_350' title='bbox 1249 1505 1312 1533; x_wconf 78' lang='lat' dir='ltr'><strong>erga</strong></span> <span class='ocrx_word' id='word_1_351' title='bbox 1330 1505 1426 1526; x_wconf 89' lang='lat' dir='ltr'><strong>omnes</strong></span> <span class='ocrx_word' id='word_1_352' title='bbox 1446 1497 1582 1526; x_wconf 87' lang='lat' dir='ltr'><strong>homines.</strong></span> 
     </span>
    </p>
   </div>
   <div class='ocr_carea' id='block_1_60' title="bbox 930 1542 1680 1578">
    <p class='ocr_par' dir='ltr' id='par_1_60' title="bbox 930 1542 1680 1578">
     <span class='ocr_line' id='line_1_60' title="bbox 930 1542 1680 1578; baseline 0 -8"><span class='ocrx_word' id='word_1_353' title='bbox 930 1543 976 1571; x_wconf 85' lang='lat'><strong>20.</strong></span> <span class='ocrx_word' id='word_1_354' title='bbox 994 1544 1027 1570; x_wconf 87' lang='lat' dir='ltr'><strong>Et</strong></span> <span class='ocrx_word' id='word_1_355' title='bbox 1045 1543 1234 1570; x_wconf 88' lang='lat' dir='ltr'><strong>miserationes</strong></span> <span class='ocrx_word' id='word_1_356' title='bbox 1262 1543 1320 1577; x_wconf 91' lang='lat' dir='ltr'><strong>ejus</strong></span> <span class='ocrx_word' id='word_1_357' title='bbox 1348 1550 1426 1578; x_wconf 80' lang='lat' dir='ltr'><strong>super</strong></span> <span class='ocrx_word' id='word_1_358' title='bbox 1457 1550 1566 1570; x_wconf 88' lang='lat' dir='ltr'><strong>omnem</strong></span> <span class='ocrx_word' id='word_1_359' title='bbox 1591 1542 1680 1570; x_wconf 79' lang='lat' dir='ltr'><strong>homi-</strong></span> 
     </span>
    </p>
   </div>
   <div class='ocr_carea' id='block_1_61' title="bbox 897 1595 968 1615">
    <p class='ocr_par' dir='ltr' id='par_1_61' title="bbox 897 1595 968 1615">
     <span class='ocr_line' id='line_1_61' title="bbox 897 1595 968 1615; baseline 0.014 -1"><span class='ocrx_word' id='word_1_360' title='bbox 897 1595 968 1615; x_wconf 87' lang='lat' dir='ltr'><strong>nem.</strong></span> 
     </span>
    </p>
   </div>
   <div class='ocr_carea' id='block_1_62' title="bbox 930 1636 1678 1671">
    <p class='ocr_par' dir='ltr' id='par_1_62' title="bbox 930 1636 1678 1671">
     <span class='ocr_line' id='line_1_62' title="bbox 930 1636 1678 1671; baseline -0.001 -7"><span class='ocrx_word' id='word_1_361' title='bbox 930 1638 974 1664; x_wconf 78' lang='lat'><strong>21.</strong></span> <span class='ocrx_word' id='word_1_362' title='bbox 993 1637 1197 1665; x_wconf 85' lang='lat' dir='ltr'><strong>Conﬁtehuntur</strong></span> <span class='ocrx_word' id='word_1_363' title='bbox 1221 1643 1316 1663; x_wconf 89' lang='lat' dir='ltr'><strong>omnes</strong></span> <span class='ocrx_word' id='word_1_364' title='bbox 1335 1636 1478 1668; x_wconf 90' lang='lat' dir='ltr'><strong>homines,</strong></span> <span class='ocrx_word' id='word_1_365' title='bbox 1500 1636 1628 1671; x_wconf 86' lang='lat' dir='ltr'><strong>quoniam</strong></span> <span class='ocrx_word' id='word_1_366' title='bbox 1649 1641 1678 1663; x_wconf 87' lang='lat' dir='ltr'><strong>tu</strong></span> 
     </span>
    </p>
   </div>
   <div class='ocr_carea' id='block_1_63' title="bbox 897 1682 1681 1716">
    <p class='ocr_par' dir='ltr' id='par_1_63' title="bbox 897 1682 1681 1716">
     <span class='ocr_line' id='line_1_63' title="bbox 897 1682 1681 1716; baseline -0.003 -6"><span class='ocrx_word' id='word_1_367' title='bbox 897 1691 925 1711; x_wconf 87' lang='lat' dir='ltr'><strong>es</strong></span> <span class='ocrx_word' id='word_1_368' title='bbox 944 1683 1097 1710; x_wconf 86' lang='lat' dir='ltr'><strong>dominator</strong></span> <span class='ocrx_word' id='word_1_369' title='bbox 1114 1684 1252 1714; x_wconf 88' lang='lat' dir='ltr'><strong>omnium;</strong></span> <span class='ocrx_word' id='word_1_370' title='bbox 1278 1682 1329 1709; x_wconf 88' lang='lat' dir='ltr'><strong>hoc</strong></span> <span class='ocrx_word' id='word_1_371' title='bbox 1361 1682 1432 1709; x_wconf 89' lang='lat' dir='ltr'><strong>enim</strong></span> <span class='ocrx_word' id='word_1_372' title='bbox 1467 1682 1601 1716; x_wconf 73' lang='lat' dir='ltr'><strong>signiﬁcat</strong></span> <span class='ocrx_word' id='word_1_373' title='bbox 1631 1690 1681 1709; x_wconf 89' lang='lat' dir='ltr'><strong>no-</strong></span> 
     </span>
    </p>
   </div>
   <div class='ocr_carea' id='block_1_64' title="bbox 897 1727 1681 1763">
    <p class='ocr_par' dir='ltr' id='par_1_64' title="bbox 897 1727 1681 1763">
     <span class='ocr_line' id='line_1_64' title="bbox 897 1727 1681 1763; baseline -0.004 -7"><span class='ocrx_word' id='word_1_374' title='bbox 897 1736 959 1756; x_wconf 90' lang='lat' dir='ltr'><strong>men</strong></span> <span class='ocrx_word' id='word_1_375' title='bbox 975 1728 1039 1756; x_wconf 82' lang='lat' dir='ltr'><strong>Joth</strong></span> <span class='ocrx_word' id='word_1_376' title='bbox 1056 1729 1146 1756; x_wconf 86' lang='lat' dir='ltr'><strong>versui</strong></span> <span class='ocrx_word' id='word_1_377' title='bbox 1161 1727 1319 1763; x_wconf 86' lang='lat' dir='ltr'><strong>ascriptum,</strong></span> <span class='ocrx_word' id='word_1_378' title='bbox 1340 1727 1412 1762; x_wconf 89' lang='lat' dir='ltr'><strong>quod</strong></span> <span class='ocrx_word' id='word_1_379' title='bbox 1427 1727 1621 1761; x_wconf 85' lang='lat' dir='ltr'><strong>interpretatur</strong></span> <span class='ocrx_word' id='word_1_380' title='bbox 1632 1728 1681 1753; x_wconf 88' lang='lat' dir='ltr'><strong>do-</strong></span> 
     </span>
    </p>
   </div>
   <div class='ocr_carea' id='block_1_65' title="bbox 898 1783 1013 1802">
    <p class='ocr_par' dir='ltr' id='par_1_65' title="bbox 898 1783 1013 1802">
     <span class='ocr_line' id='line_1_65' title="bbox 898 1783 1013 1802; baseline 0 -1"><span class='ocrx_word' id='word_1_381' title='bbox 898 1783 1013 1802; x_wconf 75' lang='lat' dir='ltr'><strong>mtuam.</strong></span> 
     </span>
    </p>
   </div>
   <div class='ocr_carea' id='block_1_66' title="bbox 100 1808 860 1854">
    <p class='ocr_par' dir='ltr' id='par_1_66' title="bbox 100 1815 848 1851">
     <span class='ocr_line' id='line_1_66' title="bbox 100 1815 848 1851; baseline 0 -8"><span class='ocrx_word' id='word_1_382' title='bbox 100 1816 146 1843; x_wconf 66' lang='lat'><strong>$2.</strong></span> <span class='ocrx_word' id='word_1_383' title='bbox 165 1815 217 1842; x_wconf 76' lang='grc' dir='ltr'><strong>Καὶ</strong></span> <span class='ocrx_word' id='word_1_384' title='bbox 233 1817 257 1842; x_wconf 78' lang='grc' dir='ltr'>οἱ</span> <span class='ocrx_word' id='word_1_385' title='bbox 272 1816 310 1851; x_wconf 87' lang='grc' dir='ltr'>τῷ</span> <span class='ocrx_word' id='word_1_386' title='bbox 330 1815 464 1851; x_wconf 85' lang='grc' dir='ltr'>πνεύματι</span> <span class='ocrx_word' id='word_1_387' title='bbox 479 1815 588 1849; x_wconf 79' lang='grc' dir='ltr'>ζῶντες,</span> <span class='ocrx_word' id='word_1_388' title='bbox 608 1815 654 1842; x_wconf 82' lang='grc' dir='ltr'><strong>καὶ</strong></span> <span class='ocrx_word' id='word_1_389' title='bbox 676 1815 714 1850; x_wconf 75' lang='lat'><strong>(5)</strong></span> <span class='ocrx_word' id='word_1_390' title='bbox 734 1815 848 1843; x_wconf 82' lang='grc' dir='ltr'>κοπιῶν-</span> 
     </span>
    </p>
   </div>
   <div class='ocr_carea' id='block_1_67' title="bbox 913 1808 1680 1854">
    <p class='ocr_par' dir='ltr' id='par_1_67' title="bbox 933 1817 1680 1854">
     <span class='ocr_line' id='line_1_67' title="bbox 933 1817 1680 1854; baseline -0.004 -7"><span class='ocrx_word' id='word_1_391' title='bbox 933 1820 978 1847; x_wconf 72' lang='lat'><strong>22.</strong></span> <span class='ocrx_word' id='word_1_392' title='bbox 997 1820 1029 1847; x_wconf 85' lang='lat' dir='ltr'><strong>Et</strong></span> <span class='ocrx_word' id='word_1_393' title='bbox 1050 1819 1144 1854; x_wconf 89' lang='lat' dir='ltr'><strong>spiritu</strong></span> <span class='ocrx_word' id='word_1_394' title='bbox 1163 1819 1299 1851; x_wconf 87' lang='lat' dir='ltr'><strong>viventes,</strong></span> <span class='ocrx_word' id='word_1_395' title='bbox 1319 1823 1346 1846; x_wconf 83' lang='lat' dir='ltr'><strong>et</strong></span> <span class='ocrx_word' id='word_1_396' title='bbox 1365 1818 1520 1845; x_wconf 85' lang='lat' dir='ltr'><strong>laborantes</strong></span> <span class='ocrx_word' id='word_1_397' title='bbox 1538 1817 1564 1845; x_wconf 91' lang='lat' dir='ltr'><strong>in</strong></span> <span class='ocrx_word' id='word_1_398' title='bbox 1588 1817 1680 1852; x_wconf 90' lang='lat' dir='ltr'><strong>operi-</strong></span> 
     </span>
    </p>
   </div>
   <div class='ocr_carea' id='block_1_68' title="bbox 63 1861 848 1898">
    <p class='ocr_par' dir='ltr' id='par_1_68' title="bbox 63 1861 848 1898">
     <span class='ocr_line' id='line_1_68' title="bbox 63 1861 848 1898; baseline -0.001 -9"><span class='ocrx_word' id='word_1_399' title='bbox 63 1871 111 1894; x_wconf 81' lang='grc' dir='ltr'><strong>τες</strong></span> <span class='ocrx_word' id='word_1_400' title='bbox 129 1863 159 1889; x_wconf 78' lang='grc' dir='ltr'>ὲν</span> <span class='ocrx_word' id='word_1_401' title='bbox 173 1863 228 1894; x_wconf 84' lang='grc' dir='ltr'>τοῖς</span> <span class='ocrx_word' id='word_1_402' title='bbox 241 1862 331 1898; x_wconf 80' lang='grc' dir='ltr'>ἔργοις</span> <span class='ocrx_word' id='word_1_403' title='bbox 345 1862 394 1898; x_wconf 83' lang='grc' dir='ltr'>τῆς</span> <span class='ocrx_word' id='word_1_404' title='bbox 414 1862 584 1897; x_wconf 83' lang='grc' dir='ltr'>δικαιοσύνης</span> <span class='ocrx_word' id='word_1_405' title='bbox 598 1861 737 1895; x_wconf 78' lang='grc' dir='ltr'>δοξάσουσί</span> <span class='ocrx_word' id='word_1_406' title='bbox 753 1870 791 1889; x_wconf 88' lang='grc' dir='ltr'>σε.</span> <span class='ocrx_word' id='word_1_407' title='bbox 811 1861 848 1888; x_wconf 78' lang='grc' dir='ltr'>Τὸ</span> 
     </span>
    </p>
   </div>
   <div class='ocr_carea' id='block_1_69' title="bbox 65 1906 846 1944">
    <p class='ocr_par' dir='ltr' id='par_1_69' title="bbox 65 1906 846 1944">
     <span class='ocr_line' id='line_1_69' title="bbox 65 1906 846 1944; baseline -0.001 -10"><span class='ocrx_word' id='word_1_408' title='bbox 65 1908 120 1941; x_wconf 77' lang='grc' dir='ltr'><strong>γὰρ</strong></span> <span class='ocrx_word' id='word_1_409' title='bbox 131 1907 170 1942; x_wconf 86' lang='grc' dir='ltr'>τῷ</span> <span class='ocrx_word' id='word_1_410' title='bbox 181 1907 263 1942; x_wconf 81' lang='grc' dir='ltr'>στίχῳ</span> <span class='ocrx_word' id='word_1_411' title='bbox 271 1908 472 1944; x_wconf 86' lang='grc' dir='ltr'>παρακείμενον</span> <span class='ocrx_word' id='word_1_412' title='bbox 483 1906 547 1942; x_wconf 76' lang='grc' dir='ltr'><strong>Χὰμ</strong></span> <span class='ocrx_word' id='word_1_413' title='bbox 557 1906 737 1942; x_wconf 77' lang='grc' dir='ltr'>ἑρμηνεύεται</span> <span class='ocrx_word' id='word_1_414' title='bbox 745 1907 846 1941; x_wconf 82' lang='grc' dir='ltr'>θέρμη,</span> 
     </span>
    </p>
   </div>
   <div class='ocr_carea' id='block_1_70' title="bbox 65 1952 846 1989">
    <p class='ocr_par' dir='ltr' id='par_1_70' title="bbox 65 1952 846 1989">
     <span class='ocr_line' id='line_1_70' title="bbox 65 1952 846 1989; baseline -0.003 -9"><span class='ocrx_word' id='word_1_415' title='bbox 65 1955 113 1980; x_wconf 76' lang='grc' dir='ltr'><strong>καὶ</strong></span> <span class='ocrx_word' id='word_1_416' title='bbox 128 1953 230 1989; x_wconf 83' lang='grc' dir='ltr'>[κόπον</span> <span class='ocrx_word' id='word_1_417' title='bbox 241 1953 251 1989; x_wconf 95' lang='grc'>]</span> <span class='ocrx_word' id='word_1_418' title='bbox 264 1954 348 1989; x_wconf 81' lang='grc' dir='ltr'>ὅμως,</span> <span class='ocrx_word' id='word_1_419' title='bbox 365 1953 486 1980; x_wconf 81' lang='grc' dir='ltr'>τουτέστι</span> <span class='ocrx_word' id='word_1_420' title='bbox 498 1953 528 1980; x_wconf 82' lang='grc' dir='ltr'>τὸ</span> <span class='ocrx_word' id='word_1_421' title='bbox 541 1953 640 1988; x_wconf 82' lang='grc' dir='ltr'>θερμὸν</span> <span class='ocrx_word' id='word_1_422' title='bbox 658 1953 707 1987; x_wconf 82' lang='grc' dir='ltr'>τῆς</span> <span class='ocrx_word' id='word_1_423' title='bbox 720 1952 846 1985; x_wconf 79' lang='grc' dir='ltr'>πίστεως,</span> 
     </span>
    </p>
   </div>
   <div class='ocr_carea' id='block_1_71' title="bbox 64 1998 637 2034">
    <p class='ocr_par' dir='ltr' id='par_1_71' title="bbox 64 1998 637 2034">
     <span class='ocr_line' id='line_1_71' title="bbox 64 1998 637 2034; baseline -0.002 -8"><span class='ocrx_word' id='word_1_424' title='bbox 64 2000 113 2027; x_wconf 75' lang='grc' dir='ltr'><strong>καὶ</strong></span> <span class='ocrx_word' id='word_1_425' title='bbox 127 2000 254 2026; x_wconf 73' lang='grc' dir='ltr'>ἐπίπονον</span> <span class='ocrx_word' id='word_1_426' title='bbox 263 2000 316 2026; x_wconf 85' lang='grc' dir='ltr'><strong>τῶν</strong></span> <span class='ocrx_word' id='word_1_427' title='bbox 328 2000 412 2034; x_wconf 83' lang='grc' dir='ltr'>ἁγίων</span> <span class='ocrx_word' id='word_1_428' title='bbox 425 1998 541 2026; x_wconf 76' lang='grc' dir='ltr'>ἐνταῦθα</span> <span class='ocrx_word' id='word_1_429' title='bbox 553 1999 637 2034; x_wconf 79' lang='grc' dir='ltr'>δηλοῖ.</span> 
     </span>
    </p>
   </div>
   <div class='ocr_carea' id='block_1_72' title="bbox 99 2042 849 2080">
    <p class='ocr_par' dir='ltr' id='par_1_72' title="bbox 99 2042 849 2080">
     <span class='ocr_line' id='line_1_72' title="bbox 99 2042 849 2080; baseline -0.003 -9"><span class='ocrx_word' id='word_1_430' title='bbox 99 2044 146 2077; x_wconf 74' lang='lat'><strong>25,</strong></span> <span class='ocrx_word' id='word_1_431' title='bbox 161 2044 204 2071; x_wconf 65' lang='grc' dir='ltr'>τι.</span> <span class='ocrx_word' id='word_1_432' title='bbox 223 2044 273 2071; x_wconf 81' lang='grc' dir='ltr'><strong>Καὶ</strong></span> <span class='ocrx_word' id='word_1_433' title='bbox 286 2045 335 2080; x_wconf 83' lang='grc' dir='ltr'>τὴν</span> <span class='ocrx_word' id='word_1_434' title='bbox 352 2044 459 2071; x_wconf 79' lang='grc' dir='ltr'>αἰώνιον</span> <span class='ocrx_word' id='word_1_435' title='bbox 475 2044 585 2070; x_wconf 83' lang='grc' dir='ltr'>κόλασιν</span> <span class='ocrx_word' id='word_1_436' title='bbox 601 2043 779 2078; x_wconf 86' lang='grc' dir='ltr'>ἀναγγελοῦσι</span> <span class='ocrx_word' id='word_1_437' title='bbox 791 2051 799 2059; x_wconf 87' lang='grc'>·</span> <span class='ocrx_word' id='word_1_438' title='bbox 818 2042 849 2069; x_wconf 82' lang='grc' dir='ltr'>τὸ</span> 
     </span>
    </p>
   </div>
   <div class='ocr_carea' id='block_1_73' title="bbox 65 2089 849 2125">
    <p class='ocr_par' dir='ltr' id='par_1_73' title="bbox 65 2089 849 2125">
     <span class='ocr_line' id='line_1_73' title="bbox 65 2089 849 2125; baseline -0.001 -9"><span class='ocrx_word' id='word_1_439' title='bbox 65 2090 120 2125; x_wconf 81' lang='grc' dir='ltr'>γὰρ</span> <span class='ocrx_word' id='word_1_440' title='bbox 147 2091 347 2125; x_wconf 82' lang='grc' dir='ltr'>παρακείμενον</span> <span class='ocrx_word' id='word_1_441' title='bbox 365 2089 443 2116; x_wconf 79' lang='grc' dir='ltr'>τοῦτο</span> <span class='ocrx_word' id='word_1_442' title='bbox 469 2089 544 2125; x_wconf 83' lang='grc' dir='ltr'>δηλοῖ</span> <span class='ocrx_word' id='word_1_443' title='bbox 563 2089 619 2125; x_wconf 74' lang='grc'><strong>(4),</strong></span> <span class='ocrx_word' id='word_1_444' title='bbox 646 2089 739 2124; x_wconf 76' lang='grc' dir='ltr'>ἐπειδὴ</span> <span class='ocrx_word' id='word_1_445' title='bbox 763 2089 849 2125; x_wconf 76' lang='grc' dir='ltr'>ἑρμη-</span> 
     </span>
    </p>
   </div>
   <div class='ocr_carea' id='block_1_74' title="bbox 66 2135 848 2172">
    <p class='ocr_par' dir='ltr' id='par_1_74' title="bbox 66 2135 848 2172">
     <span class='ocr_line' id='line_1_74' title="bbox 66 2135 848 2172; baseline -0.001 -10"><span class='ocrx_word' id='word_1_446' title='bbox 66 2135 174 2162; x_wconf 84' lang='grc' dir='ltr'>νεύεται</span> <span class='ocrx_word' id='word_1_447' title='bbox 187 2136 282 2170; x_wconf 82' lang='grc' dir='ltr'>Σαμὲς</span> <span class='ocrx_word' id='word_1_448' title='bbox 297 2135 425 2172; x_wconf 85' lang='grc' dir='ltr'><strong>[Λαμέδ]</strong></span> <span class='ocrx_word' id='word_1_449' title='bbox 440 2135 558 2169; x_wconf 81' lang='grc' dir='ltr'>ῥάϐδος,</span> <span class='ocrx_word' id='word_1_450' title='bbox 571 2135 691 2162; x_wconf 82' lang='grc' dir='ltr'>τουτέστι</span> <span class='ocrx_word' id='word_1_451' title='bbox 700 2135 848 2169; x_wconf 79' lang='grc' dir='ltr'>,ϐάσανος-</span> 
     </span>
    </p>
   </div>
   <div class='ocr_carea' id='block_1_75' title="bbox 99 2223 850 2259">
    <p class='ocr_par' dir='ltr' id='par_1_75' title="bbox 99 2223 850 2259">
     <span class='ocr_line' id='line_1_75' title="bbox 99 2223 850 2259; baseline -0.004 -7"><span class='ocrx_word' id='word_1_452' title='bbox 99 2224 147 2256; x_wconf 80' lang='grc'><strong>25,</strong></span> <span class='ocrx_word' id='word_1_453' title='bbox 168 2223 212 2251; x_wconf 78' lang='lat'><strong>26.</strong></span> <span class='ocrx_word' id='word_1_454' title='bbox 227 2223 264 2259; x_wconf 81' lang='lat'><strong>(5)</strong></span> <span class='ocrx_word' id='word_1_455' title='bbox 288 2223 342 2250; x_wconf 82' lang='grc' dir='ltr'><strong>Τοῦ</strong></span> <span class='ocrx_word' id='word_1_456' title='bbox 370 2224 489 2259; x_wconf 81' lang='grc' dir='ltr'>σημᾶναι</span> <span class='ocrx_word' id='word_1_457' title='bbox 513 2224 579 2250; x_wconf 79' lang='grc' dir='ltr'>πᾶσι</span> <span class='ocrx_word' id='word_1_458' title='bbox 609 2223 659 2259; x_wconf 84' lang='grc' dir='ltr'>τὴν</span> <span class='ocrx_word' id='word_1_459' title='bbox 686 2224 775 2259; x_wconf 84' lang='grc' dir='ltr'>κρίσιν</span> <span class='ocrx_word' id='word_1_460' title='bbox 802 2223 850 2258; x_wconf 79' lang='grc' dir='ltr'>τῆς</span> 
     </span>
    </p>
   </div>
   <div class='ocr_carea' id='block_1_76' title="bbox 67 2268 850 2306">
    <p class='ocr_par' dir='ltr' id='par_1_76' title="bbox 67 2268 850 2306">
     <span class='ocr_line' id='line_1_76' title="bbox 67 2268 850 2306; baseline -0.001 -9"><span class='ocrx_word' id='word_1_461' title='bbox 67 2269 217 2306; x_wconf 81' lang='grc' dir='ltr'>παρουσίας</span> <span class='ocrx_word' id='word_1_462' title='bbox 239 2278 296 2302; x_wconf 89' lang='grc' dir='ltr'>σου,</span> <span class='ocrx_word' id='word_1_463' title='bbox 321 2269 367 2297; x_wconf 76' lang='grc' dir='ltr'><strong>καὶ</strong></span> <span class='ocrx_word' id='word_1_464' title='bbox 388 2269 436 2305; x_wconf 82' lang='grc' dir='ltr'>τὴν</span> <span class='ocrx_word' id='word_1_465' title='bbox 462 2269 637 2296; x_wconf 83' lang='grc' dir='ltr'>ἀνταπόδοσιν</span> <span class='ocrx_word' id='word_1_466' title='bbox 656 2268 709 2295; x_wconf 82' lang='grc' dir='ltr'><strong>τῶν</strong></span> <span class='ocrx_word' id='word_1_467' title='bbox 735 2268 850 2296; x_wconf 81' lang='grc' dir='ltr'>αἰωνίων</span> 
     </span>
    </p>
   </div>
   <div class='ocr_carea' id='block_1_77' title="bbox 66 2315 472 2351">
    <p class='ocr_par' dir='ltr' id='par_1_77' title="bbox 66 2315 472 2351">
     <span class='ocr_line' id='line_1_77' title="bbox 66 2315 472 2351; baseline 0 -8"><span class='ocrx_word' id='word_1_468' title='bbox 66 2316 178 2350; x_wconf 79' lang='grc' dir='ltr'>ἀγαθῶν</span> <span class='ocrx_word' id='word_1_469' title='bbox 196 2317 223 2343; x_wconf 87' lang='grc' dir='ltr'>ὲν</span> <span class='ocrx_word' id='word_1_470' title='bbox 236 2317 268 2351; x_wconf 81' lang='grc' dir='ltr'>τῇ</span> <span class='ocrx_word' id='word_1_471' title='bbox 282 2315 404 2351; x_wconf 84' lang='grc' dir='ltr'>βασιλείᾳ</span> <span class='ocrx_word' id='word_1_472' title='bbox 417 2324 472 2343; x_wconf 87' lang='grc' dir='ltr'>σου.</span> 
     </span>
    </p>
   </div>
   <div class='ocr_carea' id='block_1_78' title="bbox 101 2360 381 2397">
    <p class='ocr_par' dir='ltr' id='par_1_78' title="bbox 101 2360 381 2397">
     <span class='ocr_line' id='line_1_78' title="bbox 101 2360 381 2397; baseline 0 -10"><span class='ocrx_word' id='word_1_473' title='bbox 101 2361 147 2388; x_wconf 83' lang='lat'><strong>27.</strong></span> <span class='ocrx_word' id='word_1_474' title='bbox 172 2360 361 2397; x_wconf 81' lang='grc' dir='ltr'>Ἀτελεύτητος</span> <span class='ocrx_word' id='word_1_475' title='bbox 373 2382 381 2394; x_wconf 81' lang='grc'><em>,</em></span> 
     </span>
    </p>
   </div>
   <div class='ocr_carea' id='block_1_79' title="bbox 103 2404 850 2441">
    <p class='ocr_par' dir='ltr' id='par_1_79' title="bbox 103 2404 850 2441">
     <span class='ocr_line' id='line_1_79' title="bbox 103 2404 850 2441; baseline -0.001 -7"><span class='ocrx_word' id='word_1_476' title='bbox 103 2406 147 2434; x_wconf 77' lang='lat'><strong>28.</strong></span> <span class='ocrx_word' id='word_1_477' title='bbox 169 2405 221 2433; x_wconf 79' lang='grc' dir='ltr'><strong>Καὶ</strong></span> <span class='ocrx_word' id='word_1_478' title='bbox 233 2407 279 2433; x_wconf 72' lang='grc' dir='ltr'><strong>ἐπὶ</strong></span> <span class='ocrx_word' id='word_1_479' title='bbox 290 2407 352 2438; x_wconf 82' lang='grc' dir='ltr'>τοὺς</span> <span class='ocrx_word' id='word_1_480' title='bbox 366 2406 563 2437; x_wconf 83' lang='grc' dir='ltr'>πιστεύσαντας</span> <span class='ocrx_word' id='word_1_481' title='bbox 575 2404 614 2440; x_wconf 80' lang='grc' dir='ltr'>τῷ</span> <span class='ocrx_word' id='word_1_482' title='bbox 627 2405 698 2440; x_wconf 86' lang='grc' dir='ltr'>λόγῳ</span> <span class='ocrx_word' id='word_1_483' title='bbox 707 2405 753 2432; x_wconf 79' lang='grc' dir='ltr'><strong>τοῦ</strong></span> <span class='ocrx_word' id='word_1_484' title='bbox 765 2405 850 2441; x_wconf 80' lang='grc' dir='ltr'>Εὐαγ-</span> 
     </span>
    </p>
   </div>
   <div class='ocr_carea' id='block_1_80' title="bbox 68 2451 649 2487">
    <p class='ocr_par' dir='ltr' id='par_1_80' title="bbox 68 2451 649 2487">
     <span class='ocr_line' id='line_1_80' title="bbox 68 2451 649 2487; baseline -0.003 -8"><span class='ocrx_word' id='word_1_485' title='bbox 68 2452 170 2487; x_wconf 83' lang='grc' dir='ltr'>γελίου,</span> <span class='ocrx_word' id='word_1_486' title='bbox 188 2452 236 2479; x_wconf 79' lang='grc' dir='ltr'><strong>καὶ</strong></span> <span class='ocrx_word' id='word_1_487' title='bbox 247 2453 293 2479; x_wconf 72' lang='grc' dir='ltr'>ἐπὶ</span> <span class='ocrx_word' id='word_1_488' title='bbox 305 2453 368 2485; x_wconf 80' lang='grc' dir='ltr'>τοὺς</span> <span class='ocrx_word' id='word_1_489' title='bbox 387 2453 424 2487; x_wconf 82' lang='grc' dir='ltr'>μὴ</span> <span class='ocrx_word' id='word_1_490' title='bbox 442 2451 649 2484; x_wconf 85' lang='grc' dir='ltr'>πιστεύσαντας.</span> 
     </span>
    </p>
   </div>
   <div class='ocr_carea' id='block_1_81' title="bbox 899 1863 1681 1900">
    <p class='ocr_par' dir='ltr' id='par_1_81' title="bbox 899 1863 1681 1900">
     <span class='ocr_line' id='line_1_81' title="bbox 899 1863 1681 1900; baseline -0.005 -7"><span class='ocrx_word' id='word_1_491' title='bbox 899 1866 951 1893; x_wconf 84' lang='lat' dir='ltr'><strong>bus</strong></span> <span class='ocrx_word' id='word_1_492' title='bbox 962 1865 1075 1900; x_wconf 74' lang='lat' dir='ltr'><strong>justitiae</strong></span> <span class='ocrx_word' id='word_1_493' title='bbox 1091 1865 1280 1900; x_wconf 78' lang='lat' dir='ltr'><strong>glorilicabunt</strong></span> <span class='ocrx_word' id='word_1_494' title='bbox 1294 1869 1328 1892; x_wconf 87' lang='lat' dir='ltr'><strong>te.</strong></span> <span class='ocrx_word' id='word_1_495' title='bbox 1343 1863 1411 1891; x_wconf 84' lang='lat' dir='ltr'><strong>Nam</strong></span> <span class='ocrx_word' id='word_1_496' title='bbox 1428 1863 1510 1891; x_wconf 76' lang='lat' dir='ltr'><strong>Citam</strong></span> <span class='ocrx_word' id='word_1_497' title='bbox 1523 1863 1614 1891; x_wconf 88' lang='lat' dir='ltr'><strong>versui</strong></span> <span class='ocrx_word' id='word_1_498' title='bbox 1633 1871 1681 1897; x_wconf 81' lang='lat' dir='ltr'><strong>ap-</strong></span> 
     </span>
    </p>
   </div>
   <div class='ocr_carea' id='block_1_82' title="bbox 900 1909 1680 1948">
    <p class='ocr_par' dir='ltr' id='par_1_82' title="bbox 900 1909 1680 1948">
     <span class='ocr_line' id='line_1_82' title="bbox 900 1909 1680 1948; baseline -0.004 -9"><span class='ocrx_word' id='word_1_499' title='bbox 900 1912 1019 1948; x_wconf 87' lang='lat' dir='ltr'><strong>positum</strong></span> <span class='ocrx_word' id='word_1_500' title='bbox 1041 1911 1234 1946; x_wconf 85' lang='lat' dir='ltr'><strong>interpretatur</strong></span> <span class='ocrx_word' id='word_1_501' title='bbox 1247 1910 1320 1938; x_wconf 79' lang='lat' dir='ltr'><strong>calor</strong></span> <span class='ocrx_word' id='word_1_502' title='bbox 1330 1915 1357 1938; x_wconf 91' lang='lat' dir='ltr'><strong>et</strong></span> <span class='ocrx_word' id='word_1_503' title='bbox 1372 1910 1456 1943; x_wconf 84' lang='lat' dir='ltr'><strong>labor,</strong></span> <span class='ocrx_word' id='word_1_504' title='bbox 1474 1910 1525 1937; x_wconf 91' lang='lat' dir='ltr'><strong>hoc</strong></span> <span class='ocrx_word' id='word_1_505' title='bbox 1541 1914 1591 1941; x_wconf 84' lang='lat' dir='ltr'><strong>est,</strong></span> <span class='ocrx_word' id='word_1_506' title='bbox 1607 1909 1680 1936; x_wconf 58' lang='lat' dir='ltr'><strong>caloa</strong></span> 
     </span>
    </p>
   </div>
   <div class='ocr_carea' id='block_1_83' title="bbox 898 1955 1681 1990">
    <p class='ocr_par' dir='ltr' id='par_1_83' title="bbox 898 1955 1681 1990">
     <span class='ocr_line' id='line_1_83' title="bbox 898 1955 1681 1990; baseline -0.003 -6"><span class='ocrx_word' id='word_1_507' title='bbox 898 1964 956 1984; x_wconf 87' lang='lat' dir='ltr'><strong>rem</strong></span> <span class='ocrx_word' id='word_1_508' title='bbox 975 1957 1056 1990; x_wconf 85' lang='lat' dir='ltr'><strong>ﬁdei,</strong></span> <span class='ocrx_word' id='word_1_509' title='bbox 1076 1960 1104 1984; x_wconf 87' lang='lat' dir='ltr'><strong>et</strong></span> <span class='ocrx_word' id='word_1_510' title='bbox 1125 1956 1243 1984; x_wconf 85' lang='lat' dir='ltr'><strong>laborem</strong></span> <span class='ocrx_word' id='word_1_511' title='bbox 1274 1960 1431 1984; x_wconf 81' lang='lat' dir='ltr'><strong>sanctarum</strong></span> <span class='ocrx_word' id='word_1_512' title='bbox 1453 1955 1480 1983; x_wconf 92' lang='lat' dir='ltr'><strong>in</strong></span> <span class='ocrx_word' id='word_1_513' title='bbox 1505 1955 1558 1983; x_wconf 89' lang='lat' dir='ltr'><strong>hoc</strong></span> <span class='ocrx_word' id='word_1_514' title='bbox 1578 1955 1681 1983; x_wconf 88' lang='lat' dir='ltr'><strong>mundo</strong></span> 
     </span>
    </p>
   </div>
   <div class='ocr_carea' id='block_1_84' title="bbox 896 2002 1039 2038">
    <p class='ocr_par' dir='ltr' id='par_1_84' title="bbox 896 2002 1039 2038">
     <span class='ocr_line' id='line_1_84' title="bbox 896 2002 1039 2038; baseline 0 -9"><span class='ocrx_word' id='word_1_515' title='bbox 896 2002 1039 2038; x_wconf 78' lang='lat' dir='ltr'><strong>signiﬁcat.</strong></span> 
     </span>
    </p>
   </div>
   <div class='ocr_carea' id='block_1_85' title="bbox 930 2047 1678 2083">
    <p class='ocr_par' dir='ltr' id='par_1_85' title="bbox 930 2047 1678 2083">
     <span class='ocr_line' id='line_1_85' title="bbox 930 2047 1678 2083; baseline -0.001 -8"><span class='ocrx_word' id='word_1_516' title='bbox 930 2048 977 2081; x_wconf 75' lang='lat'><strong>23,</strong></span> <span class='ocrx_word' id='word_1_517' title='bbox 997 2048 1042 2074; x_wconf 74' lang='lat'><strong>21.</strong></span> <span class='ocrx_word' id='word_1_518' title='bbox 1060 2048 1094 2075; x_wconf 88' lang='lat' dir='ltr'><strong>Et</strong></span> <span class='ocrx_word' id='word_1_519' title='bbox 1111 2052 1242 2075; x_wconf 60' lang='lat' dir='ltr'><strong>aeternum</strong></span> <span class='ocrx_word' id='word_1_520' title='bbox 1269 2048 1430 2083; x_wconf 88' lang='lat' dir='ltr'><strong>supplicium</strong></span> <span class='ocrx_word' id='word_1_521' title='bbox 1455 2047 1655 2074; x_wconf 80' lang='lat' dir='ltr'><strong>annuntiabunt</strong></span> <span class='ocrx_word' id='word_1_522' title='bbox 1671 2056 1678 2074; x_wconf 83' lang='lat'><strong>;</strong></span> 
     </span>
    </p>
   </div>
   <div class='ocr_carea' id='block_1_86' title="bbox 897 2093 1680 2129">
    <p class='ocr_par' dir='ltr' id='par_1_86' title="bbox 897 2093 1680 2129">
     <span class='ocr_line' id='line_1_86' title="bbox 897 2093 1680 2129; baseline 0.003 -9"><span class='ocrx_word' id='word_1_523' title='bbox 897 2101 995 2121; x_wconf 90' lang='lat' dir='ltr'><strong>nomen</strong></span> <span class='ocrx_word' id='word_1_524' title='bbox 1022 2094 1155 2128; x_wconf 88' lang='lat' dir='ltr'><strong>siquidem</strong></span> <span class='ocrx_word' id='word_1_525' title='bbox 1182 2094 1330 2129; x_wconf 86' lang='lat' dir='ltr'><strong>ascriptum</strong></span> <span class='ocrx_word' id='word_1_526' title='bbox 1358 2094 1409 2121; x_wconf 91' lang='lat' dir='ltr'><strong>hoc</strong></span> <span class='ocrx_word' id='word_1_527' title='bbox 1437 2093 1592 2128; x_wconf 86' lang='lat' dir='ltr'><strong>signiﬁcat,</strong></span> <span class='ocrx_word' id='word_1_528' title='bbox 1616 2093 1680 2127; x_wconf 86' lang='lat' dir='ltr'><strong>quia</strong></span> 
     </span>
    </p>
   </div>
   <div class='ocr_carea' id='block_1_87' title="bbox 898 2137 1681 2174">
    <p class='ocr_par' dir='ltr' id='par_1_87' title="bbox 898 2137 1681 2174">
     <span class='ocr_line' id='line_1_87' title="bbox 898 2137 1681 2174; baseline 0.003 -10"><span class='ocrx_word' id='word_1_529' title='bbox 898 2137 990 2166; x_wconf 76' lang='lat' dir='ltr'><strong>Suum</strong></span> <span class='ocrx_word' id='word_1_530' title='bbox 1010 2138 1132 2174; x_wconf 89' lang='lat' dir='ltr'><strong>[Lamed]</strong></span> <span class='ocrx_word' id='word_1_531' title='bbox 1150 2139 1341 2174; x_wconf 80' lang='lat' dir='ltr'><strong>interpretatur</strong></span> <span class='ocrx_word' id='word_1_532' title='bbox 1366 2139 1457 2174; x_wconf 67' lang='lat' dir='ltr'><strong>virga,</strong></span> <span class='ocrx_word' id='word_1_533' title='bbox 1488 2139 1540 2166; x_wconf 89' lang='lat' dir='ltr'><strong>hoc</strong></span> <span class='ocrx_word' id='word_1_534' title='bbox 1560 2143 1602 2166; x_wconf 89' lang='lat' dir='ltr'><strong>est</strong></span> <span class='ocrx_word' id='word_1_535' title='bbox 1622 2147 1681 2165; x_wconf 55' lang='lat' dir='ltr'><strong>cru.</strong></span> 
     </span>
    </p>
   </div>
   <div class='ocr_carea' id='block_1_88' title="bbox 898 2184 1006 2210">
    <p class='ocr_par' dir='ltr' id='par_1_88' title="bbox 898 2184 1006 2210">
     <span class='ocr_line' id='line_1_88' title="bbox 898 2184 1006 2210; baseline -0.009 0"><span class='ocrx_word' id='word_1_536' title='bbox 898 2184 983 2210; x_wconf 77' lang='lat' dir='ltr'><strong>cintus</strong></span> <span class='ocrx_word' id='word_1_537' title='bbox 998 2191 1006 2209; x_wconf 93' lang='lat'><strong><em>:</em></strong></span> 
     </span>
    </p>
   </div>
   <div class='ocr_carea' id='block_1_89' title="bbox 934 2225 1681 2262">
    <p class='ocr_par' dir='ltr' id='par_1_89' title="bbox 934 2225 1681 2262">
     <span class='ocr_line' id='line_1_89' title="bbox 934 2225 1681 2262; baseline 0.004 -10"><span class='ocrx_word' id='word_1_538' title='bbox 934 2226 979 2256; x_wconf 77' lang='lat'><strong>25.</strong></span> <span class='ocrx_word' id='word_1_539' title='bbox 994 2226 1038 2253; x_wconf 86' lang='lat'><strong>26.</strong></span> <span class='ocrx_word' id='word_1_540' title='bbox 1052 2225 1088 2253; x_wconf 88' lang='lat' dir='ltr'><strong>Ut</strong></span> <span class='ocrx_word' id='word_1_541' title='bbox 1113 2226 1265 2262; x_wconf 81' lang='lat' dir='ltr'><strong>signiﬁcent</strong></span> <span class='ocrx_word' id='word_1_542' title='bbox 1286 2227 1412 2255; x_wconf 84' lang='lat' dir='ltr'><strong>omnibus</strong></span> <span class='ocrx_word' id='word_1_543' title='bbox 1432 2227 1564 2262; x_wconf 91' lang='lat' dir='ltr'><strong>judicium</strong></span> <span class='ocrx_word' id='word_1_544' title='bbox 1581 2227 1681 2255; x_wconf 84' lang='lat' dir='ltr'><strong>adven-</strong></span> 
     </span>
    </p>
   </div>
   <div class='ocr_carea' id='block_1_90' title="bbox 899 2272 1681 2304">
    <p class='ocr_par' dir='ltr' id='par_1_90' title="bbox 899 2272 1681 2304">
     <span class='ocr_line' id='line_1_90' title="bbox 899 2272 1681 2304; baseline 0.001 -5"><span class='ocrx_word' id='word_1_545' title='bbox 899 2276 943 2299; x_wconf 91' lang='lat' dir='ltr'><strong>tus</strong></span> <span class='ocrx_word' id='word_1_546' title='bbox 959 2272 1017 2304; x_wconf 89' lang='lat' dir='ltr'><strong>tui,</strong></span> <span class='ocrx_word' id='word_1_547' title='bbox 1042 2277 1069 2299; x_wconf 91' lang='lat' dir='ltr'><strong>et</strong></span> <span class='ocrx_word' id='word_1_548' title='bbox 1092 2273 1296 2300; x_wconf 85' lang='lat' dir='ltr'><strong>retributionem</strong></span> <span class='ocrx_word' id='word_1_549' title='bbox 1319 2277 1482 2301; x_wconf 59' lang='lat' dir='ltr'><strong>aeternorum</strong></span> <span class='ocrx_word' id='word_1_550' title='bbox 1498 2273 1632 2300; x_wconf 87' lang='lat' dir='ltr'><strong>bonorum</strong></span> <span class='ocrx_word' id='word_1_551' title='bbox 1654 2273 1681 2300; x_wconf 91' lang='lat' dir='ltr'><strong>iu</strong></span> 
     </span>
    </p>
   </div>
   <div class='ocr_carea' id='block_1_91' title="bbox 899 2323 1054 2352">
    <p class='ocr_par' dir='ltr' id='par_1_91' title="bbox 899 2323 1054 2352">
     <span class='ocr_line' id='line_1_91' title="bbox 899 2323 1054 2352; baseline 0 -7"><span class='ocrx_word' id='word_1_552' title='bbox 899 2325 982 2352; x_wconf 78' lang='lat' dir='ltr'><strong>regno</strong></span> <span class='ocrx_word' id='word_1_553' title='bbox 998 2323 1054 2345; x_wconf 84' lang='lat' dir='ltr'><strong>tuo.</strong></span> 
     </span>
    </p>
   </div>
   <div class='ocr_carea' id='block_1_92' title="bbox 933 2361 1141 2394">
    <p class='ocr_par' dir='ltr' id='par_1_92' title="bbox 933 2361 1141 2394">
     <span class='ocr_line' id='line_1_92' title="bbox 933 2361 1141 2394; baseline 0.005 -5"><span class='ocrx_word' id='word_1_554' title='bbox 933 2362 977 2389; x_wconf 89' lang='lat'><strong>27.</strong></span> <span class='ocrx_word' id='word_1_555' title='bbox 994 2361 1057 2390; x_wconf 89' lang='lat' dir='ltr'><strong>Sine</strong></span> <span class='ocrx_word' id='word_1_556' title='bbox 1072 2364 1125 2390; x_wconf 85' lang='lat' dir='ltr'><strong>line</strong></span> <span class='ocrx_word' id='word_1_557' title='bbox 1134 2383 1141 2394; x_wconf 88' lang='lat'><strong>,</strong></span> 
     </span>
    </p>
   </div>
   <div class='ocr_carea' id='block_1_93' title="bbox 936 2403 1680 2444">
    <p class='ocr_par' dir='ltr' id='par_1_93' title="bbox 936 2403 1680 2444">
     <span class='ocr_line' id='line_1_93' title="bbox 936 2403 1680 2444; baseline 0.001 -11"><span class='ocrx_word' id='word_1_558' title='bbox 936 2406 981 2434; x_wconf 79' lang='lat'><strong>28.</strong></span> <span class='ocrx_word' id='word_1_559' title='bbox 1000 2407 1033 2434; x_wconf 86' lang='lat' dir='ltr'><strong>Et</strong></span> <span class='ocrx_word' id='word_1_560' title='bbox 1051 2415 1131 2442; x_wconf 85' lang='lat' dir='ltr'><strong>super</strong></span> <span class='ocrx_word' id='word_1_561' title='bbox 1155 2415 1250 2436; x_wconf 87' lang='lat' dir='ltr'><strong>omnes</strong></span> <span class='ocrx_word' id='word_1_562' title='bbox 1271 2408 1411 2437; x_wconf 85' lang='lat' dir='ltr'><strong>credentes</strong></span> <span class='ocrx_word' id='word_1_563' title='bbox 1428 2403 1511 2436; x_wconf 87' lang='lat' dir='ltr'><strong>vérbo</strong></span> <span class='ocrx_word' id='word_1_564' title='bbox 1532 2408 1680 2444; x_wconf 76' lang='lat' dir='ltr'><strong>Evangelii,</strong></span> 
     </span>
    </p>
   </div>
   <div class='ocr_carea' id='block_1_94' title="bbox 867 2455 1252 2488">
    <p class='ocr_par' dir='ltr' id='par_1_94' title="bbox 867 2455 1252 2488">
     <span class='ocr_line' id='line_1_94' title="bbox 867 2455 1252 2488; baseline 0.008 -9"><span class='ocrx_word' id='word_1_565' title='bbox 867 2460 889 2488; x_wconf 80' lang='grc' dir='ltr'><strong>ι)</strong></span> <span class='ocrx_word' id='word_1_566' title='bbox 901 2457 929 2480; x_wconf 86' lang='lat' dir='ltr'><strong>et</strong></span> <span class='ocrx_word' id='word_1_567' title='bbox 942 2460 1024 2488; x_wconf 86' lang='lat' dir='ltr'><strong>super</strong></span> <span class='ocrx_word' id='word_1_568' title='bbox 1035 2461 1088 2480; x_wconf 90' lang='lat' dir='ltr'><strong>non</strong></span> <span class='ocrx_word' id='word_1_569' title='bbox 1102 2455 1252 2482; x_wconf 85' lang='lat' dir='ltr'><strong>credentes.</strong></span> 
     </span>
    </p>
   </div>
   <div class='ocr_carea' id='block_1_95' title="bbox 525 2553 1201 2594">
    <p class='ocr_par' dir='ltr' id='par_1_95' title="bbox 525 2553 1201 2594">
     <span class='ocr_line' id='line_1_95' title="bbox 525 2553 1201 2594; baseline 0.001 -9"><span class='ocrx_word' id='word_1_570' title='bbox 525 2553 678 2585; x_wconf 82' lang='lat' dir='ltr'><strong>Addenda</strong></span> <span class='ocrx_word' id='word_1_571' title='bbox 703 2557 734 2585; x_wconf 88' lang='lat' dir='ltr'><strong>et</strong></span> <span class='ocrx_word' id='word_1_572' title='bbox 749 2554 935 2594; x_wconf 79' lang='lat' dir='ltr'><strong>corrigenda</strong></span> <span class='ocrx_word' id='word_1_573' title='bbox 951 2563 990 2585; x_wconf 84' lang='lat' dir='ltr'><strong>ex</strong></span> <span class='ocrx_word' id='word_1_574' title='bbox 1017 2555 1086 2586; x_wconf 88' lang='lat' dir='ltr'><strong>cod.</strong></span> <span class='ocrx_word' id='word_1_575' title='bbox 1101 2555 1201 2586; x_wconf 79' lang='lat' dir='ltr'><strong>Vatic.</strong></span> 
     </span>
    </p>
   </div>
   <div class='ocr_carea' id='block_1_96' title="bbox 105 2657 851 2700">
    <p class='ocr_par' dir='ltr' id='par_1_96' title="bbox 105 2657 851 2700">
     <span class='ocr_line' id='line_1_96' title="bbox 105 2657 851 2700; baseline -0.005 -13"><span class='ocrx_word' id='word_1_576' title='bbox 105 2660 143 2695; x_wconf 85' lang='lat'><strong>(1)</strong></span> <span class='ocrx_word' id='word_1_577' title='bbox 168 2657 396 2700; x_wconf 45' lang='grc' dir='ltr'>Ἀναστροῇῂῇ</span> <span class='ocrx_word' id='word_1_578' title='bbox 405 2657 597 2700; x_wconf 48' lang='grc' dir='ltr'><strong>ᾲνερτρςίιφης,3</strong></span> <span class='ocrx_word' id='word_1_579' title='bbox 626 2662 678 2685; x_wconf 88' lang='lat' dir='ltr'><strong>etc.</strong></span> <span class='ocrx_word' id='word_1_580' title='bbox 695 2657 851 2700; x_wconf 52' lang='grc' dir='ltr'>πολιτεύον-</span> 
     </span>
    </p>
   </div>
   <div class='ocr_carea' id='block_1_97' title="bbox 69 2668 849 2732">
    <p class='ocr_par' dir='ltr' id='par_1_97' title="bbox 69 2668 849 2732">
     <span class='ocr_line' id='line_1_97' title="bbox 105 2668 849 2719; baseline -0.005 -32"><span class='ocrx_word' id='word_1_581' title='bbox 105 2668 143 2695; x_wconf 86' lang='lat' dir='ltr'><strong>(l)</strong></span> <span class='ocrx_word' id='word_1_582' title='bbox 170 2668 297 2700; x_wconf 50' lang='grc' dir='ltr'>Ἀνασίτρο</span> <span class='ocrx_word' id='word_1_583' title='bbox 319 2668 351 2694; x_wconf 79' lang='grc' dir='ltr'><strong>ῃ,</strong></span> <span class='ocrx_word' id='word_1_584' title='bbox 372 2668 577 2719; x_wconf 54' lang='grc' dir='ltr'>ῖὲανεστραφης</span> <span class='ocrx_word' id='word_1_585' title='bbox 589 2678 597 2700; x_wconf 55' lang='grc'><strong><em>3</em></strong></span> <span class='ocrx_word' id='word_1_586' title='bbox 626 2668 678 2685; x_wconf 81' lang='lat' dir='ltr'><strong>etc.</strong></span> <span class='ocrx_word' id='word_1_587' title='bbox 698 2668 849 2684; x_wconf 78' lang='grc' dir='ltr'>πολιτευον-</span> 
     </span>
     <span class='ocr_line' id='line_1_98' title="bbox 69 2668 849 2732; baseline -0.006 -10"><span class='ocrx_word' id='word_1_588' title='bbox 69 2703 125 2732; x_wconf 63' lang='grc' dir='ltr'>ται.</span> <span class='ocrx_word' id='word_1_589' title='bbox 140 2699 205 2726; x_wconf 90' lang='lat' dir='ltr'><strong>etc.,</strong></span> <span class='ocrx_word' id='word_1_590' title='bbox 216 2668 344 2732; x_wconf 58' lang='grc' dir='ltr'>συλλαῑὴ,</span> <span class='ocrx_word' id='word_1_591' title='bbox 357 2694 374 2728; x_wconf 87' lang='grc' dir='ltr'>ἠ</span> <span class='ocrx_word' id='word_1_592' title='bbox 385 2694 425 2732; x_wconf 32' lang='grc' dir='ltr'>,ιὰ</span> <span class='ocrx_word' id='word_1_593' title='bbox 432 2702 479 2727; x_wconf 83' lang='grc' dir='ltr'><strong>της</strong></span> <span class='ocrx_word' id='word_1_594' title='bbox 482 2693 705 2732; x_wconf 48' lang='grc' dir='ltr'>μινναᾷαρεῳς.,ὴ</span> <span class='ocrx_word' id='word_1_595' title='bbox 717 2692 849 2732; x_wconf 63' lang='grc' dir='ltr'>λεγομένη</span> 
     </span>
    </p>
   </div>
   <div class='ocr_carea' id='block_1_98' title="bbox 71 2728 850 2764">
    <p class='ocr_par' dir='ltr' id='par_1_98' title="bbox 71 2728 850 2764">
     <span class='ocr_line' id='line_1_99' title="bbox 71 2728 850 2764; baseline -0.005 -7"><span class='ocrx_word' id='word_1_596' title='bbox 71 2731 136 2759; x_wconf 78' lang='grc' dir='ltr'><strong>Ἥθ,</strong></span> <span class='ocrx_word' id='word_1_597' title='bbox 153 2735 218 2761; x_wconf 83' lang='lat' dir='ltr'><strong>etc.,</strong></span> <span class='ocrx_word' id='word_1_598' title='bbox 230 2730 276 2756; x_wconf 84' lang='grc' dir='ltr'><strong>καὶ</strong></span> <span class='ocrx_word' id='word_1_599' title='bbox 284 2728 340 2764; x_wconf 73' lang='grc' dir='ltr'>ἔχει</span> <span class='ocrx_word' id='word_1_600' title='bbox 355 2729 469 2759; x_wconf 81' lang='grc' dir='ltr'>πάντας,</span> <span class='ocrx_word' id='word_1_601' title='bbox 481 2728 520 2754; x_wconf 82' lang='grc' dir='ltr'>ὅτι</span> <span class='ocrx_word' id='word_1_602' title='bbox 531 2728 596 2759; x_wconf 80' lang='grc' dir='ltr'>Θεὸς</span> <span class='ocrx_word' id='word_1_603' title='bbox 609 2728 655 2753; x_wconf 77' lang='grc' dir='ltr'>ἐπὶ</span> <span class='ocrx_word' id='word_1_604' title='bbox 664 2728 713 2762; x_wconf 81' lang='grc' dir='ltr'>τῆς</span> <span class='ocrx_word' id='word_1_605' title='bbox 729 2728 780 2762; x_wconf 84' lang='grc' dir='ltr'>γῆς</span> <span class='ocrx_word' id='word_1_606' title='bbox 794 2729 850 2758; x_wconf 83' lang='grc' dir='ltr'>τοῖς</span> 
     </span>
    </p>
   </div>
   <div class='ocr_carea' id='block_1_99' title="bbox 70 2764 465 2799">
    <p class='ocr_par' dir='ltr' id='par_1_99' title="bbox 70 2764 465 2799">
     <span class='ocr_line' id='line_1_100' title="bbox 70 2764 465 2799; baseline -0.008 -7"><span class='ocrx_word' id='word_1_607' title='bbox 70 2765 223 2799; x_wconf 78' lang='grc' dir='ltr'>ἀνθρώποις</span> <span class='ocrx_word' id='word_1_608' title='bbox 237 2764 465 2799; x_wconf 80' lang='grc' dir='ltr'>συνανεστράφης.</span> 
     </span>
    </p>
   </div>
   <div class='ocr_carea' id='block_1_100' title="bbox 105 2774 848 2835">
    <p class='ocr_par' dir='ltr' id='par_1_100' title="bbox 105 2774 848 2835">
     <span class='ocr_line' id='line_1_101' title="bbox 105 2774 465 2799; baseline -0.006 -8"><span class='ocrx_word' id='word_1_609' title='bbox 105 2774 119 2791; x_wconf 83' lang='grc' dir='ltr'>υ</span> <span class='ocrx_word' id='word_1_610' title='bbox 163 2774 223 2795; x_wconf 85' lang='grc' dir='ltr'>ποις</span> <span class='ocrx_word' id='word_1_611' title='bbox 237 2774 465 2799; x_wconf 81' lang='grc' dir='ltr'>συνανεστραφης.</span> 
     </span>
     <span class='ocr_line' id='line_1_102' title="bbox 105 2774 848 2835; baseline -0.005 -9"><span class='ocrx_word' id='word_1_612' title='bbox 105 2774 162 2835; x_wconf 47' lang='lat' dir='ltr'><strong>(2;)tu</strong></span> <span class='ocrx_word' id='word_1_613' title='bbox 162 2800 198 2826; x_wconf 85' lang='grc' dir='ltr'><strong>Τὸ</strong></span> <span class='ocrx_word' id='word_1_614' title='bbox 211 2799 254 2826; x_wconf 84' lang='grc' dir='ltr'><strong>διὰ</strong></span> <span class='ocrx_word' id='word_1_615' title='bbox 270 2798 320 2835; x_wconf 81' lang='grc' dir='ltr'>τῆς</span> <span class='ocrx_word' id='word_1_616' title='bbox 343 2798 525 2835; x_wconf 62' lang='grc' dir='ltr'>κινναβάρεως</span> <span class='ocrx_word' id='word_1_617' title='bbox 542 2805 581 2831; x_wconf 81' lang='grc' dir='ltr'><strong>τῳ</strong></span> <span class='ocrx_word' id='word_1_618' title='bbox 598 2796 690 2832; x_wconf 81' lang='grc' dir='ltr'>στίχῳ,</span> <span class='ocrx_word' id='word_1_619' title='bbox 704 2800 768 2829; x_wconf 85' lang='lat' dir='ltr'><strong>etc.,</strong></span> <span class='ocrx_word' id='word_1_620' title='bbox 778 2796 848 2823; x_wconf 82' lang='grc' dir='ltr'><strong>Ἰώθ-</strong></span> 
     </span>
    </p>
   </div>
   <div class='ocr_carea' id='block_1_101' title="bbox 72 2833 484 2871">
    <p class='ocr_par' dir='ltr' id='par_1_101' title="bbox 72 2833 484 2871">
     <span class='ocr_line' id='line_1_103' title="bbox 72 2833 484 2871; baseline -0.007 -10"><span class='ocrx_word' id='word_1_621' title='bbox 72 2833 250 2871; x_wconf 70' lang='grc' dir='ltr'>ιρμηνεύεται</span> <span class='ocrx_word' id='word_1_622' title='bbox 269 2834 324 2868; x_wconf 84' lang='grc' dir='ltr'><strong>γὰρ</strong></span> <span class='ocrx_word' id='word_1_623' title='bbox 340 2833 484 2871; x_wconf 53' lang='grc' dir='ltr'>κυριεύων.</span> 
     </span>
    </p>
   </div>
   <div class='ocr_carea' id='block_1_102' title="bbox 107 2865 848 2905">
    <p class='ocr_par' dir='ltr' id='par_1_102' title="bbox 107 2865 848 2905">
     <span class='ocr_line' id='line_1_104' title="bbox 107 2865 848 2905; baseline -0.007 -8"><span class='ocrx_word' id='word_1_624' title='bbox 107 2865 145 2905; x_wconf 70' lang='lat'><strong>(3)</strong></span> <span class='ocrx_word' id='word_1_625' title='bbox 172 2865 292 2903; x_wconf 77' lang='grc' dir='ltr'>Ζέοντες,</span> <span class='ocrx_word' id='word_1_626' title='bbox 307 2865 364 2901; x_wconf 56' lang='lat' dir='ltr'><strong>kat,</strong></span> <span class='ocrx_word' id='word_1_627' title='bbox 377 2865 430 2896; x_wconf 73' lang='lat' dir='ltr'><strong>etc.</strong></span> <span class='ocrx_word' id='word_1_628' title='bbox 441 2888 448 2902; x_wconf 96' lang='lat'><strong>,</strong></span> <span class='ocrx_word' id='word_1_629' title='bbox 466 2867 675 2903; x_wconf 73' lang='grc' dir='ltr'>παρακείμενον,</span> <span class='ocrx_word' id='word_1_630' title='bbox 691 2867 722 2893; x_wconf 79' lang='grc' dir='ltr'><strong>τὸ</strong></span> <span class='ocrx_word' id='word_1_631' title='bbox 735 2865 848 2901; x_wconf 76' lang='grc' dir='ltr'>λεγόμε-</span> 
     </span>
    </p>
   </div>
   <div class='ocr_carea' id='block_1_103' title="bbox 903 2657 1679 2703">
    <p class='ocr_par' dir='ltr' id='par_1_103' title="bbox 903 2657 1679 2703">
     <span class='ocr_line' id='line_1_105' title="bbox 903 2657 1679 2703; baseline 0.001 -18"><span class='ocrx_word' id='word_1_632' title='bbox 903 2659 1023 2703; x_wconf 55' lang='grc' dir='ltr'>νονΙΧὰμ</span> <span class='ocrx_word' id='word_1_633' title='bbox 1035 2660 1215 2695; x_wconf 76' lang='grc' dir='ltr'>ἑρμηνεύεται</span> <span class='ocrx_word' id='word_1_634' title='bbox 1224 2660 1322 2696; x_wconf 82' lang='grc' dir='ltr'>Θέρμη,</span> <span class='ocrx_word' id='word_1_635' title='bbox 1336 2661 1381 2686; x_wconf 74' lang='grc' dir='ltr'>καὶ</span> <span class='ocrx_word' id='word_1_636' title='bbox 1389 2660 1472 2694; x_wconf 82' lang='grc' dir='ltr'>ὅμως,</span> <span class='ocrx_word' id='word_1_637' title='bbox 1483 2662 1549 2690; x_wconf 81' lang='lat' dir='ltr'><strong>etc.;</strong></span> <span class='ocrx_word' id='word_1_638' title='bbox 1565 2658 1615 2693; x_wconf 77' lang='lat' dir='ltr'><strong>leg.</strong></span> <span class='ocrx_word' id='word_1_639' title='bbox 1626 2657 1679 2686; x_wconf 66' lang='grc' dir='ltr'>νίσίι</span> 
     </span>
    </p>
   </div>
   <div class='ocr_carea' id='block_1_104' title="bbox 900 2695 1683 2765">
    <p class='ocr_par' dir='ltr' id='par_1_104' title="bbox 900 2695 1683 2765">
     <span class='ocr_line' id='line_1_106' title="bbox 900 2695 1683 2765; baseline -0.001 -9"><span class='ocrx_word' id='word_1_640' title='bbox 900 2695 983 2763; x_wconf 44' lang='lat' dir='ltr'><strong>(alii).</strong></span> <span class='ocrx_word' id='word_1_641' title='bbox 991 2730 1027 2756; x_wconf 86' lang='grc' dir='ltr'>Τὸ</span> <span class='ocrx_word' id='word_1_642' title='bbox 1038 2729 1091 2765; x_wconf 88' lang='grc' dir='ltr'><strong>γὰρ</strong></span> <span class='ocrx_word' id='word_1_643' title='bbox 1113 2731 1152 2765; x_wconf 83' lang='grc' dir='ltr'>τῷ</span> <span class='ocrx_word' id='word_1_644' title='bbox 1171 2730 1253 2765; x_wconf 87' lang='grc' dir='ltr'>στίχῳ</span> <span class='ocrx_word' id='word_1_645' title='bbox 1274 2729 1472 2765; x_wconf 64' lang='grc' dir='ltr'>παρακείμενον</span> <span class='ocrx_word' id='word_1_646' title='bbox 1491 2728 1574 2762; x_wconf 77' lang='grc' dir='ltr'>ὗνομα</span> <span class='ocrx_word' id='word_1_647' title='bbox 1603 2728 1683 2755; x_wconf 78' lang='grc' dir='ltr'>τοῦτο</span> 
     </span>
    </p>
   </div>
   <div class='ocr_carea' id='block_1_105' title="bbox 900 2763 1574 2801">
    <p class='ocr_par' dir='ltr' id='par_1_105' title="bbox 900 2763 1574 2801">
     <span class='ocr_line' id='line_1_107' title="bbox 900 2763 1574 2801; baseline -0.001 -10"><span class='ocrx_word' id='word_1_648' title='bbox 900 2765 982 2800; x_wconf 82' lang='grc' dir='ltr'>δηλοῖ,</span> <span class='ocrx_word' id='word_1_649' title='bbox 993 2763 1057 2801; x_wconf 69' lang='lat' dir='ltr'><strong>etc.,</strong></span> <span class='ocrx_word' id='word_1_650' title='bbox 1076 2763 1255 2801; x_wconf 69' lang='grc' dir='ltr'>ἑρμηνεύεται</span> <span class='ocrx_word' id='word_1_651' title='bbox 1265 2765 1294 2791; x_wconf 84' lang='grc' dir='ltr'>τὸ</span> <span class='ocrx_word' id='word_1_652' title='bbox 1302 2764 1396 2801; x_wconf 20' lang='grc' dir='ltr'>Σαϐὲδᾷ</span> <span class='ocrx_word' id='word_1_653' title='bbox 1406 2763 1511 2801; x_wconf 61' lang='grc' dir='ltr'><strong>ράῆδος,</strong></span> <span class='ocrx_word' id='word_1_654' title='bbox 1523 2769 1574 2790; x_wconf 79' lang='lat' dir='ltr'><strong>etc.</strong></span> 
     </span>
    </p>
   </div>
   <div class='ocr_carea' id='block_1_106' title="bbox 936 2796 1679 2834">
    <p class='ocr_par' dir='ltr' id='par_1_106' title="bbox 936 2796 1679 2834">
     <span class='ocr_line' id='line_1_108' title="bbox 936 2796 1679 2834; baseline -0.001 -8"><span class='ocrx_word' id='word_1_655' title='bbox 936 2800 974 2833; x_wconf 86' lang='lat'><strong>(5)</strong></span> <span class='ocrx_word' id='word_1_656' title='bbox 998 2800 1030 2826; x_wconf 85' lang='lat' dir='ltr'><strong>N.</strong></span> <span class='ocrx_word' id='word_1_657' title='bbox 1051 2796 1182 2834; x_wconf 46' lang='lat'><strong>25;&quot;1‘65,</strong></span> <span class='ocrx_word' id='word_1_658' title='bbox 1208 2806 1274 2834; x_wconf 88' lang='lat' dir='ltr'><strong>etc.,</strong></span> <span class='ocrx_word' id='word_1_659' title='bbox 1297 2799 1346 2834; x_wconf 83' lang='grc' dir='ltr'>τῆς</span> <span class='ocrx_word' id='word_1_660' title='bbox 1369 2796 1492 2832; x_wconf 74' lang='grc' dir='ltr'>ἐξουσίας</span> <span class='ocrx_word' id='word_1_661' title='bbox 1510 2806 1566 2827; x_wconf 79' lang='grc' dir='ltr'>σου.</span> <span class='ocrx_word' id='word_1_662' title='bbox 1584 2797 1615 2825; x_wconf 81' lang='grc' dir='ltr'><strong>Ν.</strong></span> <span class='ocrx_word' id='word_1_663' title='bbox 1632 2796 1679 2833; x_wconf 66' lang='lat' dir='ltr'><strong>2G,</strong></span> 
     </span>
    </p>
   </div>
   <div class='ocr_carea' id='block_1_107' title="bbox 899 2835 1097 2870">
    <p class='ocr_par' dir='ltr' id='par_1_107' title="bbox 899 2835 1097 2870">
     <span class='ocr_line' id='line_1_109' title="bbox 899 2835 1097 2870; baseline 0.005 -8"><span class='ocrx_word' id='word_1_664' title='bbox 899 2835 952 2862; x_wconf 81' lang='lat' dir='ltr'><strong>Kal</strong></span> <span class='ocrx_word' id='word_1_665' title='bbox 968 2838 1026 2870; x_wconf 64' lang='grc' dir='ltr'><strong>τήνγ</strong></span> <span class='ocrx_word' id='word_1_666' title='bbox 1044 2840 1097 2863; x_wconf 83' lang='lat' dir='ltr'><strong>etc.</strong></span> 
     </span>
    </p>
   </div>
  </div>
