1930 3046
47 114 116 145 1353

615 114 826 144 FRAGMENTA
847 112 879 140 IN
899 113 1059 142 CANTICA.

1594 116 1604 142 l
1610 115 1662 144 375‘

45 171 94 200 καὶ
117 173 268 200 πλούσιον
289 173 442 208 ψεύστην·
459 174 535 210 ὁρᾶς,
552 175 592 201 ὅτι
616 176 724 211 μισητοὶ
746 175 828 205 ὅντως

886 180 965 207 quam
978 173 1064 200 odiosi
1079 173 1150 207 apud
1167 173 1311 201 Dominum
1325 181 1404 202 senes
1419 174 1475 201 illi?
1490 174 1558 202 Cum
1572 175 1663 212 itaque

45 219 119 255 παρὰ
135 219 174 255 τῷ
185 219 278 255 Κυρίῳ
299 220 396 247 ἐκεῖνοι
410 222 434 248 οἱ
451 221 592 256 γέροντεςς
616 222 659 248 ὅτε
682 220 728 248 οὖν
749 221 831 248 ἐπαν-

45 266 163 300 έστησαν
180 267 212 302 τῇ
232 267 353 302 μακαρίᾳ
366 268 512 304 Σουσὰννῃ,
530 268 641 304 μηδενὸς
665 269 831 303 ὑπάρχοντος

44 313 74 339 ὲν
92 313 131 348 τῷ
143 313 228 348 τόπῳ,
247 313 367 345 θέλοντες
384 314 432 349 τὴν
448 314 582 350 ρᾳθυμίαν
605 315 709 342 ἑαυτῶν
728 315 832 341 ἐκτελέα

46 367 101 389 σαι,
116 358 197 394 αὕτη.
214 358 471 395 συμϐουλευσαμένη
493 360 522 386 ὲν
534 361 616 396 ἑαυτῇ
639 360 677 395 τῷ
699 360 829 395 λογισμῷ,

45 405 200 440 εὐνούχισεν
216 405 314 441 ἑαυτὴν
329 405 372 432 διὰ
392 406 441 442 τὴν
466 405 601 441 βασιλείαν
622 407 676 433 τῶν
698 407 828 442 οὐρανῶν.

47 450 207 486 Ἄνθρωπος
224 451 274 486 μὲν
296 451 350 486 γὰρ
363 451 505 487 ἄνθρωπον
523 453 642 488 τηρῆσαι
660 453 690 480 οὐ
704 453 827 480 δύναται·

46 496 105 522 οὐδὲ
121 497 212 532 μήτηρ
227 496 364 532 Θυγατέρα
376 497 486 532 ἑαυτῆς,
500 498 561 524 οὐδὲ
577 497 704 533 παιδίσκη
721 499 829 534 κυρίαν.

46 540 93 568 ἐὰν
105 541 142 576 μὴ
156 542 170 567 ὁ
179 542 292 577 εὺσεῦὴς
305 542 433 578 λογισμὸς
445 543 530 577 φύλαξ
542 543 653 578 γένηται
666 543 712 570 τοῦ
728 544 832 580 ἀνθρώ-

46 596 108 615 που.
121 587 172 614 Διὰ
187 589 275 622 τοῦτο,
292 586 314 615 ὧ
330 590 405 624 ἄνερ,
418 589 576 624 εὐνουχίσας
593 591 704 617 σεαυτὸν
726 590 769 617 διὰ
782 592 832 626 τὴν

47 634 184 669 βασιλείαν
206 634 259 661 τῶν
279 635 411 670 οὐρανῶν,
428 635 475 662 καὶ
491 636 535 668 σὺ,
549 632 571 662 ὦ
585 636 674 670 γύναι,
691 636 730 663 ἔτι
746 638 831 671 ἀσφα-

45 679 173 716 λέστερον
188 680 307 716 νοήσασα
329 680 359 707 τὸ
381 681 471 716 ῥητὸν,
486 681 702 718 ὲπισκεψαμένη,
718 682 830 718 δοκίμα-

46 734 92 752 σον
119 725 233 761 σεαυτὴν
261 726 376 760 λέγουσα
398 726 641 761 τό·Ἒξεγέρθητι,
657 727 762 762 βοῤῥᾶ,
784 728 832 755 καὶ

45 772 148 806 ἔρχου,
159 772 226 799 νότε
239 780 245 786 ”
259 771 444 799 διάπνευσον
458 771 558 807 κῆπόν
569 782 639 808 μου,
660 774 709 801 καὶ
719 774 832 808 ῥευσεὶ⁴

45 825 148 844 τωσαν
163 817 299 852 ἀρώματά
320 818 456 852 μου.”οτε
472 818 526 855 γὰρ
548 819 649 854 Κύριος
671 819 716 846 καὶ
739 819 832 855 Σωτὴρ

45 863 125 898 ἡμῶν
150 862 318 898 ἐσταυρώθη,
331 863 375 890 ὅτε
399 864 414 887 ὁ
437 864 512 899 ἥλιος
534 865 690 898 ὲσκὸτασεν,
703 866 750 892 καὶ
764 866 780 900 ἡ
795 865 831 900 γῆ

45 909 159 941 ἐσείετο,
175 909 217 935 ὅτε
241 910 270 935 αἱ
296 909 392 945 πέτραι
417 910 563 945 ἐσχίζοντο,
588 911 634 937 καὶ
655 911 689 938 τὰ
714 913 832 946 μνημεῖα

45 954 200 988 ἀνοίγοντι)⁸
217 954 297 988 φόϐος
312 955 415 990 συνεῖχε
433 955 492 981 τότε
513 956 575 986 τοὺς
596 955 727 991 μαθητὰς,
743 956 780 991 μὴ
797 957 834 982 εζ-

45 1001 126 1032 δότας
139 1001 168 1027 τό
179 1009 184 1015 ⁸
200 1000 323 1032 Πατάξω
333 1001 387 1027 τὸν
399 1000 534 1035 ποιμένα,
546 1002 593 1028 καὶ
606 1001 833 1036 διασκορπισθή-

45 1055 152 1074 σονται
165 1047 202 1074 τὰ
218 1047 348 1081 πρόϐατα
369 1046 422 1080 τῆς
442 1047 585 1081 ποίμνηςυ
598 1047 656 1074 τότε
674 1048 698 1074 oi
714 1047 833 1083 μαθηταὶ

44 1093 88 1120 διὰ
104 1093 151 1119 τὸν
173 1092 254 1127 φόϐον
276 1092 329 1120 τῶν
349 1093 482 1119 Ἰουδαίων
505 1093 673 1129 ὁμοθυμαδὸν
696 1092 766 1130 ἦσαν
793 1095 832 1126 εἰς

45 1139 152 1165 κέλλιον
165 1138 355 1173 κρυπτόμενοι.
367 1138 412 1174 Μὴ
425 1138 519 1174 παρὼν
535 1139 563 1164 δὲ.
576 1139 691 1166 ἐνταῦθα
707 1138 832 1172 Ἰουδαῖος

45 1183 210 1218 χλευαζέτω,
234 1183 300 1218 μηδὲ
324 1183 429 1210 ἀκούων
443 1183 541 1219 Ἕλλην
561 1185 728 1219 γελάτω.Ἐν
747 1187 834 1222 τούτῳ

46 1229 100 1264 γὰρ
113 1229 163 1264 τὴν
180 1228 273 1255 ἐλπίδα
295 1229 391 1265 ἔχομεν
402 1239 408 1244 ·
428 1230 472 1256 διὰ
492 1229 570 1257 τοῦτο
587 1231 633 1257 καὶ
645 1233 833 1267 παρρησιαζό-

48 1282 128 1309 μενος
141 1273 223 1300 λαλῶ.
238 1270 320 1305 Οὗτος
335 1274 389 1310 γὰρ
402 1275 415 1300 ὁ
430 1274 602 1310 κρεμάμενος
617 1275 662 1301 ἐπὶ
681 1275 770 1308 ξύλου,
787 1276 834 1303 αὐ-

46 1321 90 1352 τός
106 1321 181 1346 ἐστιν
195 1321 212 1356 ἡ
234 1320 355 1355 summio
370 1320 446 1355 ἡμῶν
457 1328 463 1334 ·
477 1322 494 1355 ἡ
508 1320 562 1356 γὰρ
574 1320 667 1347 τούτου
682 1321 835 1356 σταύρωσις

46 1366 182 1402 κάθαρσις
196 1366 335 1401 ἁμαρτιῶν
349 1363 382 1401 ἦν
409 1366 463 1392 Καὶ
474 1364 508 1402 ἦν
524 1367 613 1402 οὲαμα
631 1367 702 1401 μέγα
720 1367 780 1394 τότε
792 1376 835 1401 γι-

46 1412 187 1447 γνόμενον,
199 1413 250 1444 ὅτι,
264 1411 310 1438 τοῦ
325 1412 449 1447 σώματος
464 1412 674 1447 σταυρουμένου,
685 1414 701 1448 ἡ
714 1414 835 1449 ἁμαρτία

46 1458 171 1484 ἔπιπτεν.
185 1458 216 1484 Εἰ
234 1457 270 1493 μὴ
285 1458 338 1493 γὰρ
349 1456 383 1494 ἦν
405 1454 480 1489 οὗτος
495 1458 700 1493 ἐσταυρωμένος
714 1459 776 1494 ἄχρι
788 1459 834 1486 τοῦ

46 1504 106 1536 νῦν,
121 1504 227 1540 εἵλομεν
242 1504 304 1536 τοὺς
323 1504 459 1540 μώλωπας
473 1505 520 1531 καὶ
535 1504 583 1536 τὰς
597 1505 738 1537 ἀσθενείας
754 1506 783 1531 ὲν
796 1505 835 1540 τῷ
849 1517 869 1546 c

47 1551 166 1586 σώματι.
179 1551 233 1578 Καὶ
241 1550 350 1586 θεωρῶν
364 1551 443 1586 ἡμῶν
454 1552 467 1577 ὁ
476 1551 597 1583 διάδολος
610 1551 640 1577 τὸ
650 1551 760 1583 ἀσθενὲς
772 1561 836 1578 κατ-

46 1596 164 1632 εγαυρία
180 1596 259 1632 ἡμῶν
280 1595 491 1631 ὲπανιστάμενος
509 1595 571 1622 καθ’
590 1595 679 1631 ἡμῶν.
693 1593 767 1623 Elite
782 1596 836 1632 γὰρ

45 1644 62 1671 ὁ
71 1642 191 1678 ἐχθρός·
202 1641 311 1674 Διώξας
322 1640 539 1676 καταλήψομαι.
556 1640 605 1667 Διὰ
615 1641 692 1668 τοῦτο
702 1642 716 1668 ὁ
724 1641 835 1677 Κύριος,

45 1689 197 1721 κατελθὼν,
215 1688 282 1723 πρὸς
295 1688 391 1715 οὐδένα
403 1685 484 1723 ἦλθεν
498 1689 523 1714 εί
548 1687 585 1724 μὴ
608 1688 676 1724 πρὸς
689 1687 735 1715 τὸν
748 1688 837 1715 διάδο-

44 1736 92 1762 λον
103 1743 110 1750 ’
128 1735 230 1765 ἐκεῖνος
244 1733 298 1768 γὰρ
311 1731 345 1769 ἦν
362 1734 376 1760 ό
389 1732 475 1763 διδοὺς
489 1734 555 1768 ἡμῖν
568 1733 603 1760 τὰ
616 1734 768 1769 τραύματα,
789 1735 837 1762 καὶ

44 1780 207 1816 διαφθείρας
221 1780 293 1815 ἡμᾶς
311 1780 340 1806 ὲν
358 1780 418 1810 ταῖς
437 1778 596 1811 ἀσθενείαις.
613 1780 662 1806 Διὰ
678 1779 756 1806 τοῦτό
770 1789 836 1816 φησι

43 1829 58 1855 ὁ
83 1827 189 1862 Κύριος
213 1825 316 1860 λέγων’
336 1824 414 1852 Ἰδοὺ
428 1824 485 1860 ἐγὼ
499 1825 573 1859 πρὸς
589 1825 637 1857 σὲ,
658 1824 691 1852 τὸ
714 1825 781 1859 ὄρος
804 1825 837 1851 τὸ

44 1870 274 1906 διεφθαρμένον,
284 1870 317 1897 τὸ
332 1870 501 1904 διαφθεῖρον
517 1870 620 1898 πᾶσαν
634 1871 691 1905 τὴν
705 1870 770 1906 γῆν.
788 1871 837 1899 Διὰ

44 1918 128 1945 τοῦτο
147 1915 193 1944 οὖν
213 1925 296 1952 φησι·
311 1916 356 1952 Μὴ
370 1917 475 1951 γελάτω
491 1917 626 1949 Ἰουδαῖος,
641 1917 694 1944 τῶν
709 1918 838 1954 μαθητῶν

45 1963 256 2000 κρυπτομένων,
272 1962 319 1989 καὶ
343 1962 390 1988 τοῦ
416 1962 540 1997 σώματος
556 1962 766 1998 σταυρουμένου.
783 1962 836 1989 Τοῦ

44 2011 102 2047 γὰρ
128 2008 253 2045 σώματος
275 2008 432 2044 κινουμένου
454 2009 483 2034 ὲν
505 2007 543 2043 τῷ
568 2008 686 2044 σταυρῷ,
711 2009 725 2035 ὁ
751 2009 837 2043 Λόγος

880 217 965 245 beatae
993 219 1125 247 Susannae
1151 219 1342 253 imminerent,
1365 221 1472 248 nemine
1488 225 1545 248 tum
1561 221 1587 248 in
1603 222 1664 250 loco

880 268 1028 298 prtescnte,
1052 272 1108 292 suae
1129 265 1261 293 satiandaa
1280 265 1400 294 libidinis
1423 267 1581 302 percupidi;
1604 267 1663 302 ipsa

880 309 996 336 consilio
1020 310 1091 345 apud
1121 312 1295 346 semctipsam
1321 311 1426 344 habito,
1450 319 1510 340 sese
1534 317 1662 341 castram

881 359 992 389 propter
1014 363 1126 390 regnum
1143 358 1286 384 cmlorum.
1308 356 1395 385 Homo
1418 358 1517 393 quippe
1539 367 1591 386 non
1614 367 1663 395 po-

881 406 933 428 test
945 402 1083 429 hominem
1100 404 1249 436 custodire,
1263 411 1352 439 neque
1363 409 1449 431 mater
1462 405 1544 432 ﬁliam
1554 426 1562 438 ,
1575 413 1664 440 neque

883 447 985 474 ancilla
1000 447 1151 482 dominam,
1167 449 1218 476 nisi
1231 449 1274 484 pia
1289 450 1420 485 cogitatio
1436 455 1529 478 custos
1544 450 1664 478 hominis

881 491 1007 519 adfuerit.
1021 492 1147 528 Ideoque,
1165 493 1258 526 homo,
1271 495 1397 529 quisquis
1414 495 1462 527 sis,
1477 495 1523 529 qui
1547 495 1663 530 tcipsum

881 541 1007 567 castrasti
1019 545 1129 575 propter
1149 549 1261 576 regnum
1281 540 1414 568 ett-lorum
1433 551 1438 567 :
1456 545 1483 568 et
1500 545 1539 572 tu.
1555 542 1663 573 mulier,

882 590 970 613 tecum
986 587 1076 614 habita
1094 587 1166 614 illius
1182 587 1320 615 sententiae
1337 588 1452 618 ratione,
1474 587 1586 622 teipsam
1599 595 1665 614 exa-

883 632 968 659 mines
981 638 1007 659 ct
1018 633 1093 660 dicas
1104 642 1110 660 :
1122 632 1215 668 Surge,
1232 634 1321 668 aquilo
1331 655 1338 665 ,
1354 639 1378 661 et
1394 633 1460 665 veni.
1471 639 1569 666 auster,
1581 635 1664 669 per/iii

881 677 986 704 [tortum
1010 687 1112 706 meum.
1133 683 1157 706 et
1172 680 1256 714 ﬂuant
1278 684 1399 706 aromata
1421 689 1487 707 mea.
1503 680 1571 708 Cum
1591 681 1664 707 enim

882 722 1012 750 Dominus
1024 728 1050 751 et
1065 723 1193 751 Silvator
1210 729 1301 752 noster
1322 725 1470 753 cruciﬁxus
1484 730 1536 758 est,
1547 733 1609 753 cum
1624 726 1664 752 sol

883 768 1058 796 obnubilatus
1074 774 1126 801 est,
1139 775 1264 805 terraque
1279 771 1400 804 tremuit,
1413 779 1475 799 cum
1492 776 1575 806 pctrm
1591 772 1665 799 scin-

883 814 1021 846 dercntnr,
1038 815 1162 849 sepulcra
1181 817 1363 850 aperirentur,
1380 821 1437 844 tum
1455 816 1570 844 formido
1583 817 1666 845 disci—

883 861 962 896 pulos
973 862 1126 896 occupavit,
1140 862 1249 897 ignaros
1264 863 1336 890 illius
1351 863 1502 896 sententias,
1513 863 1665 891 Percutiam

882 912 1026 941 pastorem.
1044 912 1068 934 et
1081 907 1262 942 dispergt’ntur
1277 916 1333 936 ovet
1354 909 1437 944 gregis
1447 909 1470 925 "
1483 919 1489 937 :
1506 914 1562 936 tum
1585 909 1667 937 disci-

885 952 940 986 puli
956 957 1067 988 proptcr
1078 958 1180 980 metum
1192 952 1348 981 Judacorum
1364 955 1529 982 unanimiter
1548 959 1625 982 erant
1638 955 1666 982 in

883 997 1006 1024 conclavi
1028 997 1191 1025 absconditi.
1207 997 1245 1025 Ne
1266 999 1328 1033 quis
1342 998 1451 1028 Iudaeus
1468 1000 1529 1028 istic
1547 1008 1667 1036 praesens

885 1043 1011 1075 irrideat,
1032 1052 1083 1071 neu
1105 1044 1166 1078 quis
1181 1043 1291 1071 Graccus
1315 1045 1371 1072 haec
1386 1045 1499 1073 audiens
1516 1046 1667 1074 cachinnos

884 1087 1012 1115 eﬁ‘undat.
1039 1088 1067 1115 lu
1092 1089 1143 1116 hoc
1166 1096 1220 1116 uno
1243 1097 1317 1124 spem
1335 1090 1483 1123 habemus,
1502 1096 1668 1126 quapropter

884 1141 946 1161 cum
970 1134 1068 1161 ﬁducia
1085 1135 1192 1170 loquor.
1210 1134 1259 1162 llic
1273 1135 1345 1162 enim
1362 1137 1408 1171 qui
1425 1136 1523 1171 pendet
1536 1137 1563 1164 in
1582 1137 1667 1173 ligno,

884 1179 941 1214 ipse
956 1184 997 1206 est
1015 1180 1088 1208 salus
1106 1187 1217 1214 nostra;
1233 1189 1295 1208 nam
1310 1182 1471 1216 supplicium
1487 1183 1576 1211 crucis
1594 1185 1667 1218 quod

885 1226 987 1259 subiit,
1000 1227 1125 1262 purgatio
1141 1232 1315 1262 peccatorum
1333 1233 1488 1256 nostrorum
1502 1235 1572 1257 erat.
1592 1229 1669 1257 Fuit-

885 1279 938 1306 que
956 1276 1020 1299 tunc
1037 1272 1221 1307 spectaculum
1235 1273 1354 1307 grande,
1369 1274 1440 1308 quod
1459 1275 1590 1302 crucilim
1606 1284 1669 1303 cor-

885 1324 961 1352 pore,
978 1322 1119 1352 peccatum
1132 1317 1252 1345 caderet.
1266 1316 1322 1345 Nisi
1337 1319 1410 1345 cnim
1423 1320 1571 1347 cruciﬁxus
1585 1327 1667 1354 esset,

885 1364 971 1399 plagis
983 1364 1170 1399 vibicibusquc
1188 1365 1214 1391 in
1232 1371 1346 1399 corpore
1368 1370 1449 1400 atque
1466 1366 1670 1396 inﬁrmitatibus

886 1411 1064 1438 alliceremur.
1084 1411 1236 1445 Conspecta
1261 1419 1378 1446 namque
1401 1412 1525 1440 diabolus
1549 1414 1671 1442 imbecil-

886 1457 960 1484 litate
975 1461 1087 1488 nostra.
1106 1457 1252 1485 adversum
1272 1465 1320 1485 nos
1340 1459 1528 1494 superbiebat,
1545 1459 1671 1488 immine—

887 1501 987 1537 batque
1011 1502 1090 1529 nobis
1107 1512 1113 1529 :
1132 1510 1192 1530 nam
1213 1503 1286 1529 Dixit
1302 1504 1425 1531 inimicus
1442 1512 1451 1531 :
1478 1504 1623 1541 Persequar
1645 1511 1671 1534 et

887 1548 1102 1582 comprehendam
1129 1548 1162 1574 “.
1193 1547 1373 1581 Quamobrem
1397 1557 1459 1576 cum
1484 1550 1670 1578 descendisset

886 1593 1028 1626 Dominus,
1043 1594 1179 1621 neminem
1194 1594 1325 1622 adversus
1341 1595 1417 1626 adiit,
1436 1595 1490 1622 nisi
1507 1595 1645 1623 diabolum
1662 1606 1669 1624 :

886 1637 931 1664 ille
950 1637 1022 1664 enim
1037 1641 1095 1664 erat
1115 1637 1162 1671 qui
1179 1636 1289 1664 vulnera
1311 1637 1390 1664 nobis
1403 1637 1549 1670 inﬂixerat,
1567 1646 1672 1674 nosque

886 1686 1047 1716 corruperat.
1063 1682 1091 1709 in
1105 1682 1309 1710 inﬁrmitatibus
1322 1683 1433 1710 nostris.
1449 1682 1619 1718 Quapropter
1634 1687 1673 1712 ait

889 1729 1021 1756 Dominus
1036 1738 1042 1755 :
1057 1728 1124 1755 Ecce
1141 1737 1187 1762 ego
1202 1729 1236 1755 ad
1255 1734 1292 1762 te,
1312 1737 1386 1755 mons
1400 1735 1539 1765 corrupte,
1553 1731 1599 1765 qui
1614 1739 1674 1758 cor-

890 1775 989 1810 rumpis
1009 1775 1156 1801 universam
1180 1779 1277 1801 terram
1289 1774 1321 1801 ".
1339 1774 1401 1802 Ideo
1416 1775 1514 1811 inquit,
1538 1776 1576 1804 Ne
1589 1778 1674 1805 rideat

889 1821 1000 1849 Judaeus
1011 1841 1018 1852 ,
1046 1821 1187 1856 discipulis
1212 1821 1370 1854 latentibus,
1390 1827 1472 1857 atque
1486 1830 1599 1858 col-pore
1612 1833 1674 1852 cru-

890 1868 983 1896 ciﬁxo.
1003 1867 1072 1895 Cum
1094 1866 1167 1894 enim
1190 1875 1288 1902 corpus
1304 1867 1332 1894 in
1346 1875 1427 1895 cruce
1448 1869 1587 1903 penderet,
1608 1869 1674 1897 Ver-

893 1916 956 1942 bum
973 1913 1099 1949 spoliavit
1113 1912 1262 1946 inl'ernum,
1284 1921 1315 1941 ac
1339 1913 1486 1941 infcrnales
1501 1915 1606 1943 ostiarii
1627 1916 1674 1944 illo

891 1965 1037 1995 conspecto
1064 1959 1266 1986 exhorruerunt
1289 1968 1295 1986 :
1317 1966 1373 1994 quo
1403 1963 1524 1995 tempore
1547 1961 1676 1990 mulieres

891 2007 998 2042 corpori
1013 2005 1156 2037 astabant,
1170 2005 1198 2032 in
1216 2010 1394 2033 monumento
1409 2006 1604 2042 lacrymantes.

44 2058 196 2086 ὲσκύλευσε
208 2057 252 2082 τὸν
266 2055 332 2092 ᾇδην
344 2064 350 2070 ·
367 2055 412 2082 καὶ
424 2055 448 2081 at
472 2054 589 2092 θυρωροὶ
612 2055 657 2082 τοῦ
683 2055 746 2090 ᾅδου
773 2056 917 2091 βλέποντες
932 2055 1065 2088 ἔπτησσον
1075 2061 1081 2067 '
1099 2052 1158 2079 τότε
1170 2052 1198 2079 αἱ
1213 2052 1339 2085 γυναῖκες
1353 2052 1540 2088 παρεκάθηντο
1564 2054 1602 2089 τῷ
1625 2054 1675 2081 σώ⁸

47 2113 115 2141 ματι
135 2105 165 2130 ὲν
180 2102 218 2139 τῷ
235 2102 359 2138 μνημείῳ
371 2101 521 2129 κλαίουσαι.

82 2162 111 2188 5.
132 2159 199 2186 Τότε
211 2159 237 2185 οἱ
253 2157 370 2193 μαθηταὶ
387 2158 433 2184 τοῦ
448 2159 550 2194 Κυρίου
567 2158 621 2185 Esto
635 2158 663 2186 ὲν
687 2159 725 2194 τῷ
745 2159 834 2195 κελλίιγ

930 2154 956 2182 3.
975 2153 1052 2181 Tune
1068 2152 1160 2180 dicant
1178 2151 1305 2187 discipuli
1324 2151 1431 2179 Domini
1448 2151 1475 2179 in
1493 2153 1614 2181 conclavi
1638 2154 1678 2180 la~

45 2204 234 2243 κρυπτόμενοι
256 2204 418 2237 λεγέτωσαν.
446 2203 640 2238 Ἐξεγ-ἐρθητι,
658 2203 764 2239 βορῤᾶ,
789 2204 837 2231 καὶ

46 2253 153 2285 ἔρχου.
170 2249 248 2276 rora.
275 2248 459 2276 διάπνευσον
472 2248 571 2283 κῆπόν
582 2258 652 2284 μου,
663 2251 711 2278 καὶ
726 2249 838 2284 ῥευσά-

46 2302 153 2322 τωσαν
166 2293 304 2328 ἀρώματά
316 2302 376 2328 μου
389 2314 396 2320 .
408 2294 444 2320 Τὸ
457 2294 505 2329 μὲν
522 2295 601 2330 σῶμα
615 2295 646 2321 τὸ
658 2296 686 2321 ὲν
700 2295 738 2330 τῷ
754 2295 839 2331 potest

47 2339 176 2374 κείμενον
192 2337 378 2374 ὲξεγειρέσοω,
395 2339 408 2365 ὁ
424 2338 451 2364 δὲ
468 2339 551 2372 Λόγος
567 2340 599 2366 ὲκ
615 2339 662 2366 τοῦ
675 2339 750 2366 νότου
764 2339 839 2374 ὲρχὲ-

48 2383 184 2420 σθω.τΑρ“
198 2382 244 2411 οὖν
265 2385 293 2410 ὲν
317 2384 355 2420 τῷ
377 2385 462 2421 popae
482 2385 569 2412 ἔκειτο
579 2386 609 2412 τὸ
623 2385 702 2421 σῶμα
721 2384 768 2412 τοῦ
788 2386 840 2412 Ku-

50 2431 132 2468 ρίου;
157 2429 209 2456 Καὶ
234 2429 384 2465 γεγόναμεν
403 2431 431 2456 ἐν
448 2430 486 2466 τῷ
502 2431 577 2467 τόπῳ
599 2432 695 2467 ἐκείνῳ
711 2432 739 2457 ὲν
764 2428 785 2464 ᾧ
806 2428 840 2466 ἦν

49 2475 220 2513 σταυρωθεὶς
233 2477 247 2503 ὁ
262 2476 373 2512 Κύριος,
387 2476 431 2503 καὶ
444 2474 478 2512 ἦν
491 2478 523 2504 ἐκ
540 2477 626 2514 βορρᾶ
639 2477 687 2513 τῆς
706 2478 839 2513 Ἰερουσα-

48 2523 117 2559 λήμ.
135 2521 185 2549 Διὰ
205 2521 283 2549 τοῦτο
303 2523 318 2548 ὁ
338 2522 419 2550 Δαυῖδ
444 2523 710 2559 παρατετηρημένως
731 2523 838 2557 ἔλεγεν·

51 2570 124 2604 ὀρη
145 2568 231 2600 Σιὼν,
252 2569 287 2596 τὰ
301 2569 417 2603 πλευρὰ
433 2569 486 2596 τοῦ
501 2569 607 2603 βορῤἁ,
632 2570 650 2603 ἠ
677 2570 764 2602 πόλις
790 2570 842 2596 τοῦ

46 2614 206 2648 ,ϐασιλέως
228 2614 281 2642 τοῦ
295 2614 438 2650 μεγάλου.
454 2615 502 2642 Διὰ
522 2615 601 2642 τοῦτο
624 2615 670 2641 καὶ
694 2616 784 2649 ἡμεῖς,
798 2615 842 2641 ὅτε

50 2661 208 2696 γεγόναμεν
221 2661 250 2686 ὲν
265 2660 303 2696 τῷ
315 2661 391 2696 τόπῳ
400 2661 496 2696 ἐκείνῳ
509 2661 575 2687 ὅπου
586 2660 744 2696 ἐσταυρώθη
755 2662 768 2688 ό
779 2661 843 2696 Χρι-

50 2706 127 2738 στὸς,
142 2706 190 2732 καὶ
203 2703 274 2740 ἦμεν
288 2706 402 2738 ἑστῶτες
423 2706 451 2732 ὲν
467 2707 498 2741 τῇ
524 2705 650 2742 ἀνατολῇ,
667 2705 714 2732 καὶ
727 2713 841 2742 προσευ-

103 2829 127 2845 ⁵³
143 2828 236 2856 Matth.
258 2837 320 2856 xtvt
333 2850 340 2860 .
355 2830 398 2857 δε.

198 2878 293 2908 Pun.
322 2878 379 2908 Gn.
412 2878 542 2909 XXVII.

892 2206 980 2230 tentes
993 2209 1000 2228 :
1013 2199 1105 2234 Surge,
1118 2198 1218 2233 aquilo,
1231 2203 1255 2225 et
1270 2198 1435 2230 veni,ausler
1450 2205 1460 2226 :
1476 2199 1558 2234 per/la
1572 2199 1677 2227 hortum

892 2255 995 2278 meum,
1011 2251 1035 2272 et
1055 2245 1140 2280 ﬂuant
1161 2248 1282 2270 aromata
1303 2252 1371 2272 mea.
1389 2243 1497 2279 Corpus
1514 2245 1623 2280 quidem
1645 2255 1676 2274 ex

893 2298 968 2329 parte
989 2291 1126 2326 aquilonis
1149 2290 1244 2325 jacens
1256 2295 1401 2325 exsurgat,
1421 2290 1539 2319 Verbum
1565 2300 1631 2320 vero
1645 2301 1678 2320 ex

892 2344 987 2366 austro
1009 2337 1110 2364 veniat.
1135 2334 1204 2362 Num
1231 2335 1265 2362 ad
1292 2335 1448 2370 aquilonem
1472 2336 1559 2371 jacuit
1580 2345 1679 2372 corpus

894 2383 1020 2411 Domini?
1033 2381 1087 2409 Nos
1112 2386 1186 2408 certe
1209 2381 1236 2407 in
1259 2381 1319 2408 loco
1345 2381 1458 2414 l‘uimus,
1476 2382 1504 2409 in
1521 2390 1577 2417 quo
1590 2391 1681 2410 ωερε-

894 2431 964 2458 ﬁxus
979 2435 1021 2456 est
1038 2428 1185 2457 Dominus,
1208 2429 1320 2461 eratque
1344 2427 1379 2455 ab
1401 2428 1528 2462 aquilone
1550 2427 1679 2456 Hieroso—

894 2477 981 2512 lymaz.
1008 2474 1110 2502 Idcirco
1133 2471 1214 2499 David
1239 2478 1319 2500 caute
1343 2478 1370 2500 et
1392 2474 1598 2502 consideranter
1621 2475 1677 2501 ait:

897 2522 998 2549 Montes
1010 2519 1075 2548 Sion
1084 2539 1092 2551 ,
1105 2519 1190 2546 latera
1201 2518 1344 2553 aquilonis,
1357 2520 1449 2547 civitas
1467 2520 1533 2554 regis
1547 2520 1635 2554 magni
1645 2521 1678 2544 ου.

895 2567 1011 2602 Ideoque
1026 2573 1077 2594 nos
1100 2564 1212 2600 quando
1228 2564 1317 2592 locum
1330 2565 1448 2593 adiimus
1467 2566 1512 2593 ubi
1531 2565 1679 2592 cruciﬁxus

895 2619 937 2641 est
956 2612 1099 2643 Christus,
1123 2617 1186 2638 cum
1205 2615 1310 2639 stantes
1324 2618 1419 2638 versus
1432 2610 1564 2639 orientem
1583 2617 1675 2644 preca-

895 2666 998 2692 remur,
1015 2657 1140 2685 eumdem
1159 2655 1250 2683 locum
1267 2655 1294 2683 in
1309 2663 1364 2691 quo
1379 2655 1511 2684 Dominus
1524 2656 1598 2684 cruci
1621 2655 1679 2682 im:-

894 2709 937 2732 rat
963 2703 1074 2736 allixus,
1102 2701 1135 2729 ad
1163 2702 1317 2735 aquilonem
1348 2709 1409 2730 esse
1438 2701 1678 2736 deprehendimus.

437 2829 460 2845 “
478 2830 567 2857 Exod.
579 2838 623 2864 xv,
638 2831 665 2858 9.
705 2831 726 2849 ⁸⁵
743 2829 842 2857 larem.
865 2837 888 2856 ω
901 2848 908 2861 ,
925 2829 970 2855 i5.
1010 2828 1032 2844 ⁵⁸
1048 2827 1120 2854 Psal.
1144 2827 1255 2859 .\t.\'ll,3.

1456 2874 1499 2905 «ω
