1930 3046
73 127 142 155 1557

633 124 842 153 FRAGMENTA
865 123 896 150 ΙΝ
919 121 1078 152 CANTICA.

1624 121 1694 150 1358

69 195 142 224 μου·
156 186 235 214 τοῦτο
248 186 276 213 δὲ
294 186 340 214 καὶ
353 186 465 217 Ἡσαῐας
477 185 577 220 ἑλεγεψ
596 187 655 213 Ἔτι
669 195 726 214 σου
736 187 863 214 λαλοῦν-

917 191 960 214 tus
976 190 1017 213 est
1033 196 1038 212 :
1055 185 1146 212 Adhuc
1162 190 1185 211 te
1195 185 1325 220 loquente,
1345 184 1431 211 dicant
1445 192 1453 211 :
1471 183 1536 210 Ecce
1556 183 1650 210 adsunt
1662 185 1696 212 “.

72 243 127 268 τος
149 233 221 268 ἐρῶ·
242 232 319 260 Ἰδοὺ
334 232 461 268 πάρειμι.
477 233 514 259 Oi:
534 233 588 269 γὰρ
609 233 737 269 ἀναμένει
762 234 775 260 ὁ
796 233 861 265 Θεὸς

72 281 138 312 τοὺς
150 280 182 306 ὲκ
194 279 248 306 τῶν
260 279 369 315 χειλέων
382 279 486 313 λόγους.
495 279 603 315 Ἀμέλει
614 288 645 314 γε
656 280 669 306 ὁ
683 280 775 315 Σωτὴρ
787 281 815 306 ὲν
824 279 861 315 τῷ

72 319 234 360 Εἲδαγγελίῳ
260 325 362 359 ἔλεγεν,
388 326 429 352 ὅτι
456 325 543 352 Οἶδεν
566 327 583 352 ό
607 325 678 359 Θεὸς
693 323 735 353 ὧν
758 326 862 360 χρείαν

71 371 160 405 ἔχετε
177 370 232 404 πρὸ
252 370 304 396 τοῦ
320 369 397 404 ὑμᾶς
411 369 530 405 αἰτῆσαι
548 370 649 397 αὐτόν.
667 370 714 397 Διὰ
727 371 805 398 τοῦτο
824 370 862 407 μὴ

72 415 113 447 ὡς
138 415 169 448 ἐξ
191 415 271 450 ἔργου
294 415 436 450 εὐχόμενοι
458 415 618 451 κράζωμεν·
642 416 699 443 ἀλλ’
713 417 737 443 εί
756 417 803 443 καὶ
822 417 861 452 τῷ

74 461 191 497 στόματι
213 460 290 497 εὔχῃ.
309 460 388 496 εὔχου
407 461 453 488 καὶ
476 461 515 496 τῷ
538 462 596 488 νοῒη
613 461 690 489 τοῦτο
715 462 770 498 γὰρ
786 464 832 490 καὶ
847 464 862 490 ὁ

75 506 183 539 Παῦλος
199 507 289 542 ἔλεγε⁸
309 506 399 534 Ψαλῶ
420 503 461 540 τῷ
481 509 636 542 πνεύματι,
653 509 740 542 ψαλῶ
755 508 804 537 καὶ
821 509 861 542 τῷ

71 554 191 580 νοτ.Ἐ)ι
209 552 327 585 ,βαθέων
339 553 404 590 γὰρ,
429 553 505 589 φησὶ,
524 553 670 588 ἑκέκραξά
690 562 750 587 σοι,
763 555 860 589 Κύριε.

71 599 125 626 Διὰ
140 599 219 626 τοῦτο
232 600 279 626 καὶ
293 601 310 634 ἡ
323 600 391 635 γυνὴ
415 600 444 626 ὲν
461 601 521 631 ταῖς
538 600 691 632 Βασιλείαις
707 601 751 627 ὅτε
764 601 862 637 ηὔχετο

72 645 225 681 κράζουσα,
239 646 254 672 ὁ
273 646 360 681 ἱερεὺς
373 646 494 681 ἐφίμωσε
508 646 539 672 τδ
554 645 639 681 στόμα
650 647 744 682 αὐτῆς,
759 647 862 683 ἡγησά-

74 700 157 727 μενος
176 691 270 728 αὺτὴν,
286 692 326 719 ὅτι
348 691 474 726 ἐμέθυεν·
494 693 542 719 καὶ
556 693 631 728 ὅμως
654 693 755 729 ἐκείνη,
768 693 807 729 τῷ
823 693 862 720 νοῒ

72 739 219 775 εὐχομένη,
238 739 284 766 καὶ
300 739 474 775 εἰσηκούσθη,
498 741 545 768 καὶ
565 741 641 768 ἔτεκε
662 742 707 768 τὸν
724 742 860 778 Σαμουήλ.

71 785 123 812 Διὰ
143 785 221 812 τοῦτο
238 785 284 812 καὶ
300 786 330 813 σὺ
343 786 369 812 τί
383 786 528 822 εὐχόμενος
541 786 661 823 κράζεις,
676 787 713 826 ᾡς
728 788 774 814 τοῦ
794 787 861 814 Θεοῦ

74 831 114 867 μὴ
127 831 285 865 ἀκούοντος;
302 833 399 858 ’Ἄκουε
415 831 462 859 τοῦ
479 832 613 868 λέγοντος,
633 833 674 860 ὅτι
699 833 729 860 Ὀ
751 834 860 868 φυτεύ-

71 886 135 912 σας
147 878 180 905 τὸ
196 876 251 911 οὖς
262 878 330 913 οὐχὶ
345 879 465 911 ἀχούει;
478 879 510 906 Εἰ
525 880 573 915 μὲν
591 879 644 915 γὰρ
665 880 696 906 σὺ
713 879 782 915 ἔχων
804 877 862 907 ὦτα

72 923 195 956 ἀκούεις,
220 925 295 960 πόσῳ
312 924 410 959 μᾶλλον
433 926 447 952 ὁ
470 925 584 961 ποιητὴς
609 925 705 958 (item;
721 925 771 952 Διὰ
785 926 862 952 τοῦτο

72 969 151 1005 παρὰ
167 970 261 1004 Κυρίῳ
279 969 316 1005 μὴ
336 969 476 1004 εὐχόμενοι
498 969 652 1005 κράζωμεν,
675 971 712 1002 ὡς
730 970 778 997 τοῦ
795 971 861 997 Θεοῦ

74 1016 115 1052 μὴ
132 1015 290 1047 ἀκούοντος·
316 1015 362 1042 καὶ
384 1015 438 1051 γὰρ
462 1015 624 1042 σιωπώντων
647 1018 660 1043 ὁ
681 1016 745 1049 Θεὸς
758 1017 860 1044 ἀκούει.

71 1062 193 1097 Θεωρεῖς
208 1061 262 1097 γὰρ
279 1061 325 1089 τὸν
340 1061 419 1088 πόθον
430 1062 476 1088 τὸν
490 1063 518 1088 ὲν
535 1061 620 1098 ταύτῃ
631 1064 663 1098 τῇ
682 1063 804 1098 μακαρίᾳ
813 1063 863 1098 ψυ-

73 1108 121 1143 χῇ,
137 1107 204 1139 πῶς,
223 1107 435 1144 παρακαλούσης
449 1108 532 1144 αὐτῆς
547 1108 594 1135 καὶ
609 1108 739 1143 λεγούσης
749 1117 755 1123 ·
769 1110 863 1136 Κατα-

73 1152 154 1186 ϐήτω
165 1152 325 1188 ἀδελφιδός
332 1161 391 1187 μου
403 1155 443 1186 εἰς
458 1153 556 1187 κῆπον
567 1153 669 1187 αὐτοῦ,
685 1154 733 1181 καὶ
749 1154 863 1189 paretat

73 1199 377 1236 uaprrovdxpoapomr
387 1200 494 1227 αὑτοῦ·
512 1200 569 1232 πῶς
582 1200 682 1232 εὐθέως
695 1201 768 1235 λέγει
780 1202 794 1227 ὁ
810 1201 862 1228 Λό-

73 1252 138 1279 γος·
147 1244 300 1279 Εἰσῆλοον
307 1246 351 1278 εὶς
363 1245 461 1279 κῆπόν
469 1255 539 1280 μου,
548 1246 664 1281 ἀδελφή
675 1255 734 1281 μου
745 1248 862 1282 νύμφῃ

71 1289 114 1322 ὡς
137 1289 212 1317 οὐδὲν
234 1290 400 1326 ταχύτερον·
423 1291 463 1318 ἔτι
486 1292 541 1327 γὰρ
558 1293 642 1328 αὐτῆς
666 1292 807 1328 λαλούσης,
821 1294 865 1320 εὐ-

74 1335 147 1368 οέως
169 1336 321 1371 ὑπήκουσεν
345 1337 456 1373 θεωρεῖς
469 1337 499 1364 τὸ
515 1339 704 1374 γεγραμμένον
715 1348 721 1354 ³
736 1340 796 1366 ’Ότι
813 1340 862 1368 καὶ

73 1381 122 1408 ἔτι
132 1382 300 1415 λαλοῦντός
312 1390 370 1409 σου
382 1382 448 1416 ἐρῶ,
456 1383 534 1410 Ἰδοὺ
549 1384 666 1420 πάρειμι
673 1385 760 1421 ;”Λμα
768 1385 822 1421 γὰρ
836 1387 864 1412 ὲν

74 1427 117 1464 τῷ
144 1427 228 1464 αὐτὴν
258 1428 425 1464 παρακαλεῖν
455 1429 502 1456 καὶ
529 1429 633 1464 λέγειν’
663 1430 819 1465 Κατάϐηθι,
843 1429 865 1458 ὧ

74 1473 160 1508 Δόγε,
183 1475 226 1507 εἰς
243 1474 297 1500 τὸν
318 1473 418 1508 κῆπόν
433 1483 501 1507 σου,
519 1476 567 1502 καί
583 1476 659 1510 φάγε
679 1476 732 1503 τὸν
751 1476 866 1511 καρπὸν

74 1518 138 1546 τῶν
149 1520 319 1554 ἀκροδρύων
328 1529 396 1552 σου,
409 1521 509 1553 εὐθέως
521 1522 674 1558 ὑπήκουσεν
687 1523 754 1558 αὐτῇ
767 1523 864 1557 λέγων·
879 1533 900 1561 C

74 1565 232 1600 Εὶσῆλθον
243 1567 286 1598 εἰς
299 1567 351 1594 τὸν
366 1567 465 1601 κῆπόν
472 1577 542 1602 μου,
554 1568 670 1603 ἀδελφή
683 1578 742 1604 μου
753 1570 863 1604 νύμφη.

113 1611 141 1639 ϐ.
161 1611 209 1638 Διὰ
224 1612 249 1638 τι
264 1612 291 1638 δὲ
303 1613 349 1639 καὶ
360 1612 469 1648 νύμφην
483 1613 530 1639 καὶ
543 1613 659 1650 ἀδελφὴν
674 1615 758 1649 αὐτὴν
768 1614 866 1649 ὀνομά-

76 1657 138 1689 ζει;
153 1658 210 1689 Πᾶς
226 1658 279 1693 γὰρ
295 1659 410 1693 νυμφίος
425 1660 474 1686 οὐκ
488 1659 614 1695 ὀνομάζει
631 1660 680 1696 τὴν
693 1660 801 1697 νύμφην
819 1662 866 1687 αὐ-

74 1704 125 1731 τοῦ
142 1704 258 1740 ἀδελφήν
269 1714 275 1720 ·
296 1702 346 1732 ὧδε
359 1706 387 1732 δὲ
405 1707 452 1732 καὶ
463 1706 580 1741 ἀδελφὴν
598 1707 644 1732 καὶ
659 1706 767 1743 νύμφην
781 1707 866 1743 αὐτὴν

74 1749 222 1784 ὀνομάζει,
239 1750 281 1777 ἵνα
297 1750 380 1787 δείξῃ,
401 1752 442 1778 ὅτι
460 1752 509 1778 οὐκ
524 1751 596 1778 ἔστιν
612 1752 626 1778 ὁ
638 1751 756 1788 θάλαμος
771 1752 867 1788 ἐπᾳδό-

77 1803 160 1829 μενος
175 1795 372 1831 σαρκό;.”οταν
387 1797 435 1832 μὲν
448 1798 501 1832 γὰρ
513 1797 639 1833 ὀνομάζει
651 1797 735 1833 αὐτὴν
746 1798 865 1834 νύμφην,

74 1841 122 1868 διὰ
140 1841 184 1868 τὸν
199 1843 293 1876 Λόγον,
308 1843 352 1869 τὸν
378 1844 577 1879 μνηστευθέντα
598 1844 647 1880 τὴν
665 1845 763 1881 ψυχήν.
782 1846 867 1872 Τοῦτο

75 1887 133 1922 γὰρ
147 1889 194 1915 καὶ
212 1888 317 1920 Παῦλος
334 1888 425 1923 ἔλεγεν
437 1897 444 1905 ’
459 1890 648 1925 Ἡρμοσάμην
663 1890 741 1925 ὑμᾶς
757 1890 801 1917 ἑνὶ
813 1891 866 1918 ἀν-

77 1933 125 1968 δρὶ
136 1934 285 1968 παρθένον
297 1935 394 1970 ἁγνὴν
405 1936 597 1970 παραστῆσαι
608 1936 647 1970 τῷ
657 1936 867 1971 Χριστῷ-Ὅταν

76 1980 106 2006 δὲ
128 1980 176 2006 καὶ
197 1980 311 2016 ἀδελφὴν
335 1981 417 2017 αὐτὴν
434 1983 570 2017 ὀνομάζει,
584 1982 627 2009 διὰ
651 1983 700 2019 τὴν
724 1982 813 2018 σάρκα
835 1983 867 2018 ῆν

75 2026 201 2062 ὲφύρεσε,
227 2027 311 2053 Τοῦτο
334 2027 388 2063 γὰρ
413 2025 452 2060 εἷς
477 2028 532 2055 τῶν
554 2028 701 2065 προφητῶν
728 2029 867 2065 σημαίνων

76 2073 143 2108 περὶ
162 2073 243 2099 αὖτοῦ
263 2073 355 2108 ἔλεγεν
367 2082 374 2089 ’
393 2074 560 2109 Ἀπαγγελῶ
573 2074 605 2102 τὸ
620 2075 713 2110 ὄνομά
731 2084 789 2103 σου
806 2076 868 2109 τοῖς

75 2119 220 2153 ἀδελφοῖς
232 2128 302 2154 μου.
315 2120 363 2147 Διὰ
372 2120 451 2147 τοῦτο
466 2121 561 2156 μηδεὶς
572 2121 706 2157 νομιζέτω
720 2123 868 2158 σαρκικοὺς

75 2161 147 2191 εἶναι
169 2164 232 2196 τοὺς
249 2165 344 2199 λόγους
359 2166 547 2197 τούτους.”οτε
564 2167 613 2202 μὲν
637 2167 691 2203 γὰρ
717 2168 867 2204 παρεκάλει

914 231 972 259 Non
992 232 1065 259 enim
1087 231 1158 259 Deus
1174 235 1313 266 exspectat
1330 230 1413 258 verba
1433 230 1512 257 labiis
1535 230 1648 265 prolata.
1665 229 1698 258 Et

912 285 978 305 sane
995 277 1118 304 Salvator
1138 277 1165 304 in
1181 276 1328 311 Evangelio
1353 276 1390 303 ait
1409 285 1415 302 :
1431 275 1487 302 Scit
1505 275 1574 302 Deus
1587 283 1698 310 quorum

913 332 976 358 opus
994 322 1112 350 habeatis
1133 327 1274 358 antequam
1298 322 1394 357 petatis
1419 321 1450 348 ab
1470 322 1527 356 ipso
1538 321 1571 348 “.
1588 321 1649 350 Ideo
1667 330 1699 348 ne

912 369 991 404 quasi
1004 359 1189 404 perfunctorie
1203 368 1354 396 clamemus
1372 368 1398 395 in
1420 367 1578 403 precando;
1594 367 1652 399 sed,
1675 367 1699 394 si

912 422 960 442 ore
973 413 1105 449 precaris,
1121 421 1233 449 precare
1251 419 1277 441 et
1292 417 1393 441 mente.
1419 412 1446 440 ld
1469 413 1542 440 enim
1559 417 1586 440 et
1597 411 1700 440 Paulus

913 459 1023 486 aiebat:
1043 458 1163 485 Psallam
1190 459 1306 494 spiritu.
1333 457 1448 493 psallunt
1466 462 1490 485 et
1506 462 1590 485 mente
1610 458 1642 485 ⁸⁸.
1663 458 1700 485 Ds

912 504 1062 540 profundis,
1095 505 1183 539 inquit
1204 505 1285 536 alius,
1307 505 1419 531 clamat-1'
1441 504 1475 530 ad
1490 509 1524 537 te,
1541 503 1650 531 Domine
1665 503 1698 531 ⁸⁸.

913 549 1093 583 Quamobrem
1119 555 1145 577 et
1162 551 1259 578 mulier
1278 551 1304 577 in
1321 550 1398 578 libris
1416 549 1537 585 Regum,
1559 558 1621 578 cum
1644 550 1701 578 cla-

912 596 1013 624 mando
1027 603 1196 631 precaretur,
1213 596 1343 624 sacerdos
1364 596 1451 631 ipsum
1475 597 1606 630 coercuit,
1622 601 1701 624 ratus

912 642 1017 670 ebriam
1036 649 1096 669 esse
1113 642 1152 675 ‘7;
1169 646 1196 669 et
1215 646 1306 669 tamen
1323 642 1369 669 illa
1385 649 1447 669 cum
1464 647 1552 670 mente
1575 650 1700 677 precare-

913 693 968 722 tur,
985 693 1108 724 optatum
1128 693 1277 717 consecuta
1289 709 1297 721 ,
1322 688 1476 716 Santuelem
1500 688 1613 724 peperit.
1629 687 1699 721 Quid

915 743 980 770 ergo
992 740 1018 763 tu
1034 736 1137 764 clamas
1149 736 1175 762 in
1189 736 1329 768 oratione,
1345 743 1377 762 ac
1389 735 1411 762 si
1430 734 1502 762 Deus
1519 741 1574 762 non
1587 734 1701 761 audiat?

911 781 982 808 Audi
999 789 1060 808 eum
1085 781 1132 816 qui
1155 781 1231 815 dicit,
1256 780 1308 813 Qui
1329 780 1457 815 plantavit
1478 787 1566 807 aurem
1580 787 1633 807 non
1650 787 1699 806 au-

914 828 966 854 diet
980 828 1026 854 ‘9?
1042 826 1108 854 Nam
1124 827 1146 854 si
1161 831 1200 860 tu,
1212 826 1276 861 quia
1289 834 1369 853 aures
1382 825 1476 858 babes,
1494 825 1583 858 audis,
1596 829 1699 861 quanto

913 873 999 908 magis
1019 873 1128 900 aurium
1144 872 1253 908 opifex?
1273 872 1311 899 Ne
1327 872 1476 899 clamemus
1491 872 1583 907 itaque
1598 872 1631 899 ad
1645 871 1700 899 Do-

914 917 1018 944 minum
1039 917 1176 952 precando
1189 938 1196 950 ,
1215 917 1293 952 quasi
1318 915 1390 944 Deus
1415 925 1469 944 non
1491 917 1607 944 audiat:
1627 918 1699 945 Deus

913 962 985 990 enim
1007 963 1048 990 vel
1069 963 1179 990 silentes
1199 963 1285 990 audit.
1300 962 1394 989 Viden”
1418 962 1583 990 desiderium
1610 963 1697 990 beata:

914 1009 987 1044 illius
1009 1009 1123 1042 animat,
1140 1016 1196 1044 quo
1212 1014 1292 1044 pacto
1312 1009 1441 1036 hortante
1463 1009 1508 1036 illa
1526 1010 1569 1037 his
1582 1009 1671 1038 verbis
1689 1019 1698 1036 ι

912 1043 1062 1081 Descendo!
1081 1054 1194 1082 dilectus
1211 1062 1282 1081 meus
1302 1054 1329 1081 in
1347 1054 1452 1082 hortum
1468 1063 1555 1088 suum,
1571 1061 1595 1082 et
1611 1064 1698 1083 eome-

913 1100 959 1126 dat
977 1101 1091 1134 [ruetum
1106 1108 1244 1135 pomorum
1264 1109 1372 1128 suorum
1383 1101 1415 1134 σν,
1437 1102 1572 1137 extemplo
1583 1107 1610 1130 et
1625 1103 1700 1130 nulla

914 1147 1072 1181 interposita
1088 1153 1165 1174 mora
1178 1146 1296 1174 Verbum
1314 1147 1406 1180 dicat,
1432 1148 1536 1175 Intraui
1550 1150 1577 1176 in
1593 1149 1700 1176 hortum

914 1201 1016 1225 meum,
1041 1201 1117 1220 soror
1141 1201 1197 1220 mea
1221 1202 1316 1228 sponsa
1335 1195 1356 1211 ⁷⁰
1370 1196 1381 1221 ?
1396 1194 1466 1222 Nihil
1486 1195 1619 1229 celerius;
1640 1196 1700 1231 ipsa

914 1239 1014 1274 quippe
1042 1239 1191 1274 loquente,
1219 1240 1310 1268 subito
1338 1241 1487 1276 respondit.
1511 1240 1606 1268 Viden‘
1627 1242 1702 1276 quod

915 1285 1045 1319 scriptum
1061 1290 1122 1313 est:
1141 1285 1273 1318 Quoniam
1298 1287 1383 1314 adhuc
1403 1292 1427 1313 te
1441 1287 1572 1322 loquente,
1591 1287 1701 1316 dicam:

916 1329 983 1357 Ecce
995 1331 1090 1358 adsum
1105 1331 1125 1347 ⁷¹
1137 1331 1148 1357 ?
1159 1331 1226 1359 Cum
1241 1332 1358 1367 primum
1370 1334 1441 1360 enim
1460 1334 1517 1368 ipsa
1536 1334 1641 1361 hortata
1660 1338 1703 1362 est

916 1382 996 1412 atque
1015 1377 1094 1410 dixit,
1112 1377 1244 1405 Descende
1256 1399 1264 1412 ,
1276 1386 1293 1406 o
1306 1378 1424 1406 Verbum
1434 1399 1442 1412 ,
1455 1380 1481 1406 in
1498 1380 1602 1406 hortum
1617 1384 1702 1411 tuum.

916 1427 940 1449 et
963 1423 1067 1450 comede
1088 1423 1203 1457 fructum
1235 1432 1372 1458 pomorum
1394 1430 1519 1459 tuorum,
1544 1426 1634 1454 subito
1659 1434 1703 1453 rc-

916 1469 1028 1503 spondit
1051 1469 1089 1495 illi
1106 1469 1212 1497 dicens:
1230 1469 1332 1496 Intraui
1350 1471 1376 1497 in
1391 1471 1495 1498 hortum
1511 1480 1606 1506 meum,
1628 1480 1703 1499 soror

917 1521 975 1540 mea
990 1521 1097 1547 sponsa.

952 1611 978 1638 6.
995 1611 1066 1644 Quid
1082 1617 1124 1639 est
1144 1612 1217 1647 quod
1235 1620 1363 1647 sponsam
1387 1618 1414 1640 et
1439 1622 1560 1641 sororem
1577 1616 1703 1643 eamdem

917 1658 1014 1684 vocat?
1027 1657 1084 1684 Non
1097 1657 1169 1685 enim
1182 1658 1272 1693 quivis
1284 1667 1402 1694 sponsus
1418 1667 1546 1695 sponsam
1562 1668 1638 1688 suam
1655 1670 1702 1689 so-

917 1711 1005 1731 rorem
1024 1704 1232 1739 nuncupaverit.
1252 1704 1301 1732 llie
1317 1713 1381 1732 vero
1397 1712 1424 1733 et
1439 1714 1561 1734 sororem
1576 1712 1601 1735 et
1621 1715 1704 1743 spon-

918 1757 974 1776 sam
1002 1751 1087 1785 ipsam
1119 1748 1275 1785 compellat,
1298 1751 1403 1778 scilicet
1424 1757 1452 1778 ut
1473 1753 1628 1781 ostenderet
1649 1762 1703 1781 non

917 1804 977 1824 esse
988 1797 1135 1824 [balantum
1146 1798 1237 1824 carnis
1246 1798 1448 1832 voluptuosum.
1461 1797 1527 1826 Nam
1544 1808 1604 1827 cum
1619 1808 1686 1836 spon
1695 1816 1703 1822 -

918 1850 975 1869 sam
992 1847 1087 1875 vocat,
1105 1843 1129 1869 id
1143 1842 1290 1877 agitVerbi
1302 1851 1403 1876 causa,
1417 1845 1489 1879 quod
1510 1845 1629 1872 animam
1657 1847 1704 1873 de‘

917 1889 1069 1923 sponsavit.
1084 1888 1202 1922 ldipsum
1224 1889 1296 1916 enim
1317 1889 1418 1917 Paulus
1437 1890 1495 1917 ait:
1513 1891 1644 1926 Despondi
1661 1901 1704 1920 eos

918 1934 963 1960 uni
980 1935 1045 1964 viro,
1064 1934 1191 1969 virginem
1209 1939 1310 1961 castam
1326 1935 1446 1962 exlribere
1466 1935 1570 1963 Christo
1585 1937 1616 1963 ⁷³.
1635 1937 1703 1964 Cum

917 1984 1006 2007 autem
1029 1980 1116 2015 ipsum
1144 1988 1267 2007 sororem
1295 1987 1443 2016 nuncupat,
1471 1982 1495 2008 id
1521 1982 1570 2014 ait,
1596 1989 1705 2018 propter

917 2033 1028 2052 carnem
1043 2033 1125 2060 quam
1143 2026 1270 2060 gestavit.
1283 2025 1310 2053 Id
1324 2028 1425 2062 quippe
1441 2028 1634 2062 prophetarum
1652 2028 1702 2054 all-

918 2072 979 2106 quis
993 2071 1104 2103 indicat,
1121 2071 1179 2098 haec
1193 2072 1226 2099 de
1243 2071 1303 2107 ipso
1320 2072 1453 2107 loquens,
1472 2072 1594 2100 Narrabo
1610 2082 1702 2100 nautea

919 2121 991 2143 tuum
1026 2117 1154 2152 fratribus
1186 2119 1285 2151 meis",
1302 2118 1449 2146 ldeenemo
1478 2119 1624 2146 arbitretur
1644 2127 1703 2147 Scr—

919 2171 1014 2190 mones
1031 2163 1186 2198 hujusmodi
1209 2164 1330 2191 carnales
1345 2171 1416 2191 esse.
1437 2164 1504 2192 Cum
1527 2165 1598 2192 etiim
1615 2165 1703 2200 ipsum

76 2209 160 2236 αὑτὸν
185 2210 202 2244 ἡ
228 2211 348 2246 μακαρία
372 2211 440 2246 αὕτη
463 2211 535 2247 ψυχὴ
558 2212 689 2247 λέγουσα·
707 2213 863 2247 Καταϐήτω

917 2209 995 2236 beata
1013 2209 1057 2236 illa
1077 2210 1167 2237 anima
1202 2210 1325 2237 hortatur
1341 2210 1434 2237 dicens
1453 2221 1460 2237 :
1478 2210 1622 2238 Descendat
1638 2211 1705 2238 dile-
1724 2217 1728 2220 '

75 2254 236 2288 ἀδελφιδός
250 2264 309 2290 μου
325 2257 368 2289 εἰς
379 2256 477 2290 κῆπον
489 2257 592 2289 αὑτοῦ,
606 2257 654 2284 καὶ
666 2257 781 2292 φαγέτω
796 2267 866 2293 καρ-

75 2302 138 2327 πὸν
153 2301 324 2335 ἀκροδρύων
337 2302 430 2329 αὑτοῦ
440 2323 447 2334 ,
465 2303 529 2329 ὅταν
561 2304 610 2338 μὲν
630 2303 684 2339 γὰρ
696 2304 800 2341 ἀκούσῃ
812 2304 866 2339 ψυ-

76 2347 139 2382 χὴν,
158 2347 196 2382 μὴ
213 2347 275 2382 μίαν
291 2347 379 2383 ψυχὴν
401 2348 585 2384 ὑπολάμόανε,
603 2349 660 2376 ἀλλ’
676 2350 735 2376 ὅλον
752 2351 797 2377 τὸν
819 2351 865 2377 κό-

78 2401 158 2428 σμον.
174 2393 222 2419 Διὰ
237 2393 315 2420 τοῦτο
331 2393 419 2420 τοίνυν
437 2395 648 2430 παρακαλοῦμεν
672 2395 754 2422 αὑτὸν
775 2395 866 2430 λέγον-

76 2448 139 2472 τες·
166 2438 324 2474 Κατάὅηθι,
345 2437 367 2466 ὧ
386 2440 465 2475 Λόγε,
490 2442 533 2474 εΙς
550 2442 603 2468 τὸν
617 2441 716 2476 κῆπόν
731 2450 799 2474 σου,
817 2443 865 2470 καὶ

76 2485 154 2520 φάγε
169 2486 220 2512 τὸν
232 2486 348 2520 καρπὸν
360 2485 418 2513 τῶν
430 2487 602 2522 ἀκροδρύων
615 2496 674 2515 σου
685 2497 691 2503 ·
708 2489 754 2515 καὶ
767 2488 867 2520 εὐθέως

75 2532 161 2564 αὐτὸς
169 2533 320 2568 ἐπήκουσεν
328 2541 334 2547 ·
343 2531 495 2568 Εἰσῆλθον
504 2535 548 2566 εις
560 2533 660 2567 κῆπόν
666 2543 736 2568 μου,
750 2535 865 2569 ἀδελφή

76 2588 134 2611 μου
158 2579 276 2613 νύμφη·
293 2579 442 2614 ἐτρύγησα
464 2579 601 2614 σμύρναν
621 2588 681 2614 μου
700 2580 775 2614 μετὰ
792 2580 867 2614 ἀρω-

74 2625 178 2660 μάτων
200 2633 269 2658 μου.
296 2625 411 2659 Πότερον
441 2624 630 2660 παρεκάλεσάς
658 2633 689 2660 με
718 2625 866 2660 καταϐῆναι

77 2671 124 2698 καὶ
152 2671 248 2704 φαγεῖν
272 2671 334 2701 τοὺς
353 2671 492 2706 mpm-5;;
521 2671 586 2698 Ἰδοὺ
608 2671 797 2705 καταδξόηκα·
822 2670 865 2702 δὸς

79 2724 124 2751 μοι
139 2716 202 2746 τοὺς
213 2715 343 2751 καρπούς.
354 2716 383 2742 'U
398 2717 446 2751 μὲν
459 2720 504 2743 οὖν
517 2716 570 2743 τῶν
591 2713 721 2742 Ἰουδαίων
734 2713 810 2754 λόγος
824 2716 854 2743 εύ

129 2804 153 2821 ⁸⁸
173 2804 225 2832 lsa.
249 2813 309 2837 ιη,
337 2805 363 2832 9.
402 2804 425 2819 ⁸⁵
450 2803 542 2831 Matth.
562 2812 609 2837 vr,
639 2801 663 2829 8.
703 2805 724 2821 ⁸⁸
752 2803 841 2832 ἱῦοτ.

913 2815 939 2839 r,
972 2808 1013 2835 l5.

79 2841 100 2856 “
116 2840 189 2868 Psal.
208 2847 272 2868 xcm
284 2861 291 2873 ,
308 2841 333 2867 9.
383 2840 404 2855 °'
420 2839 497 2866 Cant.
517 2847 542 2871 ν,
560 2839 584 2866 1.
605 2839 642 2884 ’⁷⁵
656 2839 725 2870 ﬁnd.

917 2259 974 2281 ctus
987 2262 1057 2281 meus
1075 2255 1102 2282 in
1124 2256 1228 2282 hortum
1244 2263 1329 2284 suum.
1350 2259 1375 2282 et
1397 2256 1515 2282 comedat
1532 2256 1646 2291 fructum
1658 2265 1705 2291 ρος

917 2309 1018 2327 morum
1032 2309 1141 2328 suorum
1157 2321 1164 2332 ,
1185 2298 1232 2326 ubi
1259 2301 1378 2328 animam
1393 2302 1483 2334 audis,
1492 2311 1526 2330 ne
1544 2311 1624 2330 unam
1641 2312 1704 2331 sus-

916 2346 1005 2380 picere
1023 2346 1141 2373 animam
1158 2367 1165 2377 ,
1181 2347 1226 2373 sed
1243 2351 1329 2374 totum
1352 2348 1497 2375 mundum.
1520 2348 1704 2383 Quamobrem

916 2392 1062 2419 invitemus
1083 2392 1170 2427 ipsum
1187 2392 1228 2418 his
1245 2393 1344 2420 verbis.
1370 2393 1518 2427 Descendo,
1539 2403 1555 2422 ο
1577 2395 1704 2428 Verbum,

915 2446 942 2464 tu
958 2440 1064 2465 hortum
1079 2443 1151 2464 tuum
1162 2460 1168 2470 ,
1191 2443 1214 2464 rt
1233 2441 1337 2466 comede
1353 2439 1469 2474 fructum
1497 2450 1632 2475 pomorum
1647 2446 1705 2468 tuo-

916 2492 993 2516 rum;
1015 2489 1042 2510 et
1061 2484 1149 2519 ipsum
1169 2484 1260 2512 subito
1278 2488 1473 2521 respondebit,
1490 2487 1626 2523 Ingressus
1646 2497 1704 2515 sum

917 2531 943 2557 in
955 2531 1058 2558 hortum
1072 2538 1168 2561 meum.
1182 2539 1257 2558 soror
1271 2540 1328 2558 mea
1342 2541 1450 2567 sponsa,
1464 2536 1557 2561 messui
1571 2534 1704 2569 myrrham

920 2584 1004 2603 meam
1024 2584 1082 2602 eum
1118 2577 1281 2604 aromatibus
1305 2579 1379 2606 meis.
1400 2578 1469 2606 Num
1499 2580 1641 2612 concitasti
1664 2589 1705 2608 ιιιο

921 2626 950 2648 ut.
965 2622 1156 2650 descenderem
1184 2628 1210 2650 et
1237 2625 1407 2652 comederem
1424 2624 1550 2652 fructus?
1570 2625 1638 2653 Ecce
1659 2627 1705 2652 ilc-

919 2671 1012 2698 scendi
1023 2692 1030 2704 ,
1047 2671 1081 2698 da
1097 2672 1164 2699 mihi
1181 2672 1297 2699 fructus.
1315 2671 1470 2699 Judaaorum
1484 2671 1595 2706 quide
1617 2678 1706 2699 sermo

914 2724 968 2751 pro
983 2717 1043 2744 uvis
1059 2718 1152 2752 spinas
1169 2718 1260 2745 statim
1272 2717 1386 2753 profert,
1400 2722 1427 2746 et
1437 2726 1486 2753 pro
1507 2718 1566 2746 ficis
1579 2718 1704 2746 tribulos.

1078 2808 1105 2846 ’ξ
1125 2808 1198 2835 Psal.
1222 2817 1335 2846 fuit,
1361 2809 1388 2846 l‘.
1443 2810 1464 2825 ⁸⁷
1481 2809 1585 2846 l__Reg.
1601 2818 1628 2845 1,
1659 2807 1705 2840 Μ..

777 2841 798 2857 ⁷·
815 2840 865 2869 lsa.
888 2850 943 2878 ιιι,
958 2843 984 2870 9.
1023 2843 1149 2871 "llCor.
1164 2852 1205 2876 x1,
1219 2844 1245 2870 '2.
1284 2844 1308 2861 ’⁸³
1320 2843 1392 2872 Psal.
1408 2852 1453 2872 xxi
1481 2844 1526 2872 25.
