1930 3046
225 134 296 162 τπδο

658 136 677 163 S
697 134 880 162 ATHANASH
900 134 974 162 OPP.
998 133 1088 160 PARS
1106 133 1146 160 ill.
1175 148 1203 152 —
1223 132 1426 160 EXEGETICA.

1778 133 1848 161 1560

222 193 406 226 Quandonam
429 197 519 220 autem
538 193 589 228 ipsi
605 193 760 228 huiusmodi
782 194 887 221 fructus
901 193 1006 220 obtule-

1059 192 1125 224 θέως
1142 193 1217 227 φέρει
1233 192 1293 219 ἀντὶ
1308 191 1449 226 σταφυλῶν
1463 190 1593 223 ἀκάνθας,
1611 191 1658 217 καὶ
1676 190 1739 217 ἀντὶ
1758 191 1847 218 συκῶν

227 243 301 270 runt,
317 240 369 266 nisi
385 239 494 274 quando
509 239 739 274 cruciflgebatur?
755 239 836 267 Petiit
859 240 932 267 enim
959 247 1007 275 po-

229 290 288 313 tum
305 294 339 312 ex
351 285 486 313 fructibus
503 286 598 318 vineae.
613 290 641 313 et
650 286 705 313 viui
717 287 776 314 loco
790 286 948 313 obtulerunt
971 286 1008 314 illi

227 335 344 359 acetum.
356 331 451 358 Vitlen‘
460 331 578 358 fructum
593 339 699 364 eorum,
709 339 764 366 quo
775 337 854 367 pacto
865 332 891 358 in
903 337 1008 359 acetum

227 386 321 406 versus
336 378 391 405 sit?
406 377 483 405 Dicat
499 377 613 413 proinde
629 377 764 411 Salvator,
786 378 911 405 Evocasti
928 387 970 405 me
982 383 1010 405 ut

225 425 417 452 descenderem
443 429 471 452 et
494 425 666 452 eomederem
691 433 782 459 poma,
800 433 862 452 ecce
874 426 934 452 veni
952 425 1011 453 siti-

225 471 343 502 bundus,
357 477 383 498 et
400 476 506 498 acetum
523 471 590 498 mihi
605 471 729 499 obtulisti
745 481 752 498 :
770 471 829 498 veni
846 472 926 498 etiam
947 479 1010 499 esu-

225 518 298 545 riens
315 517 348 544 ad
366 517 445 545 ficum
459 539 466 550 ,
487 525 513 545 et
534 517 597 545 folia
619 518 706 545 solum
727 518 829 545 inveni.
845 517 952 546 Utinam
968 519 1008 546 vel

225 564 289 590 folia
305 569 409 590 tantum
424 564 605 595 invenissem,
622 565 686 591 dum
705 572 739 592 ne
758 564 865 591 aridum
880 564 983 600 lignum
1001 573 1008 592 :

225 609 341 644 ideoque
357 609 408 644 ipsi
424 609 563 636 maledixi.
587 609 718 637 Descendi
735 610 808 637 enim
833 615 862 637 ut
883 610 1009 637 comede-

225 663 282 682 rem
300 655 406 682 fructus
420 663 563 689 pomorum
575 664 583 688 ;
600 661 625 682 et
639 663 700 682 cum
715 655 916 683 descendisscm
928 676 935 688 ,
947 662 1010 682 ecce

224 700 389 734 deprehendi
404 701 565 735 sanguinem
577 708 660 735 super
673 701 808 736 sanguine
822 701 1008 732 commistum,

225 745 404 776 fornicarios,
435 745 573 772 adulteros
604 750 631 772 et
651 746 810 780 sanguinem
839 745 1008 773 innocentem

225 788 352 820 elIusum.
385 791 475 818 Inveni
504 799 552 818 vos
582 793 738 826 sculpentes
773 792 874 826 lapides
897 797 924 819 et
953 799 1009 819 rem

225 838 358 873 sculptam
373 837 458 865 Deum
473 843 600 865 vocantes
611 859 618 870 ,
640 846 672 865 ac
689 839 797 866 demum
814 847 863 873 pro
875 839 1009 866 fructibus

1061 238 1209 274 τριϐόλους.
1222 238 1290 264 Πότε
1315 238 1344 264 δὲ
1367 237 1557 273 προσήνεγκαν
1573 237 1648 272 αὑτῷ
1661 237 1776 268 τούτους
1786 238 1848 269 τοὺς

1060 285 1191 320 καρποὺς,
1207 285 1230 311 ει
1247 284 1284 320 μὴ
1299 285 1342 310 ὅτε
1356 283 1537 318 ὲσταυροῦτο;
1553 283 1656 318 ᾜτησε
1667 282 1721 318 γὰρ
1734 285 1806 310 πιεῖν
1817 283 1848 310 ἐκ

1060 330 1114 356 τῶν
1139 331 1251 366 καρπῶν
1277 330 1326 365 τῆς
1349 329 1490 364 ἀμπέλου,
1517 330 1562 357 καὶ
1585 330 1644 356 ἀντὶ
1667 330 1739 356 οἴνου
1765 338 1847 365 προσ-

1061 379 1180 413 ήνεγκαν
1193 377 1267 412 αὐτῷ
1281 377 1350 409 ὅξος.
1360 376 1440 412 Ὁρᾷς
1451 376 1496 402 τὸν
1510 377 1616 411 καρπὸν
1626 376 1715 402 αὐτῶν
1728 377 1770 403 ὅτι
1783 376 1848 410 6&1;-

1061 431 1107 455 χες
1123 422 1230 456 Λεγέτω
1249 422 1338 448 τοίνυν
1350 422 1364 447 ὁ
1377 422 1488 456 Σωτήρ·
1504 421 1696 456 Παρεκάλεσάς
1715 430 1748 456 με
1767 430 1848 447 κατα-

1061 469 1150 504 ϐῆναι,
1163 469 1209 495 καὶ
1223 469 1318 502 φαγεῖν
1330 468 1383 494 ἀπὺ
1395 467 1450 493 τῶν
1463 467 1630 503 ἀκροδρύων,
1644 467 1691 493 καὶ
1703 468 1758 494 ἰδοὺ
1768 465 1848 501 ἦλθον

1059 516 1154 551 διψῶν,
1168 516 1215 542 καὶ
1231 515 1290 548 ὅξος
1312 523 1358 550 μοι
1377 514 1583 549 προσήνεγκας-
1607 514 1653 540 καὶ
1672 512 1757 548 ἦλθον
1770 513 1846 540 πάλιν

1061 562 1160 589 πεινῶν
1176 562 1222 588 ἐπὶ
1237 562 1285 596 τὴν
1302 561 1396 596 συκῆν,
1413 561 1461 587 καὶ
1485 560 1571 595 φύλλα
1588 561 1666 596 μόνον
1680 559 1771 596 εὖρον.
1787 561 1845 587 Εἴθε

1060 608 1087 634 δὲ
1105 608 1154 636 κᾶν
1170 607 1255 642 φύλλα
1271 607 1350 642 μόνον
1364 606 1511 643 εὑρίσκειν,
1530 607 1575 632 καὶ
1598 607 1634 642 μὴ
1653 607 1683 633 το
1705 607 1785 640 ξύλον
1801 607 1844 641 ξη-

1061 655 1123 691 ρόν·
1139 654 1183 681 διὰ
1200 654 1278 681 τοῦτο
1295 653 1348 689 γὰρ
1366 654 1411 680 καὶ
1426 653 1624 689 κατηρασάμην
1645 653 1739 688 αὑτήν.
1757 654 1845 679 Κατα-

1060 701 1163 735 6έ6ηκα
1179 699 1232 735 γὰρ
1253 701 1350 734 φαγεῖν
1372 700 1435 731 τοὺς
1457 700 1580 735 καρποὺς
1601 699 1654 725 τῶν
1678 699 1846 735 ἀκροδρύων,

1060 746 1107 772 καὶ
1120 746 1173 772 ἰδοὺ
1189 745 1310 777 καταϐὰς
1321 743 1399 781 εὗρον
1411 745 1514 780 αἴματα
1529 745 1570 779 ἐφ’
1587 745 1700 780 αἵμασιν
1718 746 1848 780 μισγόμε-

1060 801 1103 823 να,
1121 791 1300 828 πορνεύοκιας
1317 792 1364 817 καὶ
1381 791 1565 826 μοιχεύοντας,
1590 791 1636 817 καὶ
1652 791 1756 826 αἵματα
1774 790 1848 816 ἁθὼα

1061 838 1238 874 ἐκχυνόμενα.
1249 835 1333 873 Εὗρον
1348 837 1420 872 ὑμᾶς
1435 837 1586 871 γλύφοντας
1601 835 1691 868 λίθους
1702 857 1709 868 ,
1724 837 1771 862 καὶ
1784 836 1849 862 Θεὸν

225 885 363 920 myrrham
377 885 480 918 reperi,
501 889 582 918 atque
599 884 637 910 tui
650 893 733 911 causa
748 885 870 912 abducor
888 885 922 912 ad
936 893 1010 912 mor-

1060 884 1255 919 ὀνομάζοντας’
1279 883 1326 910 καὶ
1345 883 1437 910 λοιπὸν
1453 884 1514 910 ἀντὶ
1532 883 1691 918 ἀκροδρύων
1705 883 1828 918 σμύρναν
1839 891 1847 897 ·

224 935 289 958 tem.
304 930 428 957 Ducendi
452 935 479 956 ut
503 931 661 957 comedet-ein
688 931 790 965 fructus
810 939 966 965 pomorum:
981 936 1008 958 et

223 984 286 1004 ecce
302 980 411 1010 propter
433 981 458 1002 to
479 976 539 1004 loco
553 977 651 1004 messis
672 981 786 1004 mortem
801 977 919 1011 accipio;
935 985 1009 1012 myr-

224 1022 301 1048 rham
321 1026 395 1048 meto
412 1029 474 1048 eum
489 1021 669 1048 aromatibus.
693 1023 726 1048 At
744 1022 847 1048 utinam
864 1027 1008 1057 postquam

224 1068 364 1103 myrrham
380 1075 429 1103 pro
442 1075 531 1095 messe
544 1067 643 1103 recepi,
656 1069 699 1095 vel
718 1069 753 1095 ita
768 1070 877 1095 tandem
893 1070 1007 1096 salutem

224 1114 440 1146 nanciscamini,
464 1122 496 1142 ac
519 1114 654 1142 scelerum
672 1114 752 1142 finem
767 1114 887 1148 faciatis,
906 1123 955 1143 nec
965 1115 1008 1142 di—

223 1164 301 1187 catur
327 1159 471 1187 adversum
496 1168 545 1187 vos
572 1160 597 1186 id
622 1159 695 1194 quod
726 1160 752 1186 in
780 1160 909 1188 vicesimo
937 1168 1008 1187 nouo

223 1206 330 1241 psalmo
355 1206 485 1239 habetur,
513 1206 578 1239 Qua:
605 1205 709 1232 utilitas
737 1206 763 1232 iu
787 1206 914 1240 sanguine
941 1214 1007 1237 meo.

222 1253 285 1279 dum
302 1252 428 1280 descendo
453 1252 480 1278 in
509 1252 699 1286 corruptionem
716 1252 762 1279 “7
793 1251 1008 1279 Desecndieuim

223 1303 332 1333 propter
349 1303 384 1331 te,
396 1307 427 1326 ac
445 1303 559 1325 mortem
578 1298 772 1333 myrrhamquc
791 1305 839 1332 pro
860 1305 948 1324 messe
964 1306 1010 1325 ac-

222 1345 298 1379 cepi;
317 1352 348 1370 ac
368 1352 421 1370 non
439 1344 528 1371 solum
542 1344 691 1379 myrrham,
711 1343 759 1371 sed
771 1343 852 1371 etiam
870 1351 930 1370 cum
947 1351 1008 1370 aro-

223 1390 353 1416 matibus.
391 1389 451 1422 Quo
490 1393 571 1424 pacto
604 1394 694 1416 autem
725 1397 785 1416 cum
821 1389 1009 1417 aromatibus?

223 1435 338 1469 Quando
353 1436 425 1462 enim
449 1435 587 1470 myrrham
615 1435 726 1467 messui,
751 1435 856 1462 scilicet
879 1440 1007 1466 mortem,

222 1489 322 1516 corpus
339 1483 364 1508 in
382 1486 558 1508 ilionumento
571 1481 724 1516 depositum
740 1480 812 1509 fuit:
829 1489 892 1508 cum
915 1489 1008 1508 resur-

222 1528 293 1555 rexit
307 1528 377 1554 idem
393 1535 492 1562 corpus
505 1528 704 1562 incorruptum,
733 1532 798 1554 tunc
824 1532 1009 1563 apparuerunt

1059 930 1106 957 καὶ
1128 931 1168 961 εἰς
1192 930 1305 956 θάνατον
1324 930 1425 964 ἄγομαι
1446 929 1490 956 διὰ
1516 929 1556 956 σέ,
1589 929 1780 962 Καταϐἐϐηκα
1797 929 1849 956 τοῦ

1059 976 1164 1010 φαγεῖν
1180 976 1251 1008 τοὺς
1272 975 1407 1010 καρποὺς
1429 974 1487 1001 τῶν
1508 975 1698 1009 ἀκροδρύων·
1722 975 1771 1002 καὶ
1795 975 1848 1001 ἰδοὺ

1059 1023 1173 1049 θάνατον
1188 1022 1280 1058 τρυγῶ
1305 1021 1347 1048 διὰ
1372 1021 1420 1048 σέ·
1445 1021 1567 1056 σμύρναν
1587 1021 1678 1057 τρυγῶ
1696 1022 1765 1056 μετὰ
1780 1022 1850 1056 ἀρω-

1060 1068 1161 1103 μάτων.
1172 1068 1240 1094 Ἀλλ’
1260 1067 1316 1094 εἴθε
1328 1067 1512 1103 τρυγήσαντός
1529 1077 1580 1103 μου
1596 1067 1645 1103 τὴν
1661 1067 1783 1102 σμύρναν
1798 1076 1850 1093 σω-

1059 1114 1149 1145 θέντες
1162 1111 1217 1149 ἧτε,
1228 1113 1274 1140 καὶ
1290 1113 1460 1148 πεπαυμένοι
1476 1113 1531 1139 τῶν
1547 1113 1641 1139 κακῶν
1651 1134 1658 1145 ,
1679 1113 1725 1139 καὶ
1744 1113 1782 1148 μὴ
1806 1113 1850 1138 λε-

1059 1161 1130 1194 γέτω
1156 1160 1216 1186 καθ’
1233 1159 1309 1195 ὑμῶν
1334 1159 1363 1186 τὸ
1389 1160 1417 1186 ὲν
1436 1159 1474 1194 τῷ
1492 1159 1606 1195 εἰκοστῷ
1623 1159 1724 1194 ἐννάτῳ
1750 1159 1850 1194 ψαλμῷ

1059 1206 1219 1240 λεγόμενον·
1241 1206 1288 1238 Τίς
1304 1205 1430 1239 ὠφέλεια
1452 1205 1485 1231 ἐν
1512 1204 1551 1237 τῷ
1572 1205 1669 1240 ιιῚματι
1681 1213 1742 1239 μου
1760 1205 1796 1231 ἐν
1810 1203 1850 1236 τῷ

1060 1251 1224 1285 καταϐῆναι
1233 1260 1270 1286 με
1280 1253 1324 1284 εἰς
1339 1251 1516 1286 διαφθαρείη
1532 1251 1718 1286 Καταόέόηκα
1734 1250 1789 1285 γὰρ
1806 1250 1851 1277 διὰ

1061 1298 1100 1329 σὲ,
1113 1299 1159 1324 καὶ
1172 1298 1286 1325 θάνατον
1306 1297 1445 1333 ὲτρύγησα
1456 1298 1504 1324 καὶ
1518 1297 1641 1334 σμύρναν
1651 1306 1657 1311 ·
1680 1297 1738 1323 ἀλλ’
1753 1297 1784 1323 οὐ
1801 1296 1849 1332 μό-

1059 1353 1103 1370 νον
1118 1344 1167 1380 τὴν
1185 1344 1316 1379 σμύρναν,
1333 1343 1399 1370 ἀλλά
1422 1343 1490 1378 μετὰ
1504 1343 1668 1379 ἀρωμάτων.
1684 1343 1748 1374 Πῶς
1761 1343 1791 1369 δὲ
1804 1343 1850 1369 καὶ

1061 1391 1130 1426 μετὰ
1144 1391 1314 1426 ἀρωμάτων;
1332 1391 1396 1416 Ὂτε
1419 1389 1472 1426 γὰρ
1491 1389 1629 1425 ἐτρύγησα
1644 1389 1693 1425 τὴν
1716 1390 1849 1425 σμύρναν.

1059 1435 1180 1462 τουτέστι
1192 1435 1237 1462 τὸν
1251 1435 1377 1462 θάνατον·
1394 1434 1438 1461 ὅτε
1452 1434 1531 1470 ἐτέθη
1549 1434 1578 1461 ἐν
1597 1434 1637 1469 τῷ
1655 1435 1791 1470 μνημείῳ,
1805 1435 1851 1461 καὶ

1059 1481 1208 1517 ἀνέστησεν
1235 1482 1266 1508 τὸ
1286 1481 1365 1516 σῶμα
1389 1481 1545 1517 ἄφθαρτον,
1571 1481 1632 1508 τότε
1654 1481 1792 1517 ἐφάνησαν
1815 1490 1852 1507 τα

1059 1527 1194 1563 ἀρώματα
1204 1535 1210 1540 ·
1228 1527 1363 1562 ἀρώματα
1376 1527 1403 1553 δὲ
1415 1524 1449 1562 ἦν
1461 1527 1478 1562 ἡ
1490 1527 1631 1562 ἁφθαρσία
1646 1527 1693 1553 τοῦ
1706 1527 1842 1562 σώματος.

220 1581 363 1604 aromata:
379 1581 501 1603 aromata
526 1584 608 1611 porro
636 1581 715 1603 erant
743 1577 914 1611 incorruptio
931 1576 1066 1611 corporis.

255 1637 282 1663 7.
300 1636 470 1671 Quapropter
494 1636 608 1671 pulchre
635 1636 675 1663 sic
689 1635 809 1670 loquitur
831 1645 837 1662 :

215 1692 305 1710 meum
326 1683 422 1710 messui
443 1691 502 1709 cum
528 1683 690 1709 aromalibus
706 1683 901 1709 mcis:comedi
914 1691 1008 1717 panem

220 1737 305 1756 meum
324 1737 383 1756 cuin
400 1728 475 1755 melle
496 1737 569 1762 meo,
591 1729 644 1755 bibi
663 1729 750 1755 virum:
769 1737 853 1755 meum
870 1737 929 1755 cum
941 1729 1008 1755 lucte

220 1775 321 1801 meo".
350 1775 441 1800 Viden‘
458 1773 577 1802 Verbum
605 1774 638 1801 ad
663 1781 772 1801 omnem
799 1779 905 1801 aetatem
924 1774 1007 1800 emis-

213 1820 302 1846 sum?
327 1820 404 1852 Quod
425 1819 526 1847 luti-teis
539 1820 649 1855 quidem
666 1825 759 1854 utpote
779 1819 931 1847 infantibus
954 1820 1007 1847 mel

220 1871 246 1893 et
258 1866 300 1893 lac
315 1866 341 1892 in
353 1866 511 1893 alimentum
527 1867 660 1901 praebeat;
676 1867 728 1893 mel
745 1871 772 1893 et
787 1867 828 1894 lac
840 1874 902 1894 cum
916 1866 1005 1900 audis,

219 1911 305 1946 legem
322 1912 468 1944 existima;
497 1920 559 1939 nam
585 1912 651 1947 ipsis
677 1918 770 1947 utpote
792 1912 944 1940 infantibus
966 1913 1006 1940 lac

219 1959 312 1986 datum
335 1963 393 1991 est;
412 1957 537 1994 perfectis
557 1967 622 1986 vero
638 1959 716 1994 panis
736 1964 763 1986 et
783 1960 876 1986 vinum
900 1959 1004 1986 datum.

220 2006 312 2033 Solida
328 2006 401 2033 enim
424 2014 486 2033 esea
506 2010 549 2033 est
575 2005 654 2040 panis
674 2011 754 2040 atque
777 2006 883 2038 vinum,
902 2006 1006 2033 scilicet

219 2051 406 2087 Evangelium.
418 2050 601 2084 Quamobrem
616 2050 727 2084 pulchre
743 2049 867 2077 Salvator
880 2051 919 2077 ait
932 2060 938 2077 :
952 2050 1004 2077 Co-

218 2098 287 2124 medi
303 2106 396 2133 panem
413 2105 498 2124 meum
513 2105 571 2123 cum
586 2096 660 2123 melle
677 2105 742 2129 meo,
755 2096 808 2123 bibi
822 2097 909 2123 vinum
920 2105 1005 2124 meum

217 2151 278 2170 cum
300 2144 368 2170 lacte
383 2152 448 2171 meo.
466 2143 560 2171 Viden'
584 2150 639 2178 quo
663 2147 743 2177 pacto
765 2143 864 2178 ubique
886 2143 1005 2177 idipsum

218 2188 309 2215 dicat?
335 2189 422 2224 Ipsius
442 2188 515 2216 enim
539 2192 582 2216 est
606 2194 660 2215 tam
684 2186 791 2214 Nevum
814 2195 895 2223 quam
921 2187 1005 2215 Vetus

219 2232 433 2261 Testamentum.
460 2234 522 2262 ideo
543 2242 582 2262 va:
601 2234 702 2262 Judmis
723 2235 770 2269 qui
786 2234 838 2261 mel
860 2239 886 2262 et
901 2235 943 2261 lac
959 2242 1005 2262 co-

219 2279 340 2307 medunt.
361 2279 493 2307 Similiter
520 2284 548 2307 et
575 2279 717 2307 Manichzei
737 2287 834 2314 panem
857 2284 884 2306 et
910 2279 1002 2306 vinum

216 2327 318 2359 edunt;
340 2327 472 2354 catholica
500 2331 590 2354 autem
614 2325 734 2354 Ecclesia
751 2326 796 2353 illa
814 2327 868 2353 duo
885 2333 940 2353 una
956 2333 1004 2353 co-
1021 2314 1043 2341 θ

218 2373 320 2407 medit,
350 2381 445 2408 panem
475 2381 536 2400 eum
565 2373 654 2405 melle,
681 2373 803 2407 bibitque
822 2373 916 2400 vinum
941 2380 1003 2400 cum

217 2420 296 2447 lacte.
315 2418 347 2446 Et
365 2427 427 2446 cum
452 2427 548 2454 panem
566 2419 746 2452 comedimus,
764 2427 817 2446 una
835 2427 897 2447 cum
915 2418 1004 2446 Verbo

217 2466 269 2493 mel
281 2466 344 2493 item
359 2465 540 2493 absumimus.
559 2464 697 2500 Scriptum
720 2466 783 2492 item
804 2465 855 2492 fuit
873 2469 902 2492 ut
917 2473 1004 2500 agnus

216 2513 242 2540 in
266 2511 371 2540 Pascha
394 2511 593 2539 comederetur.
623 2511 729 2547 Agnum
755 2512 846 2546 itaque
868 2519 947 2538 sumo
978 2516 1005 2538 et

215 2567 276 2586 cum
294 2559 354 2594 ipso
375 2558 461 2586 Verbo
476 2558 628 2591 manduco;
644 2565 694 2585 nec
713 2565 812 2592 agnum
834 2557 921 2584 solum
938 2558 1001 2590 edo,

215 2606 261 2633 sed
275 2606 356 2632 etiam
366 2604 497 2636 Verbum,
510 2604 580 2639 quod
594 2605 665 2631 sicut
677 2611 765 2638 agnus
780 2603 814 2631 ad
832 2604 1000 2632 occisionem

215 2651 325 2678 ductum
355 2656 405 2677 est.
437 2649 500 2677 Ideo
523 2650 639 2685 pulchre
668 2649 758 2676 dicit:
778 2649 885 2677 Comedi
906 2658 1001 2684 panem

216 2704 300 2723 meum
316 2704 372 2723 cum
391 2695 465 2722 melle
476 2703 543 2726 mea,
559 2699 583 2721 et
597 2694 649 2720 bibi
663 2695 751 2732 vinum
764 2703 849 2721 meum
862 2694 923 2722 cuni
932 2695 1000 2722 lacte

215 2749 292 2768 meo:
309 2746 335 2768 et
355 2741 444 2768 subito
459 2741 633 2775 prosequitur
649 2750 655 2767 :
673 2740 815 2774 Comedite,
834 2742 914 2768 vicini
939 2742 999 2774 mei,

249 2864 273 2880 “
292 2863 352 2891 Psul
380 2871 454 2895 uix.
476 2864 517 2891 l0.
557 2865 579 2880 ⁷³
595 2865 663 2891 Cant
696 2875 719 2897 γ,
736 2867 758 2892 t.

867 1635 893 1662 Μ
897 1635 1004 1670 yt'rltam
1019 1638 1040 1666 C

1091 1635 1118 1662 7.
1136 1635 1184 1661 Δια
1203 1635 1280 1661 τοῦτο
1296 1635 1384 1667 καλῶς
1400 1635 1492 1669 λέγει’
1518 1635 1689 1669 Ἐτρύγησα
1709 1635 1853 1669 σμύρναν

1057 1689 1116 1714 μου
1127 1679 1202 1714 μετὰ
1213 1680 1374 1714 ἀρωμάτων
1386 1689 1445 1715 μου
1457 1689 1464 1696 ·
1477 1680 1590 1715 ἔφαγον
1603 1680 1694 1714 ἄρτον
1703 1689 1763 1715 μου
1774 1681 1852 1714 μετά

1055 1726 1176 1760 μέλιτός
1185 1734 1244 1760 μου
1252 1734 1258 1740 ’
1270 1726 1356 1753 ἔπιον
1366 1725 1449 1753 οἶνόν·
1455 1735 1514 1761 μου
1522 1726 1596 1760 μετὰ
1610 1727 1760 1761 γάλακτός
1777 1736 1833 1761 μοι
1841 1748 1849 1753 .

1059 1772 1176 1808 Θεωρεῖς
1190 1773 1235 1799 τὸν
1248 1773 1333 1806 Λόγον
1348 1773 1392 1799 τὸν
1407 1772 1474 1808 πρὸς
1489 1774 1577 1799 πᾶσαν
1594 1773 1703 1808 ἠλικίαν
1719 1774 1849 1808 γιγνόμε-

1059 1827 1119 1851 νον;
1141 1820 1187 1845 καὶ
1203 1821 1258 1851 τοῖς
1282 1819 1416 1851 Ἰουδαίοις
1429 1819 1535 1854 νηπίοις
1552 1817 1628 1846 οὖσιν
1642 1820 1731 1852 διδοὺς
1745 1820 1849 1855 τροφὴν

1060 1865 1119 1900 μέλι
1135 1866 1182 1892 καὶ
1192 1866 1262 1900 γάλα
1272 1874 1278 1881 ·
1293 1865 1353 1901 μέλι
1367 1865 1396 1892 δὲ
1407 1865 1453 1892 καὶ
1463 1865 1531 1900 γάλα
1545 1866 1592 1892 ἐὰν
1608 1865 1738 1902 ἀκούσῃς,
1752 1867 1797 1892 τὸν
1809 1866 1849 1892 νό-

1060 1921 1108 1948 μον
1134 1912 1241 1947 νόμιζει
1260 1912 1297 1944 ὡς
1321 1911 1374 1947 γὰρ
1397 1912 1503 1947 νηπίοις
1525 1912 1616 1943 αὐτοῖς
1636 1909 1711 1938 οὖσιν
1727 1912 1804 1947 ἐδόθη
1818 1913 1849 1938 τὸ

1058 1957 1144 1992 γάλα·
1164 1959 1220 1988 τοῖς
1242 1957 1270 1984 δὲ
1290 1956 1402 1988 τελείοις
1432 1957 1445 1982 ὁ
1461 1957 1542 1992 ἄρτος
1554 1957 1600 1983 καὶ
1614 1957 1627 1982 ὁ
1642 1954 1714 1988 οἶνος
1730 1957 1828 1983 δίδοται
1839 1965 1846 1971 ν

1059 2004 1156 2040 στερεὰ
1171 2004 1225 2039 γάρ
1240 2005 1296 2030 ἐστι
1310 2003 1396 2038 τροφὴ
1405 2004 1451 2029 καὶ
1462 2003 1475 2028 ὁ
1489 2003 1570 2038 ἄρτος
1582 2004 1628 2029 καὶ
1641 2004 1654 2029 ὁ
1670 2001 1753 2034 οἶνος,
1767 2012 1844 2030 τουτ-

1057 2050 1114 2076 έστι
1135 2050 1165 2076 τὸ
1190 2050 1363 2084 Εὐαγγέλιον.
1391 2050 1439 2076 Διὰ
1459 2049 1538 2076 τοῦτο
1560 2050 1650 2076 τοίνυν
1666 2049 1759 2081 καλῶς
1775 2050 1846 2083 λέγει

1056 2099 1070 2124 ὁ
1087 2097 1198 2132 Σωτήρο
1229 2097 1359 2130 "ligarat
1373 2095 1463 2130 ἄρτον
1476 2105 1535 2131 μου
1553 2096 1627 2131 μετὰ
1641 2096 1766 2131 μέλιτός
1778 2105 1846 2130 μου.

1057 2145 1143 2171 ἔπιον
1156 2145 1238 2171 οἶνόν
1251 2153 1310 2179 μου
1327 2144 1402 2178 μετὰ
1416 2143 1562 2178 γάλακτός
1569 2152 1638 2177 μου.
1658 2143 1778 2178 Θεωρεῖς
1790 2143 1846 2174 πῶς

1058 2190 1194 2226 πανταχοῦ
1207 2191 1297 2224 λέγει;
1311 2190 1398 2217 Αὑτοῦ
1415 2190 1469 2225 γάρ
1489 2184 1546 2216 ἔστι
1562 2191 1610 2216 καὶ
1629 2191 1645 2224 ἡ
1665 2190 1754 2225 Καινὴ
1771 2190 1816 2217 καὶ
1829 2191 1845 2224 ή

1057 2237 1171 2263 Παλαιὰ.
1186 2237 1234 2263 Διὰ
1246 2237 1324 2263 τοῦτο
1334 2237 1395 2263 οὐαὶ
1406 2238 1461 2268 τοῖς
1474 2237 1610 2268 Ἰουδαίοις
1620 2238 1677 2268 τοῖς
1684 2237 1715 2263 τὺ
1729 2237 1789 2272 μέλι
1800 2237 1846 2263 καὶ

1057 2283 1127 2317 γάλα
1143 2283 1289 2310 ἐσθίουσιν.
1325 2283 1460 2314 Ὡσαύτως
1477 2283 1504 2310 δὲ
1526 2283 1572 2310 καὶ
1588 2283 1613 2310 οἱ
1633 2284 1779 2319 ἣῖανιχαίοι
1800 2283 1845 2310 τὸν

1057 2328 1136 2364 ἄρτον
1152 2329 1199 2355 καὶ
1218 2329 1263 2355 τὸν
1285 2327 1356 2355 οἶνον
1377 2328 1528 2355 ἐσθίουσιν·
1548 2330 1565 2363 ἡ
1581 2328 1608 2355 δὲ
1624 2328 1764 2364 Καθολικὴ
1785 2329 1845 2355 Ἐκ-

1057 2373 1155 2409 κλησία
1171 2374 1205 2401 τὰ
1219 2374 1265 2400 δύο
1278 2374 1343 2409 ὁμοῦ
1360 2374 1456 2406 ἐσθίει,
1473 2374 1517 2400 τὸν
1532 2374 1612 2410 ἄρτον
1628 2374 1696 2409 μετὰ
1706 2374 1754 2401 τοῦ
1772 2374 1844 2410 μέλι-

1055 2429 1111 2451 τος,
1127 2421 1173 2447 καὶ
1186 2421 1257 2446 πίνει
1271 2421 1316 2447 τὸν
1329 2417 1399 2447 οἶνον
1415 2420 1485 2456 μετὰ
1503 2420 1549 2447 τοῦ
1569 2420 1704 2454 γάλακτος
1713 2429 1720 2435 ·
1733 2421 1781 2447 καὶ
1801 2421 1843 2446 ts-

1056 2466 1157 2498 θίοντες
1176 2467 1224 2500 μὲν
1239 2467 1283 2493 τὸν
1299 2467 1379 2502 ἄρτον
1403 2466 1633 2501 συναναλίσκομεν
1709 2466 1781 2501 λόγῳ
1798 2468 1842 2493 καὶ

1055 2512 1086 2538 τὸ
1095 2512 1165 2547 μέλι.
1176 2512 1266 2538 Κοιίτὸ
1275 2512 1410 2548 πρόϐατον
1423 2512 1576 2547 γέγραπται
1585 2512 1685 2538 ἐσθίειν
1694 2512 1723 2538 τὸ
1736 2513 1840 2548 Πάσχα.

1056 2559 1192 2592 Λαμϐἁνω
1207 2558 1237 2584 τὸ
1253 2559 1386 2595 πρόϐατον
1399 2559 1445 2586 καὶ
1462 2559 1648 2585 συναναλίσχω
1659 2559 1725 2585 αὐτὸ
1742 2559 1781 2594 τῷ
1795 2559 1843 2586 Λο-

1055 2611 1109 2637 γῳ·
1128 2603 1174 2630 καὶ
1191 2604 1240 2630 οὐκ
1257 2604 1338 2631 ἐσθίω
1352 2604 1382 2630 τὸ
1397 2604 1530 2640 πρόϐατον
1542 2605 1621 2639 μόνον
1631 2624 1638 2634 ,
1654 2604 1722 2630 ἀλλὰ
1736 2605 1783 2631 καὶ
1799 2605 1842 2630 τὸν

1055 2649 1093 2681 ὡς
1103 2650 1237 2684 πρόϐατον
1249 2650 1295 2677 ἐπὶ
1311 2651 1417 2686 σφαγὴν
1429 2651 1562 2685 ἀγόμενον
1578 2651 1672 2685 Λόγον.
1703 2651 1752 2677 Διὰ
1767 2651 1842 2677 τοῦτο

1055 2695 1145 2728 καλῶς
1168 2696 1258 2730 λέγει’
1286 2697 1418 2731 νΕφαγον
1437 2696 1527 2730 ἄρτον
1546 2706 1601 2730 μου
1624 2697 1700 2731 μετὰ
1722 2697 1842 2732 μέλιτός

1053 2752 1129 2777 μου,
1157 2745 1203 2770 καὶ
1229 2743 1314 2771 ἔπιον
1328 2741 1411 2770 οἶνόν
1432 2752 1491 2777 μου
1508 2744 1582 2777 μετὰ
1605 2743 1755 2777 γάλακτός
1767 2752 1840 2779 μου·
