1930 3046
99 152 165 179 1361

674 159 884 188 FRAGMENTA
896 161 928 189 IN
943 161 1136 190 MATIIIEUM.

1646 170 1719 198 1362:

97 210 147 235 καὶ
161 209 262 242 εὐθέως
287 210 375 245 λέγει·
403 213 512 249 diripere
524 236 530 246 ,
548 216 575 242 οἱ
594 217 725 250 πλησίον
739 227 816 253 μου,
834 228 875 246 καί

934 224 958 246 et
982 219 1076 253 bibite,
1101 219 1284 253 inebriamini.
1313 221 1409 256 fratres
1423 224 1455 249 ⁷⁸.
1478 223 1544 251 Vide
1565 232 1619 259 quo
1634 233 1724 259 pacto:

97 254 181 281 πίετε
191 275 197 287 ,
211 256 260 282 καὶ
279 257 448 291 μεθύσΰητε
458 279 466 289 ,
489 259 622 294 ἀδελφοί.
645 261 692 288 Ἰὃὲ
707 263 751 289 τὸν
768 263 881 299 Σωτῆρα

98 301 159 332 πῶς
183 301 288 337 νηπίοις
313 304 495 339 παραγγέλλει
517 308 628 340 φαγεῖν⁸
645 309 699 340 τοῖς
724 309 751 335 δὲ
776 309 880 344 μείζοσι

96 346 188 380 λέγει,
208 348 262 374 Καὶ
282 349 362 376 πίε-τε
372 358 378 364 ·
399 353 454 382 τοῖς
466 350 494 377 δὲ
509 353 620 385 τελείοις
635 354 726 388 ἔλεγεν
737 375 743 387 ,
760 356 800 382 ὅτι
826 357 879 383 Καὶ

91 393 274 427 μεθύσθητε,
287 395 420 430 ἀδελφοί.
438 397 541 432 Ἀμέλει
554 407 585 433 γε
597 400 708 432 Παῦλος,
721 401 820 433 τέλειος
831 402 879 436 ὢν,

97 438 146 464 καὶ
164 439 366 474 μεμεθυσμένος
388 442 437 477 τὴν
452 442 526 469 θείαν
543 444 644 481 ταύτην
661 446 756 482 μέθην,
772 447 877 481 ἔλεγενο

95 482 167 527 Eiet:
197 483 251 518 γὰρ
277 485 440 521 ἐξέστημεν
471 487 547 521 Θεῷ,
580 490 638 517 εἴτε
666 491 880 527 σωφρονοῦμεν

94 526 178 562 ὑμῖν.
194 529 243 565 ’Μὴ
257 531 369 567 νομίσῃς
381 532 408 558 δὲ
422 533 512 565 αὐτὸν,
528 534 568 560 ὅτι
580 535 633 562 ἀπὸ
646 536 716 563 οἴνου
731 536 764 573 ἦν
777 538 879 571 ἐξιστά-

95 582 193 607 μενος·
206 575 285 606 αὐτὸς
300 576 352 611 γὰρ
363 578 541 612 παρήγγειλε·
557 580 605 614 Μὴ
619 582 783 615 μεθύσκετε
797 583 876 616 οἴνῳ,

92 619 131 645 ἑν
143 616 167 652 ᾦ
179 620 263 646 ἐστιν
276 622 386 649 ἀσωτία
396 632 402 638 υ
413 623 480 657 ἀλλ’,
499 625 603 661 Ὀλίγῳ
615 627 686 661 οἴνῳ
697 627 757 662 χρῶ
766 629 815 655 διὰ
825 629 877 655 τὸν

93 666 252 700 στόμαχόν
264 675 333 697 σου.
345 669 466 706 Τιμοθέῳ
478 671 576 708 γράφει
585 681 592 688 ο
604 674 627 699 εἰ
639 673 667 700 δὲ
677 674 766 706 ἄλλοις
777 684 879 711 παραγ-

92 711 196 756 γέλλξι,
206 713 280 748 πόσῳ
294 715 389 749 μᾶλλον
401 716 504 752 ὲαυτῷ;
521 718 636 750 Ἐκεῖνος
645 719 697 756 γὰρ
711 721 876 756 μεμεθυσμέ-

93 765 141 788 vo;
159 755 192 792 ἦν
209 759 293 794 καλὴν
306 761 353 787 καὶ
366 760 439 788 θείαν
453 762 506 789 ἀπὸ
517 763 563 790 τοῦ
576 765 662 799 Λόγου
680 766 773 801 μέθην.
791 755 879 794 Γένθι-

935 264 1059 292 Salvator
1071 264 1222 293 infantibus
1236 267 1375 301 praecipiat.
1389 273 1419 295 ut
1431 270 1582 303 comedam,
1600 272 1713 307 majori-

931 310 981 338 bus
990 310 1072 342 dicat,
1082 309 1114 336 Et
1124 311 1219 343 bibite;
1231 312 1407 346 perfectis,Et
1421 314 1597 348 inebriamini,
1606 316 1715 350 fratres-

932 355 1002 383 Sane
1018 356 1119 384 Paulus
1144 365 1206 384 cum
1232 358 1368 393 perfectus
1395 365 1478 394 esset,
1505 365 1532 388 et
1555 361 1646 389 divina
1661 363 1712 391 ista

930 403 1060 430 ebrietate
1073 404 1169 438 plenus
1179 424 1186 437 ,
1210 404 1316 432 dicebat
1330 415 1336 432 :
1350 405 1409 433 Sive
1423 408 1491 434 enim
1506 414 1590 434 mente
1608 409 1713 436 excedi-

931 457 988 475 mus
1016 449 1068 476 Deo
1080 470 1087 481 ,
1112 450 1166 477 sive
1189 451 1317 485 sapientes
1335 460 1424 479 sumus
1439 454 1509 480 vobis
1525 454 1559 480 ".
1579 454 1617 482 Ne
1635 459 1712 490 putes

931 499 1020 522 autem
1041 495 1115 522 illum
1133 496 1267 524 exhausto
1287 498 1350 526 vino
1364 503 1453 526 mente
1471 499 1636 534 excessisse;
1655 500 1713 535 ipse

931 547 1049 575 namque
1067 542 1194 576 przecepit
1207 543 1250 570 his
1261 544 1351 572 verbis
1366 553 1372 571 :
1390 544 1479 572 Nolite
1494 546 1620 572 inebriari
1641 547 1712 580 vino,

931 587 958 613 in
973 595 1023 622 quo
1040 592 1078 614 est
1099 587 1206 615 luxuria
1221 589 1243 605 ⁷⁸
1262 599 1268 616 :
1287 592 1334 617 sed
1352 589 1494 618 Timotheo
1511 591 1624 619 scribit:
1646 591 1712 618 Vino

930 633 1033 659 modico
1050 639 1121 660 utere
1136 639 1242 668 propter
1265 636 1428 663 stomachum
1454 641 1528 663 tuum
1548 637 1581 664 ⁷⁸.
1597 636 1674 670 Quod
1689 638 1712 665 si

930 678 991 705 aliis
1017 678 1068 706 hoc
1093 679 1251 714 praecipiat,
1271 686 1374 715 quanto
1405 683 1492 718 magis
1514 683 1639 718 sibiipsi?
1665 683 1712 710 Ille

929 723 1029 758 quippe
1054 723 1204 753 inebriatus
1228 729 1287 752 erat
1312 726 1382 753 bona
1410 727 1453 753 illa
1474 731 1501 754 et
1521 727 1612 754 divina
1630 727 1716 755 Verbi

930 769 1070 796 ebrietate.
1094 768 1172 796 Faxit
1191 774 1281 798 autem
1300 770 1386 803 Deus,
1410 777 1438 799 ut
1459 779 1509 799 nos
1526 781 1586 800 cum
1602 773 1648 800 illo
1661 781 1717 800 an-

91 810 126 828 το
153 802 181 829 δὲ
201 804 247 829 καὶ
269 805 342 840 ἡμᾶς
367 807 599 844 συναριθμηοῆναι
627 811 685 845 μετ’
702 811 783 838 αὑτοῦ
800 813 828 838 ὲν
844 814 876 848 τῇ

929 821 1104 842 numeremur
1128 815 1154 842 in
1174 823 1258 851 regno
1278 817 1427 851 caelorum,
1453 818 1479 845 in
1507 818 1615 846 Christo
1634 818 1710 847 Jesu.

94 847 219 884 βατιὶεὶᾳ
232 849 285 876 τῶν
301 851 421 886 οὐρανῶν
437 853 464 879 ἐν
480 854 589 890 Χριστῷ
610 855 705 891 Ἰησοῦ.
742 857 836 894 Ἀμήν.

893 880 914 907 Β
930 859 1024 887 Amen.

133 937 158 953 "
171 937 251 967 Cant.
272 947 297 972 ν,
321 941 346 968 1.
385 942 407 957 ⁷⁷
428 941 448 969 ll
466 942 529 971 Cor.
547 951 574 977 ν,
588 944 631 972 15.
668 946 690 961 ⁷⁸
707 945 806 981 Ephes.
821 956 847 982 ν,
869 949 875 975 l

951 950 972 965 "
988 949 996 976 1
1017 949 1088 977 Tim.
1100 957 1127 983 ν,
1140 950 1184 978 23.

100 1044 1705 1062 Ἥ

756 1141 1043 1188 MONITUM

445 1244 478 1274 IN
495 1245 678 1275 SERMONES
692 1246 769 1275 SlVE
789 1247 1064 1277 COMMENTARIOS
1082 1249 1115 1277 IN
1138 1249 1353 1279 MA'l‘THIEUM.

133 1422 175 1450 An
188 1423 347 1451 Athanasius
361 1432 503 1457 sermones,
519 1425 571 1452 sive
582 1428 781 1453 commentarios
795 1427 820 1454 in
830 1427 984 1455 Matthzeum
994 1427 1104 1460 dederit,
1112 1435 1198 1460 necne,
1211 1435 1238 1455 re
1247 1435 1279 1454 ex
1290 1428 1445 1462 conjecturis
1460 1428 1545 1454 solum
1555 1427 1709 1462 ponderata,

95 1471 161 1498 olim
177 1472 303 1507 ambigere
317 1473 357 1508 fas
369 1477 440 1505 erat,
454 1473 582 1508 siquidem
595 1479 695 1502 catenae
709 1475 737 1502 in
751 1475 927 1510 Evangelium
947 1475 1074 1507 Matthxi,
1088 1476 1226 1503 Athanasii
1243 1475 1368 1503 nonnulla
1383 1475 1606 1510 circumferentes,
1620 1481 1711 1503 notato

94 1519 181 1546 solum
197 1521 334 1547 Athanasii
349 1521 460 1552 nomine,
474 1528 519 1546 nec
534 1523 733 1555 conmentario,
750 1530 795 1549 nec
810 1531 939 1550 sermones
961 1524 1113 1550 homiliasve
1135 1525 1326 1550 memorabant.
1349 1524 1380 1550 Et
1401 1525 1465 1559 quia
1486 1524 1600 1551 locorum
1618 1525 1710 1560 hujus-

95 1566 180 1594 modi.
193 1566 311 1601 quaedam
326 1571 400 1592 erant
417 1574 449 1592 es
463 1566 582 1600 operibus
594 1566 653 1601 jam
664 1569 732 1595 tusis
746 1576 878 1604 excerpta,
892 1570 952 1596 hinc
971 1570 1034 1596 mihi
1048 1570 1162 1596 suboluit
1177 1576 1282 1602 cratera,
1300 1579 1357 1604 qua:
1373 1571 1399 1596 in
1417 1571 1494 1598 editis
1508 1579 1559 1597 non
1572 1572 1712 1598 exstabant

94 1620 129 1639 ea;
139 1613 242 1639 amissis
255 1613 340 1639 sancti
355 1612 473 1641 Doctoris
489 1614 607 1648 operibus
619 1615 770 1649 depromptu
786 1615 876 1649 fuisse.
892 1615 955 1641 lam
977 1623 1035 1642 vero
1051 1616 1134 1642 omnis
1157 1616 1309 1650 suspicandi
1328 1615 1366 1642 vel
1384 1616 1532 1652 ambigendi
1546 1625 1626 1644 causa
1641 1617 1710 1644 leva-

96 1665 141 1686 tur
157 1668 165 1686 :
184 1661 211 1687 in
234 1661 364 1687 codicibus
378 1662 446 1688 enim
471 1671 529 1690 ctun
553 1663 657 1690 Italicis
676 1667 731 1690 tum
745 1663 865 1696 Gallicis,
891 1665 918 1690 in
940 1671 1005 1698 quos
1027 1663 1073 1690 sub
1097 1663 1151 1690 [ια-ἐ
1169 1663 1320 1695 incidimus,
1338 1665 1527 1690 commentaria
1540 1668 1564 1690 et
1580 1671 1710 1691 sermones

95 1703 237 1732 Athanasii
262 1706 288 1732 in
312 1706 466 1734 Matlhmutn
492 1709 588 1736 diserte
613 1714 757 1736 memorata
777 1709 1012 1744 deprehendimus;
1027 1710 1079 1736 into
1094 1710 1173 1736 etiam
1188 1717 1219 1735 ea;
1237 1717 1354 1736 sermone
1368 1713 1440 1735 sexto
1452 1713 1476 1735 et
1490 1717 1556 1735 nono
1570 1708 1603 1735 ad
1618 1717 1711 1735 marm—

94 1753 252 1786 scriptorum
266 1753 343 1787 ﬁdem
355 1762 405 1781 non
420 1763 505 1789 pauca
520 1755 624 1783 damus.
641 1756 695 1783 Nec
712 1757 817 1790 mirum,
832 1757 900 1792 quod
914 1758 968 1784 hwc
982 1758 1265 1789 commentariamiodo
1280 1758 1433 1792 ἑρμηνείαι,
1447 1759 1499 1785 sive
1510 1759 1709 1793 interpretatio-

95 1807 155 1831 nes.
172 1800 247 1826 modo
262 1800 334 1834 λόγοι
350 1802 403 1828 sive
418 1810 569 1836 sermones,
579 1807 624 1830 aut
641 1803 732 1830 melius
746 1804 806 1831 libri
820 1804 973 1832 vocitentur.
990 1804 1040 1831 llic
1056 1805 1125 1831 enim
1141 1812 1195 1831 mos
1208 1803 1357 1831 ercorum
1372 1811 1420 1835 est.
1436 1811 1462 1832 ut
1474 1805 1577 1840 prolixa
1593 1814 1670 1841 opera
1685 1810 1710 1831 et

95 1847 281 1882 συντάγματα,
295 1849 322 1875 in
334 1849 439 1884 λόγως,
457 1851 509 1878 sive
525 1851 605 1878 libros
622 1851 793 1879 distribuant.
810 1852 867 1885 Qua
887 1853 988 1880 ratione
999 1853 1045 1878 illa
1060 1854 1086 1879 in
1106 1851 1262 1879 Matthaaum
1281 1853 1463 1887 interpretatio
1477 1854 1502 1879 in
1516 1853 1612 1879 multo:
1628 1853 1708 1879 libros

94 1894 149 1920 sive
165 1902 293 1921 sermones
305 1896 429 1923 distincta
443 1897 503 1932 fuit.
517 1897 549 1925 Et
564 1906 621 1925 vero
634 1899 749 1926 videmus
765 1900 791 1925 in
807 1907 875 1934 sequt

930 1901 983 1931 bus,
1001 1900 1032 1926 ὲκ
1047 1899 1095 1934 τῆς
1112 1899 1263 1934 ἑρμηνείας
1276 1898 1322 1925 τοῦ
1339 1898 1408 1925 κατὰ
1430 1899 1567 1925 Ματθαῐον
1587 1898 1709 1932 Εὐαγγετ

93 1939 153 1966 ἳ-ίου
174 1940 251 1975 λόγον
267 1945 304 1974 ς’,
326 1950 358 1969 ex
375 1943 597 1978 interpretatione
622 1945 758 1982 Evangelii
776 1947 926 1974 secundum
946 1947 1100 1974 Matthmum
1125 1955 1278 1975 sermonem
1308 1952 1414 1974 sextum
1438 1948 1539 1982 afferri.
1558 1947 1623 1980 Quae
1646 1953 1710 1972 sane

93 1995 299 2018 cammanstrant
318 1992 349 2018 iis
367 1993 479 2023 vocibus.
496 1993 627 2028 ἑρμηνεία
639 1999 662 2020 et
677 1993 764 2028 λόγος,
779 2003 837 2029 qua:
853 1995 993 2022 Athanasii
1008 1994 1266 2029 interpretationibus
1287 1996 1502 2029 praemittuntur,
1519 1995 1587 2021 idem
1604 1993 1708 2028 signifi-

93 2037 152 2063 cari
165 2045 238 2071 opus.

133 2083 234 2111 [lorum
247 2086 334 2121 itaque
345 2088 589 2115 commentariorum
597 2089 655 2124 jam
670 2090 816 2126 fragmenta
830 2091 929 2127 aliquot
943 2099 975 2118 ex
990 2091 1177 2126 manuscriptis
1190 2095 1214 2117 et
1230 2091 1329 2117 catenis
1345 2090 1392 2116 sub
1403 2090 1480 2124 ﬁnem
1497 2088 1635 2116 Athanasii
1646 2095 1706 2121 ope-

93 2131 167 2158 ribus
180 2131 317 2165 edidimus,
333 2133 377 2160 sed
392 2132 540 2169 plerumque
555 2143 646 2163 manca
660 2141 684 2163 et
700 2136 797 2164 lacera.
813 2137 879 2165 Cum
893 2146 970 2171 porro
985 2138 1067 2165 multa
1081 2138 1169 2172 plura,
1184 2137 1348 2164 inobservata
1360 2136 1459 2171 pridem
1474 2143 1505 2162 ea;
1521 2133 1706 2168 rnanuscriptis

92 2183 177 2210 nuper
188 2178 353 2209 accesserint.
366 2179 400 2204 ad
415 2180 530 2205 nativum
546 2181 662 2208 ordinent
679 2183 767 2209 omnia
785 2185 958 2211 restituimus.
972 2183 1120 2219 Fatearqu
1136 2189 1222 2210 tamen
1238 2191 1287 2216 me,
1299 2183 1361 2218 quia
1376 2181 1528 2213 compendio
1544 2180 1649 2207 studere
1665 2187 1707 2205 so-

93 2222 172 2253 leant,
186 2222 341 2256 aliquandiu
352 2224 466 2258 ha'sisse,
477 2234 538 2252 num
550 2227 640 2254 ist/uva
654 2236 739 2256 recens
752 2235 826 2257 eruta
842 2237 954 2263 tantum,
967 2233 1151 2266 prtvtcrmissis
1165 2233 1225 2259 aliis
1232 2232 1291 2266 jam
1305 2231 1393 2261 editis.
1408 2230 1545 2262 seiunctim
1555 2228 1671 2260 ederem;
1682 2231 1707 2255 et

93 2269 215 2295 lectorem
226 2269 334 2296 subinde
347 2271 381 2297 ad
393 2271 453 2306 jam
471 2273 542 2300 edita
559 2276 724 2304 remitterem.
744 2278 777 2304 At
792 2284 848 2305 tum
864 2281 1010 2307 amicorum
1025 2289 1116 2313 suasu,
1131 2286 1186 2307 tum
1202 2285 1302 2315 meopte
1318 2277 1426 2306 consilio
1442 2285 1472 2303 ac
1492 2280 1568 2308 nutu,
1580 2275 1708 2309 importu-

94 2323 157 2342 num
180 2317 330 2351 scrupulum
356 2317 450 2353 abegi;
471 2319 523 2346 sive
548 2321 609 2356 quia
623 2323 750 2350 nonsatis
772 2329 879 2351 cautum
894 2325 998 2352 lectoris
1014 2332 1066 2353 otto
1081 2326 1225 2358 videbatur,
1238 2327 1261 2353 si
1273 2328 1306 2352 ad
1320 2325 1392 2351 varia
1413 2323 1555 2350 identidem
1572 2325 1640 2352 loco,
1656 2329 1708 2348 non

93 2362 164 2388 actim
178 2362 256 2388 simul
271 2364 368 2394 onmia,
383 2365 450 2390 inter
466 2364 599 2400 legendum
611 2369 819 2402 amandaretur;
833 2371 884 2398 sive
898 2373 1044 2406 prresertim
1063 2373 1124 2407 quia
1140 2381 1224 2407 pauca
1236 2371 1349 2406 illajam
1367 2370 1508 2404 publicata,
1522 2374 1550 2395 ut
1565 2369 1706 2404 plurinmm

93 2406 181 2436 initio,
195 2407 277 2434 medio
288 2412 313 2434 et
326 2408 376 2442 [ine
390 2409 482 2435 mutila
496 2415 566 2442 sunt,
579 2418 609 2438 ac
622 2412 753 2439 interdum
764 2414 844 2449 duplo
858 2417 985 2450 triploque
997 2417 1116 2443 auctiora
1128 2425 1159 2443 ex
1174 2417 1360 2451 manuscriptis
1375 2415 1513 2450 prodeunt.

131 2451 201 2484 Quia
216 2460 272 2478 vero
286 2452 378 2484 solerti,
393 2461 453 2487 quae
465 2456 607 2489 peregrinis
624 2458 651 2483 in
675 2457 738 2484 locis
753 2463 870 2490 exstant,
884 2461 1047 2495 peregrinum
1063 2461 1140 2493 olere,
1162 2461 1275 2495 fatemur
1292 2469 1338 2487 nos
1359 2463 1391 2488 de
1408 2461 1555 2495 fragmento
1571 2468 1602 2487 ea:
1622 2460 1704 2486 Atha-

95 2500 165 2525 nasii
180 2501 365 2527 commentario
382 2501 481 2533 avulso,
501 2501 536 2529 De
552 2511 648 2531 novem
665 2505 861 2534 insanabilibus
879 2507 982 2535 morbis
998 2507 1121 2539 Herodis,
1136 2517 1166 2535 at:
1180 2510 1250 2535 inter
1264 2509 1457 2539 Athanasiana.
1473 2517 1523 2543 quo
1538 2509 1592 2542 fors
1610 2507 1706 2533 tulerat

94 2545 221 2579 conjecto,
242 2546 382 2580 aliquando
400 2547 543 2575 dubitasse.
552 2548 646 2576 Verum
659 2551 712 2583 ubi,
723 2552 826 2585 proprio
837 2552 863 2579 in
877 2551 934 2579 loco
950 2553 1074 2587 positum,
1087 2554 1203 2588 conferre
1219 2553 1291 2580 licuit
1310 2562 1369 2580 cum
1388 2555 1448 2580 aliis
1465 2554 1491 2580 in
1509 2552 1648 2578 Matlneum
1666 2551 1706 2577 in-

95 2592 325 2625 terpretationibus
336 2591 452 2618 eamdem
465 2593 490 2619 in
507 2601 535 2619 eo
550 2593 630 2628 facile
646 2595 786 2622 Athanasii
799 2604 903 2622 manum
919 2598 1081 2632 agnovimus.
1094 2597 1161 2630 Qua:
1176 2605 1253 2633 porro
1267 2598 1308 2624 hic
1329 2598 1360 2624 de
1379 2605 1466 2623 novem
1482 2595 1592 2622 Herodis
1609 2595 1706 2624 morbis

94 2642 200 2667 narrat.
219 2645 251 2664 ea:
264 2637 376 2672 Josepho
391 2639 425 2664 ad
440 2638 544 2665 verbum
562 2647 624 2673 pene
639 2645 774 2668 mutuatus
797 2647 833 2669 est
855 2650 863 2669 :
876 2642 979 2677 aliaque
993 2644 1024 2669 de
1043 2643 1154 2671 Iter-adis
1177 2643 1312 2670 natalibus
1335 2643 1436 2669 erudite
1447 2650 1479 2668 ex
1491 2642 1579 2668 eodem
1592 2641 1710 2676 Josrpho

94 2688 119 2711 et
131 2692 163 2710 ex
173 2683 298 2717 Africano
312 2684 443 2711 edisserit.
1609 2709 1612 2712 .

132 2729 206 2755 Alius
222 2729 332 2763 fortasse
345 2729 498 2756 suboriatur
512 2729 735 2765 scrupulus,quod
751 2731 784 2757 ad
798 2732 1034 2767 interpretationth
1045 2733 1125 2766 illius,
1138 2745 1146 2760 ι
1160 2734 1236 2762 Beati
1247 2735 1342 2762 mundo
1351 2734 1427 2761 corde
1437 2735 1505 2766 ‘°-”,
1519 2744 1528 2760 ι
1546 2735 1706 2761 Athanasius

95 2775 165 2803 illud
177 2774 248 2808 Jobi,
260 2786 269 2802 ί
281 2775 364 2803 Nemo
376 2776 487 2803 niundus
502 2785 518 2803 a
535 2779 620 2810 sorde,
636 2778 739 2806 etiamsi
752 2779 828 2807 unius
840 2779 891 2807 diei
902 2780 954 2808 vita
965 2781 1022 2815 ejus
1035 2782 1069 2808 sit
1083 2789 1160 2816 super
1173 2787 1268 2809 terram
1277 2783 1310 2816 ⁸⁵,
1326 2793 1335 2808 ι
1347 2781 1377 2808 de
1386 2781 1506 2808 sordibus
1521 2781 1651 2815 corporeis
1663 2780 1706 2808 in-

134 2841 194 2863 ¹⁴·⁸⁸
209 2842 303 2871 Matth.
317 2852 341 2876 ν,
357 2845 382 2872 8.
420 2846 442 2861 ⁸⁵
457 2845 506 2874 Job
523 2854 578 2881 xtv,
596 2847 623 2874 4.
