1930 3046
241 160 310 189 1563
672 164 700 192 S.
722 164 907 194 ATHANASII
925 165 999 194 OPP.
1021 166 1110 195 PARS
1130 167 1173 195 lli.
1195 182 1229 188 —
1248 167 1450 196 EXEGETICA.
1785 168 1855 195 1364

239 220 407 255 taltigendum
422 227 527 258 pugnet,
541 227 664 258 urgetque
676 227 768 250 contra
785 223 968 251 hrcreticorum
984 225 1157 259 quorumdam
1172 225 1220 261 (sic
1234 225 1290 260 ille)
1304 226 1462 260 opinionem,
1476 225 1618 260 infantium
1638 226 1734 253 animis
1754 229 1856 259 sordes,

238 267 292 293 sire
308 274 415 302 peccata
430 269 524 296 inesse.
545 269 650 302 Verum,
668 275 694 296 ut
711 270 766 304 ipse
779 278 824 298 nec
837 271 946 298 obscure
959 271 1156 306 interpretatur,
1169 273 1201 298 de
1215 272 1334 299 sordibus
1347 273 1398 298 sive
1410 273 1522 306 peccatis
1537 272 1694 303 actualibus.
1708 279 1736 298 ut
1751 277 1854 302 uocant.

238 314 337 347 agitur,
352 323 410 349 quae
421 315 502 342 inesse
516 317 603 350 pueris
619 324 692 343 nemo
711 325 791 344 sanus
808 317 916 344 dixerit.
930 317 1006 349 Quod
1023 318 1046 344 si
1066 318 1123 352 quis
1139 324 1256 352 reponat,
1279 327 1325 344 cur
1335 317 1396 344 Jobi
1412 318 1511 344 dictum
1534 318 1568 344 ad
1581 324 1713 352 peccatum
1727 318 1856 352 originale

237 368 289 387 non
301 362 396 396 referat
412 363 583 396 Athanasius,
597 363 656 390 huic
674 372 798 399 regerant,
814 365 990 392 Athanasium
1009 370 1033 391 et
1048 366 1071 392 si
1086 366 1131 400 qui
1144 366 1192 393 alii
1205 367 1292 401 aﬂinia
1305 367 1386 393 locuti
1402 371 1471 397 sunt.
1489 374 1536 401 pro
1550 365 1668 392 sordibus
1686 366 1784 392 animae
1794 373 1857 399 pro-

237 407 312 440 priis.
328 408 422 434 delicta
437 409 521 436 soluat
541 419 556 436 a
571 409 683 444 quolibet
702 410 805 436 homine
821 405 938 436 admi'ssu
949 409 1087 441 habuisse;
1103 418 1183 444 neque
1199 415 1285 437 tamen
1301 411 1442 452 ignorasse,
1460 417 1492 438 ea:
1507 409 1601 436 Adami
1618 409 1704 443 lapsu,
1720 410 1855 435 universos

237 452 294 485 ejus
306 458 430 486 posteros,
443 453 558 480 debitum
571 455 661 481 mortis
677 459 730 481 tam
742 455 838 481 animi:
851 463 930 490 quam
943 455 1060 488 corporis
1076 456 1248 482 contraaisse.
1272 455 1307 483 Et
1323 456 1390 483 alias
1404 464 1454 483 non
1471 457 1568 491 integer
1580 455 1652 482 locus
1665 460 1714 486 est,
1732 455 1777 482 sed
1794 463 1854 480 mu-

237 499 298 527 tilus
309 509 318 527 :
331 502 399 536 quod
410 503 434 528 si
445 507 577 530 exstarent
590 503 688 536 omnia,
703 502 774 529 haud
787 503 864 530 dubie
875 503 942 529 hanc
958 502 1096 530 Athanasii
1112 507 1222 530 mentem
1235 511 1290 530 esse
1303 511 1335 530 ea:
1346 503 1411 531 serie
1422 504 1681 539 deprehenderemus.
1697 502 1734 530 De
1746 502 1783 528 his
1793 501 1853 535 plu-

237 549 309 576 ribus
321 551 348 577 in
359 552 525 586 pra'fatioue.

273 597 322 625 llic
334 607 411 633 porro
427 602 556 635 pra-clara
575 602 658 628 multa
675 607 814 628 occurrunt
833 608 924 629 contra
939 602 1024 636 fatum
1040 607 1064 629 et
1079 603 1276 639 genethliacos;
1291 604 1323 630 de
1338 603 1492 631 abdicandis
1507 601 1644 638 episcopis,
1660 598 1815 635 presbyteris
1826 600 1850 623 α

235 643 354 672 diaconis
368 646 483 681 improbe
503 656 529 674 se
552 650 698 683 gerentibus
712 658 721 677 :
735 651 767 677 de
780 651 966 685 mysteriorum
987 650 1087 677 Christi
1100 652 1152 678 sive
1167 660 1251 679 sacri:
1263 651 1439 680 Eucharistite
1458 651 1642 678 distributione
1654 657 1700 682 per
1711 647 1851 674 diaconum

235 690 336 724 agenda
347 699 356 717 :
366 693 411 726 qui
426 693 622 728 intelligendum
640 696 675 722 sit
695 695 761 722 illud
773 703 782 721 :
795 695 963 730 Blasphemia
980 695 1006 722 in
1022 695 1119 723 Filium
1129 696 1248 725 hominis
1259 697 1421 731 remittelur,
1433 697 1459 724 in
1473 698 1602 734 Spiritum
1614 702 1740 726 sanctum
1754 702 1851 723 secus:

234 742 326 764 contra
339 748 380 766 eos
393 741 438 777 qui
453 742 542 768 lunam
559 743 625 770 inter
639 744 747 770 numina
761 748 959 778 censerent.quo
973 744 1270 773 cevmnAt/mnasianum
1279 745 1420 779 indicatur,
1433 747 1537 781 quando
1551 746 1735 780 multiplicium
1746 745 1853 771 deorum

234 791 307 811 error
317 785 401 813 adhuc
415 787 514 822 rigebat
529 788 556 815 in
568 788 638 817 orbe.
656 787 688 815 Et
699 790 738 816 his
751 789 849 816 similia
864 789 924 816 bene
936 789 1028 816 multa.

270 832 328 864 Quo
342 838 454 868 tempore
469 841 556 862 autem
571 836 625 863 htec
640 838 826 864 commentaria
847 837 916 863 edita
936 836 1046 871 fuerint,
1059 836 1163 863 nonnisi
1174 844 1206 863 ea:
1221 836 1277 863 loco
1292 837 1339 863 illo
1351 837 1478 872 augurari
1493 836 1552 863 licet
1567 835 1610 862 ubi
1629 838 1736 862 sanctus
1755 834 1852 860 Doctor

233 881 321 914 arguit
341 882 533 917 Apollinarium
550 884 702 919 impietatis.
722 883 792 911 Nam
809 885 848 910 uti
871 891 904 910 ea:
923 883 1006 918 ipsius
1023 882 1162 909 Athanasii
1176 883 1202 909 in
1223 883 1322 917 synodo
1344 883 1514 916 Antiochena,
1530 891 1597 910 anno
1612 881 1674 912 552,
1690 879 1850 911 testimonio,

233 934 279 953 nec
293 936 344 954 non
355 936 387 955 ea:
403 928 492 956 Procli
512 929 569 956 loco
588 931 615 958 in
634 932 732 966 synodo
747 929 1040 964 Constantinopolitano
1052 928 1217 963 exploratum
1232 934 1291 961 est;
1309 929 1447 963 postremis
1462 929 1546 956 solum
1565 929 1624 956 vita:
1637 928 1715 954 annis
1729 926 1851 953 Athana—

232 975 288 1000 sius
300 983 360 1001 cum
373 975 538 1009 Apollinario
551 978 577 1004 in
590 983 707 1010 apertum
720 977 816 1004 bellum
830 977 961 1012 prorupit,
976 983 1084 1010 eumque
1101 981 1130 1002 ut
1145 975 1347 1003 Itwresiarcham
1361 985 1407 1011 per
1423 976 1555 1004 hominum
1572 984 1618 1003 ora
1634 975 1768 1002 traduxit.
1783 973 1850 1000 For-

233 1026 302 1049 tasse
315 1023 366 1049 dici
377 1028 460 1056 posset
475 1025 556 1052 etiam
579 1025 763 1058 Athanasium,
778 1033 837 1052 cum
850 1026 903 1051 hac
924 1024 1112 1051 commentaria
1126 1024 1200 1058 prius
1221 1023 1356 1056 edidisset,
1368 1024 1516 1051 clausulam
1532 1023 1608 1050 illam
1619 1023 1646 1049 in
1657 1021 1850 1055 Apollinarium

233 1073 320 1100 postea
338 1069 489 1105 adjunxisse
502 1080 510 1102 ;
525 1080 602 1106 quam
617 1081 667 1100 rem
686 1082 736 1100 non
750 1073 828 1100 semel
839 1073 992 1108 praestitisse
1005 1076 1126 1098 sanctum
1144 1071 1283 1099 Bostarem
1294 1071 1431 1099 docuimus
1445 1072 1525 1099 alias.

353 1205 405 1237 EX
430 1205 682 1238 SERMONIBL'S
705 1207 796 1237 SIVE
817 1205 1127 1237 COMMENTARHS
1159 1206 1200 1237 IN
1229 1204 1493 1236 EVANGELIUM
1519 1202 1727 1234 ΜΑΤΤΗᾹΞΙ.

381 1359 459 1388 Liber
470 1363 643 1396 generationis
658 1361 722 1390 Jesu
739 1363 848 1393 Christi.

1178 1364 1286 1397 Βίϐλος
1302 1362 1448 1398 γενέσεως
1466 1360 1567 1396 Ἰησοῦ
1583 1360 1724 1395 Χριστοῦ.

265 1405 298 1434 Et
316 1406 443 1434 sacerdos
453 1398 493 1434 ὀι
507 1415 555 1435 rex
569 1408 695 1436 Christus
709 1415 769 1437 erat
785 1419 792 1437 :
808 1409 935 1439 sacerdos
948 1411 1011 1447 qui-

229 1452 302 1483 dem.
327 1456 357 1478 ut
380 1452 427 1488 qui
454 1460 484 1480 se
499 1454 629 1482 obtulerit
655 1456 770 1485 hostiam
797 1464 847 1492 pro
868 1457 1011 1492 omnibus;

230 1506 276 1527 rex
291 1505 365 1529 vero,
379 1502 408 1524 ut
429 1499 475 1533 qui
491 1499 623 1528 adversus
641 1507 781 1536 peccatum
797 1507 823 1530 et
841 1507 956 1532 mortem
970 1511 1013 1532 re-

230 1545 362 1580 gnavcrit.

414 1592 598 1621 Geucrationcs
614 1595 821 1629 quatuordeeim.

265 1638 330 1671 Quae
344 1647 427 1669 causa
446 1645 487 1668 est
505 1648 556 1668 cur
570 1649 632 1668 cum
649 1641 675 1668 in
695 1641 770 1669 hisce
792 1642 1011 1676 generationibus

229 1684 371 1714 duodecim
387 1691 491 1714 tantum
507 1695 630 1722 personae
647 1693 832 1723 compareant,
844 1690 1010 1723 quatuorde-

227 1731 282 1758 cim
305 1735 394 1759 tamen
415 1733 604 1767 generationes
624 1733 797 1761 inveniantur
812 1734 854 1760 "?
872 1733 925 1762 Pro
950 1742 1011 1770 per-

227 1784 306 1809 sona,
334 1777 469 1811 arbitror,
491 1779 655 1813 evangelista
674 1779 941 1815 transmigrationem
962 1787 1012 1815 po-

228 1823 300 1855 suit;
318 1827 346 1850 et
362 1831 411 1858 pro
422 1823 474 1850 alia
490 1831 618 1859 persona,
632 1824 782 1853 Christum.

225 1877 368 1905 Athanasii
381 1878 556 1916 Aleaandriui
568 1879 634 1916 liber
645 1880 876 1916 interpretationis
890 1880 1010 1916 Evange-

436 1914 466 1943 lii
481 1915 624 1941 secundant
638 1915 804 1942 Matt/tamin.

269 1957 386 1988 Vidimus
409 1960 479 1986 enim
505 1960 610 1987 stellam
632 1960 688 1992 eius
711 1961 739 1989 in
755 1962 852 1989 oriente
865 1962 898 1988 "’.
912 1961 941 1989 Si
961 1970 1010 1999 pro

1098 1410 1135 1446 (4)
1157 1411 1213 1437 Καὶ
1233 1410 1321 1446 ἱερεὺς
1340 1409 1387 1436 καὶ
1413 1407 1537 1443 βασιλεὺς
1559 1407 1574 1434 ὁ
1599 1405 1718 1442 Χριστὸς
1734 1406 1850 1441 ἐτύγχα-

1063 1465 1107 1484 νεν
1119 1465 1126 1472 ·
1145 1457 1234 1491 ἱερεὺς
1248 1456 1296 1491 μὲν
1312 1455 1350 1487 ὠς
1364 1454 1458 1482 ἑαυτὸν
1473 1453 1656 1489 προσαγαγὼν
1667 1452 1764 1479 θυσίαν
1780 1453 1850 1489 ὑπὲρ

1061 1503 1148 1541 ήμῶν,
1164 1502 1286 1537 βασιλεὺς
1301 1501 1329 1528 δὲ
1342 1500 1379 1533 ὡς
1394 1499 1464 1528 κατὰ
1478 1500 1527 1535 τῆς
1546 1498 1681 1535 ἁμαρτίας
1697 1499 1745 1525 καὶ
1764 1498 1849 1525 θανά-

1060 1557 1107 1577 του
1122 1547 1295 1584 βασιλεύσας.

1269 1593 1374 1621 Γενεαὶ
1400 1591 1619 1627 δεκατέσσαρες

1095 1640 1151 1669 Καὶ
1163 1639 1222 1672 πῶς
1234 1638 1350 1666 ἐνταῦθα
1365 1638 1411 1664 ἐπὶ
1429 1637 1482 1664 τῶν
1501 1637 1602 1672 γενεῶν
1614 1657 1621 1668 ,
1643 1636 1747 1664 δώδεκα
1763 1644 1850 1672 προς-

1060 1685 1141 1712 ὡπων
1162 1684 1305 1720 κειμένων,
1321 1683 1517 1718 δεκατέσσαρες
1540 1682 1631 1716 γενεαὶ
1649 1681 1824 1717 εὑρίσκονται
1841 1689 1848 1713 ;

1060 1729 1154 1766 Οἶμαι,
1166 1731 1206 1757 ὅτι
1218 1730 1264 1757 καὶ
1281 1729 1330 1765 τὴν
1347 1728 1517 1764 μετοικεσίαν
1532 1728 1615 1763 αὐτὴν
1625 1728 1685 1754 ἀντὶ
1699 1726 1849 1763 προσώπου

1059 1778 1074 1804 ὁ
1086 1775 1279 1812 εὐαγγελιστὴς
1292 1775 1396 1802 τέθεικε
1407 1781 1414 1789 ·
1435 1775 1481 1801 καὶ
1493 1774 1554 1801 ἀντὶ
1568 1774 1616 1808 τῆς
1635 1773 1733 1808 ἑτέρας
1748 1773 1777 1799 δὲ
1802 1773 1848 1799 τὸν

1060 1823 1186 1860 Χριστόν.

1060 1881 1098 1917 (5)
1120 1880 1296 1920 Ἀθανασὶοιέ
1319 1878 1598 1921 Ὰλςξᾳζΰλῆιϐλοτς,
1615 1876 1669 1910 τῆς
1689 1876 1847 1911 ἑρμηνείας

1245 1914 1298 1942 τοῦ
1314 1914 1388 1941 κατὰ
1402 1914 1550 1941 ΜατθιιῙον
1560 1914 1651 1947 Εῠατ.

1091 1961 1218 1996 Εἵδομεν
1230 1961 1284 1996 γὰρ
1296 1960 1392 1987 αὐτοῦ
1408 1959 1461 1986 τὸν
1475 1958 1587 1992 ἀστέρα
1599 1957 1633 1984 ἐν
1649 1957 1687 1991 τῇ
1699 1956 1845 1990 ἀνατολῇ.

227 2005 341 2040 Singulis
372 2005 528 2034 hominibus
554 2006 630 2034 stella
657 2007 684 2033 in
708 2007 778 2035 ctnlo
804 2012 896 2039 esset,
926 2015 1010 2043 quare

1066 2010 1092 2036 Ei
1108 2009 1135 2035 δὲ
1153 2006 1186 2044 ἦν
1203 2007 1263 2035 καθ’
1279 2007 1393 2034 ἕκαστον
1409 2006 1550 2042 ἄνθρωπον
1561 2003 1648 2040 ἀστὴρ
1667 2004 1696 2030 ὲν
1708 2003 1748 2039 τῷ
1764 2004 1847 2038 οὑρι-

226 2039 306 2080 lertia
327 2051 370 2080 die
391 2052 491 2080 cmlum
508 2053 621 2080 inllnitis
636 2053 843 2089 innumerisque
861 2055 948 2083 stellis
963 2063 1008 2082 rc-

1066 2053 1110 2090 νῷ,
1129 2039 1187 2085 πῶς
1203 2053 1236 2088 τῇ
1257 2052 1335 2089 τρίτῃ
1351 2051 1442 2087 ἡμέρᾳ
1461 2039 1484 2077 γό
1505 2049 1618 2086 οὐρανὸς
1638 2049 1775 2083 κατέγεμε
1795 2048 1846 2075 τῶν

225 2096 326 2130 plelum
342 2101 384 2124 est
417 2105 479 2124 cum
493 2102 582 2125 tamen
599 2097 682 2126 Adam
697 2102 774 2125 sexta
787 2097 830 2125 die
850 2097 1008 2126 eﬂ'ormatus

225 2142 278 2169 sit?

1061 2099 1182 2135 ἀπείρων
1199 2098 1246 2125 καὶ
1267 2097 1459 2143 ἁναριθμήτυέν
1476 2096 1593 2131 ἄστρων,
1609 2094 1655 2122 τοῦ
1677 2094 1764 2129 Ἀδὰμ
1777 2094 1844 2121 πλα-

1061 2145 1168 2177 σΘὲντος
1182 2146 1215 2180 τῇ
1230 2147 1254 2176 ς’
1269 2143 1360 2179 ἡμέρᾳ
1373 2151 1378 2156 ”

723 2201 756 2230 Et
774 2203 918 2238 iaterjectis
935 2205 1090 2240 quibusdam
1104 2212 1136 2231 ea:
1152 2202 1347 2237 Chrysostomo.

260 2258 337 2292 Quod
354 2263 443 2285 autem
461 2267 547 2294 neque
567 2258 669 2292 fatum,
690 2267 778 2296 neque
795 2262 913 2296 genesis,
928 2262 955 2290 id
966 2268 1010 2290 est

225 2310 301 2332 ortus
314 2304 391 2338 hora,
412 2312 499 2340 neque
512 2313 610 2334 cursus
621 2311 758 2334 astrorum
770 2313 864 2335 nostra
877 2308 1007 2344 dirigant.

224 2348 265 2375 vel
279 2348 343 2375 hinc
358 2348 445 2383 palam
467 2354 518 2377 est.
531 2349 599 2377 Nam
617 2351 638 2378 si
655 2351 718 2380 inde
739 2353 833 2380 omnia
847 2357 923 2388 gesta
942 2362 1008 2389 pen-

222 2395 314 2428 deant,
330 2402 384 2421 non
399 2402 431 2422 ex
445 2395 587 2424 hominum
604 2397 745 2426 voluntate
760 2403 787 2426 et
799 2399 941 2432 electione,
959 2407 1008 2427 cur

222 2441 289 2468 furti
308 2448 384 2468 reum
408 2441 588 2469 domesticum
608 2444 756 2473 verberas?
769 2445 834 2480 quid
853 2453 944 2474 causa:
966 2451 1008 2474 est

221 2487 294 2522 quod
310 2487 460 2515 adulteram
477 2495 590 2515 uxorem
606 2489 639 2516 ad
656 2490 779 2518 tribunal
798 2491 910 2520 trahas?
921 2500 1008 2527 quare

221 2534 255 2560 de
276 2533 410 2568 improbis
436 2532 516 2560 factis
543 2534 646 2568 pudore
674 2535 857 2564 suti‘underis?
877 2538 942 2572 quid
968 2543 1009 2566 est

221 2579 294 2613 quod
314 2579 512 2607 contumeliosa
529 2579 610 2607 verba
631 2588 683 2607 non
706 2581 795 2615 feras;
810 2582 857 2610 sed
872 2583 894 2612 si
908 2584 969 2619 quis
984 2589 1010 2612 te

222 2625 359 2652 moechum
373 2629 421 2653 aut
434 2624 641 2656 fornicatorem.
656 2630 705 2652 aut
715 2625 865 2659 ebriosum.
882 2633 928 2655 aut
943 2628 1009 2663 quid

1096 2262 1156 2288 Ὅτι
1170 2260 1224 2296 γὰρ
1239 2259 1300 2286 οὒτε
1316 2258 1468 2294 εἱμαρμένη
1481 2277 1488 2289 ,
1502 2257 1564 2284 οὔτε
1579 2257 1694 2291 γένεσις,
1707 2256 1769 2285 οὒτε
1785 2257 1846 2294 696-

1062 2315 1112 2342 μος
1124 2306 1244 2341 ἀστέρων
1258 2305 1292 2332 τὰ
1314 2304 1374 2331 καθ’
1396 2304 1469 2340 ἡμᾶς
1485 2303 1592 2334 διοικεῖ.
1611 2302 1734 2330 ἐντεῦθεν
1752 2303 1842 2338 δῆλον.

1061 2353 1092 2379 El
1107 2351 1160 2387 γὰρ
1177 2351 1281 2378 ἐκεῖθεν
1305 2350 1420 2386 ἢρτηται
1437 2348 1472 2376 τὰ
1486 2348 1616 2383 γινόμενα
1631 2348 1731 2379 πάντα,
1748 2348 1795 2376 καὶ
1814 2348 1844 2375 οὐ

1060 2399 1109 2434 τῆς
1130 2397 1314 2434 προαιρέσεως
1335 2396 1389 2424 τῶν
1406 2394 1566 2431 ἀνθρώπων,
1590 2394 1661 2426 τίνος
1678 2395 1771 2422 ἕνεκεν
1796 2403 1844 2430 μα·

1061 2446 1163 2479 στιγοίς
1175 2444 1220 2470 τὸν
1234 2443 1341 2478 οἰκέτην
1361 2441 1527 2476 κεκλοφότας
1545 2441 1617 2473 τινος
1629 2441 1720 2467 ’ἐνεκεν
1738 2449 1844 2476 μοιχευ-

1057 2490 1149 2517 θεῖσαν
1173 2489 1222 2524 τὴν
1241 2489 1358 2523 γυναῖκα
1379 2488 1418 2519 εἰς
1449 2487 1623 2522 δικαστήριον
1644 2487 1753 2519 ἓλκειςς
1773 2487 1843 2518 τίνος

1057 2536 1148 2562 ἕνεκεν
1167 2534 1283 2571 αἰσχύνῃ
1299 2533 1405 2569 πονηρὰ
1423 2533 1569 2568 πράττων;
1589 2533 1662 2564 τινος
1675 2532 1769 2560 ἕνεκεν
1785 2532 1843 2559 οὐδὲ

1058 2582 1090 2609 τὰ
1109 2582 1218 2617 ῥήματα
1234 2581 1326 2616 φέρεις
1342 2579 1542 2615 ὁνειδιζὸμεναε
1560 2578 1617 2605 ἀλλ’
1632 2579 1678 2606 ὲάν
1691 2579 1734 2611 τίς
1750 2588 1780 2606 σε
1794 2587 1841 2605 κα-

1057 2624 1123 2661 λέσῃ
1137 2625 1271 2661 μοιχὸν,ἣ
1290 2625 1399 2660 πόρνον,
1429 2624 1445 2660 ἢ
1474 2624 1600 2660 μέθυσον,
1618 2625 1634 2659 ἢ
1662 2633 1690 2650 τι
1710 2625 1841 2655 τοιοῦτον,

222 2670 311 2699 simile
325 2671 450 2706 appellet,
465 2671 491 2699 id
505 2671 698 2700 contumeliam
710 2680 791 2700 vocas
801 2673 812 2699 Ῥ
822 2672 888 2701 Nam
906 2675 927 2701 si
945 2683 1006 2709 pcc-

1066 2671 1136 2706 369w
1149 2671 1179 2697 τὸ
1195 2672 1312 2707 πρᾶγμα
1327 2672 1432 2703 καλείς;
1450 2671 1480 2696 El
1498 2670 1552 2705 γὰρ
1569 2670 1606 2706 μὴ
1625 2670 1674 2705 τῆς
1701 2670 1752 2705 σῆς
1776 2669 1841 2705 γνώ-

221 2722 311 2746 catum
327 2725 382 2746 non
396 2725 429 2745 ex
444 2718 577 2746 sententia
592 2718 712 2753 prodiret
730 2722 786 2751 tua,
802 2727 888 2754 neque
902 2721 1006 2748 crimen

256 2776 279 2792 "
296 2777 389 2806 Matth.
405 2786 422 2810 ι,
441 2778 481 2806 ΓΙ.
527 2778 549 2794 ⁸⁷
562 2777 658 2804 Matth.
677 2786 707 2811 ιι,
720 2777 746 2804 3.

256 2833 380 2872 tl)_Eil_it.
396 2835 508 2872 Atham,
525 2845 550 2872 p.
568 2836 645 2869 1006,
661 2845 693 2865 ex
708 2843 825 2865 calentia
839 2837 867 2865 Ρ.
889 2837 1003 2866 Ροεςὶιιο

220 2869 290 2904 edita
302 2869 328 2896 in
343 2869 505 2898 Matlha'um.

1062 2725 1115 2752 μης
1130 2717 1160 2744 τὸ
1177 2718 1356 2753 ἁμαρτάνειν,
1367 2717 1430 2744 οὔτε
1441 2717 1565 2752 ἔγκλημα
1577 2717 1607 2743 τὸ
1620 2717 1771 2752 γινόμενον,
1783 2716 1840 2744 οὗτε

1095 2838 1131 2870 (δι
1149 2838 1183 2866 Ex
1198 2847 1229 2866 co
1241 2839 1289 2866 lico
1306 2838 1389 2874 Regio
1404 2838 1481 2871 i995,
1496 2845 1511 2865 x
1523 2835 1684 2868 sarculifol"
1699 2836 1744 2865 ιξ.
