1930 3046
66 169 139 197 13ιὶ3

629 167 847 197 FRAGMENTA
868 167 899 194 ΙΝ
922 165 1144 195 ΜᾹΤΤΙῌΞΚΙΜ.

1627 162 1695 190 1366

65 229 149 263 ὕϐρις
164 229 193 254 τὸ
208 228 362 264 λεγόμενον.
377 228 434 254 Νῦν
450 227 478 254 δὲ
495 228 542 254 καὶ
561 227 594 254 δι¹
606 224 643 255 ὧν
659 230 715 260 τοῖς
732 227 856 264 ἁμαρτά-

912 226 936 253 id
956 228 1059 262 egisse,
1089 233 1176 261 neque
1201 223 1366 253 contumelia
1392 227 1465 251 esset
1495 222 1519 250 id
1545 214 1705 257 praedicari.‘

64 283 159 301 νουσιν
174 275 204 301 οὐ
218 273 423 308 συγ-γινώσκεις,
437 274 484 300 καὶ
499 274 532 300 δι’
548 270 584 301 ὧν
596 275 676 306 αὐτὸς
690 275 810 310 αἰσχύνῃ
826 273 860 300 τὰ

65 317 143 344 κακὰ
158 317 295 353 πράττων,
315 318 362 343 καὶ
383 316 522 343 λανθάνειν
554 316 724 349 σπουδάζεις,
754 316 804 345 καὶ
827 316 860 341 δι’

64 359 106 388 ὧν
118 363 182 393 τοὺς
196 361 282 389 ταῦτά
300 370 340 388 σοι
356 361 562 397 προσφέροντας
577 361 709 398 ὑϐριστὰς
726 360 859 397 νομίζεις·

63 406 111 435 διὰ
123 408 231 435 πάντων
245 407 393 444 ὁμολογεῖς,
403 408 444 434 ὅτι
457 408 506 434 οὐκ
515 408 620 443 ἀνάγκῃ
634 408 736 434 δέδεται
749 411 783 434 τὰ
793 407 861 441 ἡμέ-

63 461 145 488 τερα,
172 453 239 480 ἀλλὰ
264 453 449 488 προαιρέσεως
470 452 611 489 ἐλευθερίᾳ
625 453 778 488 τετίμηται.
796 453 861 484 Τοῐς

63 498 132 533 γοῦν
149 499 255 536 ἀνάγκῃ
285 499 472 535 συνεχομένοις
498 499 695 533 συγγινώσκειν
725 499 837 534 οἴδαμεν
851 507 858 514 ·

63 544 118 572 κᾶν
135 545 187 572 ὑπὸ
205 545 330 580 δαίμονός
350 553 423 577 τινος
445 544 608 581 ὸχλοὺμενός
628 553 671 576 τις
691 545 736 571 τὸν
758 544 861 580 χιτῶνα

62 590 201 626 διαρρήξῃ
215 590 260 617 τὸν
274 590 419 626 ἡμέτερον,
434 591 450 626 ἢ
465 591 573 626 πληγὰς
589 590 735 626 ἐπενέγκῃ,
753 591 782 617 οὺ
807 591 856 626 μό-

63 645 112 663 νον
127 645 178 663 ουκ
191 636 368 671 ὀνειδίζομεν,
382 637 450 665 ἀλλά
467 637 515 664 καὶ
539 636 669 672 ἐλεοῦμεν
691 637 738 664 καὶ
761 645 859 671 συγτγι-

62 681 216 717 νώσκομεν.
241 682 272 708 Τί
294 682 413 718 δήποτε;
442 683 485 710 ὅτι
509 683 570 718 οὐχὶ
596 683 647 716 τῆς
671 682 859 718 προαιρέσεως

63 724 220 761 ἐλευθερία,
236 725 293 753 ἀλλ’
307 726 324 760 ἡ
338 726 384 753 τοῦ
399 726 525 762 δαίμονος
540 727 585 762 βία
599 726 746 762 εἰργάσατο
759 727 857 754 ταῦτα.

65 771 160 804 Ὥστε,
175 773 199 799 ει
213 772 259 799 καὶ
271 772 306 799 τὰ
322 772 390 799 ἄλλα
403 773 588 809 ἁμαρτήματα
602 773 656 799 ἀπὸ
667 773 717 809 τῆς
736 774 858 808 ἀνάγκης

61 818 117 853 τῆς
146 818 216 845 κατά
249 818 298 854 τὴν
316 819 486 854 ειμαρμίνην
512 819 631 854 ἐγίνοντο
645 840 652 852 ,
685 820 858 855 συνέγνωμεν

62 865 98 892 ἄν
108 873 115 880 ·
133 864 226 899 ἐπειδὴ
243 864 272 891 δὲ
284 865 373 900 ἴσμεν,
383 865 423 891 ὅτι
436 865 486 892 οὐκ
499 864 571 892 ἐστιν
586 865 769 901 ἀνάγκης,διά
778 865 858 892 τοῦτο

913 272 990 300 Nunc
1015 279 1098 307 porro
1120 279 1182 299 cum
1209 269 1386 305 peccantibus
1410 276 1464 296 non
1483 268 1618 303 ignoscas,
1634 275 1695 294 eum

913 320 1034 354 improba
1053 317 1170 354 gerendo
1182 322 1206 344 te
1220 317 1328 352 pudeat,
1338 323 1400 344 cum
1412 315 1496 342 latere
1508 314 1694 345 studeas,cux:i

911 373 959 392 eos
974 366 1020 399 qui
1038 365 1100 392 talia
1126 363 1174 390 tibi
1195 362 1338 398 proferunt
1362 369 1410 395 pro
1425 359 1632 387 contumeliosis
1647 359 1695 384 lia-

912 411 992 442 beas;
1012 417 1077 437 sane
1092 408 1185 435 fateris
1198 416 1230 435 ex
1247 407 1288 434 his
1304 406 1443 438 omnibus,
1465 406 1521 432 hac
1536 408 1629 430 nostra
1643 411 1695 430 nou

912 455 1074 483 necessitate
1093 455 1210 492 quadam
1235 451 1368 488 colligari,
1386 451 1432 478 sed
1449 450 1596 477 voluntatis
1614 449 1697 477 liber-

912 506 966 528 tate
982 501 1114 528 honorata
1128 508 1199 527 esse.
1216 499 1251 526 lis
1266 505 1331 526 sane
1345 498 1393 532 qui
1420 496 1582 524 necessitate
1603 500 1696 522 terten-

912 553 965 577 tur.
985 547 1126 582 ignoscere
1142 546 1264 574 solemus
1274 552 1319 572 :ac
1330 545 1353 572 si
1366 544 1438 578 quis,
1452 542 1629 577 compelleutc
1641 541 1695 568 dm-

911 594 1014 627 mouio,
1033 593 1153 620 tunicam
1173 591 1309 619 discindat
1331 596 1463 623 nostram,
1492 593 1538 616 aut
1549 588 1641 623 plagas
1655 588 1696 614 in-

911 640 990 671 ferat.
1009 647 1064 668 non
1085 639 1174 667 solum
1194 638 1231 665 illi
1251 645 1304 665 non
1329 635 1538 672 exprobramus,
1550 633 1596 661 sed
1615 633 1698 660 mise-

911 686 1028 713 ricordia
1046 685 1112 712 moti
1134 683 1302 719 ignoscimus
1317 682 1378 718 ipsi.
1393 682 1449 708 (Zur
1472 681 1543 708 hoc?
1563 679 1626 715 quia
1642 687 1696 706 uou

910 738 941 757 cx
971 729 1121 756 voluntatis
1150 727 1272 759 arbitrio,
1291 726 1336 754 sed
1368 723 1500 753 datmdnis
1528 724 1644 760 impulsu
1670 723 1696 750 id

911 776 974 812 egit.
988 776 1084 810 Itaque
1097 774 1119 802 si
1136 775 1188 802 alia
1203 781 1312 808 quoque
1327 777 1437 808 peccata
1453 780 1485 800 ex
1501 771 1664 799 necessitate
1680 778 1696 797 a

909 822 964 849 fato
993 821 1103 848 indocta
1128 820 1348 852 admitterentur,
1365 819 1474 846 veniam
1500 818 1629 846 daremus
1646 818 1699 845 uti-

910 875 962 902 que
979 877 986 894 :
1005 867 1068 904 quia
1088 874 1152 894 vero
1167 866 1270 894 scimus
1284 874 1316 893 ea
1330 874 1384 893 non
1403 873 1437 894 ex
1453 865 1615 893 necessitate
1631 872 1697 899 pro-

61 910 96 936 οὐ
120 910 356 945 συγγινώσκομεν,
372 910 434 937 οὔτε
447 911 575 940 δεσπόται
588 911 718 944 οἰκέταις,
730 911 791 939 οὔτε
807 912 854 938 ἄν-

912 914 1014 946 venire;
1027 913 1087 940 ideo
1102 920 1155 940 non
1170 913 1320 947 parcimus,
1339 919 1392 939 non
1406 911 1510 939 domini
1524 911 1695 945 domesticis,

61 955 128 990 δρες
144 955 276 989 γυναιξὶν,
289 955 353 982 οὔτε
368 957 496 991 γυναῖκες
505 957 644 992 ἀνδράσιν,
655 957 717 984 οὔτε
729 957 854 985 διδάσκα-

62 1000 107 1026 λοι
119 999 265 1036 μαθηταῖς,
273 1000 334 1027 οὔτε
352 1001 469 1038 πατέρες
481 1002 586 1035 παισὶν,
596 1001 658 1029 οὔτε
670 1002 799 1038 ἄρχοντες
808 1003 856 1038 ἀρ-

63 1045 200 1081 χομένοις·
217 1046 285 1073 ἀλλὰ
301 1047 394 1082 πικροὶ
411 1047 465 1074 τῶν
480 1048 689 1084 τετολμημένων
713 1048 855 1080 ἐξετασταὶ

63 1092 114 1117 καὶ
131 1091 248 1128 τιμωροὶ
262 1092 403 1128 γινόμεθα,
426 1095 473 1120 καὶ
491 1093 652 1130 δικαστήρια
675 1094 854 1130 καταλαμϐά-

62 1145 158 1172 νομεν.
166 1139 212 1164 καὶ
219 1138 336 1173 πληγαῖς
344 1139 542 1175 ὑποϐάλλομεν,
549 1140 596 1167 καὶ
602 1141 776 1176 ὲπιτιμήσεσι
784 1140 856 1177 χρώ-

62 1183 138 1218 μεθα
152 1203 159 1216 ,
187 1185 233 1211 καὶ
260 1185 349 1212 πάντα
374 1185 531 1222 πράττομεν
558 1186 632 1218 ὅπως
655 1186 855 1222 ἀπαλλάξωμεν

62 1230 166 1262 αὐτοὺς
180 1231 234 1257 τῶν
249 1231 351 1258 κακῶν.

99 1275 139 1311 (6)
154 1276 200 1309 Τὸ,
217 1277 602 1314 Ἦλθομεηπροσκυνῆσαι
619 1278 699 1311 αὐτῷ
711 1298 718 1311 ,
739 1280 853 1315 σημεῖον

61 1321 114 1357 τῆς
130 1322 185 1349 τῶν
201 1323 295 1357 μάγων
307 1324 456 1355 ἐπιεικείας
470 1324 518 1351 καὶ
528 1324 655 1355 πίστεως.
666 1325 696 1352 Ol
705 1325 855 1361 γάρτοιοῦ-

61 1375 110 1393 τον
131 1367 269 1404 διάστημα
290 1369 464 1402 διανύσαντες
480 1369 524 1396 διὰ
543 1370 574 1397 τὸ
598 1372 786 1407 προσκυνῆσαι
808 1372 854 1400 τὸν

62 1412 194 1448 Χριστὸν,
210 1413 236 1439 τί
249 1414 299 1441 οὐκ
314 1414 347 1440 ἂν
361 1414 504 1450 ἐποίησαν,
521 1415 546 1441 εἰ
559 1416 588 1442 ὲν
603 1417 636 1451 τῇ
653 1416 765 1443 ἐκείνων
777 1415 854 1453 χώρᾳ.

62 1458 95 1484 τὸ
111 1459 231 1486 τοιοῦτον
247 1461 394 1496 μυστήριον
408 1460 555 1496 γεγένητος
580 1462 751 1489 ’Δποδεκτέοι
766 1461 813 1490 οὖν
829 1463 853 1490 οἱ

62 1504 163 1540 ἀνδρες
178 1505 227 1539 τῆς
239 1504 366 1537 πίστεως,
382 1506 429 1532 καὶ
444 1506 596 1533 ὲπαινετέοι
609 1508 658 1542 τῆς
669 1508 770 1544 ἀρετῆς
782 1509 854 1536 κατὰ

63 1550 155 1576 πάντα
172 1551 280 1586 τρόπον.

142 1606 314 1633 Ἀθανασίου
337 1607 560 1641 Ἀλεξανδρείας
573 1607 607 1634 ἐκ
627 1606 684 1642 τῆς
706 1608 784 1636 κατὰ

292 1643 441 1670 Ματθαῑον
455 1643 624 1678 ἑρμηνείας.

153 1698 222 1733 Περὶ
239 1698 292 1725 τῶν
308 1699 386 1725 ὲννέα
409 1699 527 1726 ἀνιάτων
543 1699 639 1727 παθῶν
653 1700 702 1736 τῆς
719 1699 766 1728 τοῦ

323 1744 442 1780 Ἡρώδου
461 1745 600 1782 τελευτῆς.

911 968 963 987 non
982 960 1031 987 viri
1048 960 1193 992 uxoribus,
1209 967 1263 986 non
1282 966 1381 986 uxores
1399 959 1477 992 viris,
1497 965 1551 985 non
1571 958 1696 993 magistri

909 1005 1061 1040 discipulis,
1079 1012 1132 1032 non
1148 1009 1239 1040 patres
1254 1004 1326 1038 ﬁliis,
1344 1011 1400 1032 non
1413 1004 1551 1039 principes
1563 1003 1694 1037 subditis;

908 1053 954 1081 sed
984 1053 1075 1080 acerbi
1101 1052 1255 1080 facinorum
1275 1052 1463 1087 inquisitores,
1482 1056 1510 1078 et
1534 1051 1635 1079 ultores
1648 1059 1697 1078 su-

907 1107 987 1131 tuus;
1005 1099 1153 1126 tribunalia
1174 1099 1291 1130 adimus.
1308 1098 1395 1133 plagis
1413 1097 1586 1133 subiicimus,
1602 1101 1629 1125 et
1649 1104 1697 1125 ca-

906 1145 1054 1180 stigatione
1070 1145 1173 1172 utimur
1189 1153 1197 1172 :
1211 1145 1332 1179 nihilque
1346 1152 1399 1172 non
1419 1144 1526 1179 agimus
1544 1148 1600 1170 uta
1616 1144 1696 1171 malis

905 1198 958 1219 nos
969 1190 1130 1226 eripiamus.

944 1278 1026 1310 Illud,
1046 1277 1169 1305 Venimus
1185 1273 1309 1304 adorare
1321 1285 1391 1310 eum,
1403 1283 1542 1312 magorum
1555 1275 1696 1311 probitatis

905 1329 989 1359 atque
1012 1323 1074 1351 ﬁdei
1099 1323 1207 1358 signum
1223 1327 1274 1350 est.
1293 1321 1345 1356 Qui
1371 1323 1443 1350 enim
1470 1327 1575 1350 tantum
1593 1321 1697 1348 itincrit

905 1370 1078 1397 intervallum
1103 1368 1205 1397 Christi
1225 1369 1359 1397 adorandi
1389 1369 1477 1405 gratia
1503 1368 1690 1402 confecerunt,

904 1417 970 1451 quid
990 1423 1045 1444 non
1073 1415 1173 1443 facturi
1192 1421 1271 1443 erant
1293 1416 1316 1443 si
1337 1416 1363 1443 iu
1387 1423 1447 1444 sua-
1463 1416 1574 1450 regione
1589 1420 1695 1442 tantum

905 1461 1065 1497 mysterium
1089 1460 1192 1488 editum
1216 1460 1342 1488 fuisset?
1364 1460 1580 1488 Commendaudi
1605 1459 1698 1494 itaque

904 1507 955 1534 viri
970 1506 1131 1541 hujusmodi
1145 1510 1208 1534 sunt
1222 1510 1332 1541 propter
1344 1506 1427 1534 ﬁdem
1438 1513 1527 1538 suam,
1545 1511 1626 1540 atque
1638 1513 1699 1532 om-

905 1552 972 1578 nino
987 1551 1098 1579 virtutis
1112 1559 1168 1578 sua:
1183 1559 1267 1579 causa
1284 1551 1421 1578 laudandi.

867 1603 888 1630 C
934 1607 1263 1635 AtlmnasiiAlezandrim‘
1281 1614 1313 1633 ea:
1325 1607 1541 1641 interpretatione
1554 1608 1582 1633 in
1599 1607 1669 1634 [llat-

1255 1642 1361 1669 tlzwum.

923 1699 962 1728 De
979 1707 1076 1728 novem
1094 1700 1293 1728 insanabilibus
1309 1700 1423 1732 morbis.
1439 1701 1540 1736 quibus
1557 1700 1678 1728 Herodes

1179 1747 1295 1776 amictus
1307 1746 1420 1775 interiit.

683 1848 763 1879 (Vide
781 1853 845 1878 tom.
864 1849 907 1884 II,
919 1851 974 1879 tot.
989 1850 1091 1887 1251.),

180 1933 218 1969 (7)
239 1933 378 1968 Ἐγερθεὶς
391 1933 545 1967 παράλαϐε
558 1933 591 1960 τὸ
604 1933 734 1960 παιδίον.

99 1976 184 2011 Οὗτος
211 1980 225 2006 ὁ
253 1979 330 2014 λόγος
358 1979 466 2014 ἔλεγχός
490 1980 563 2006 ἐστιν
586 1980 703 2016 ἀκριὸῆς
735 1981 784 2016 τῆς
807 1979 855 2007 τοῦ

69 2026 272 2062 ’Λπολλιναρίου
295 2025 457 2061 ἀθεότητος,
487 2027 608 2058 εἰπόντος
642 2026 679 2063 μὴ
692 2027 783 2053 λαϐεῖν
810 2027 857 2054 τὸν

63 2071 181 2107 Χριστὸν
197 2071 283 2108 ψυχὴν
293 2072 390 2108 νοερὰν
400 2094 407 2106 ,
421 2072 477 2099 ἀλλ’
489 2070 559 2099 εἶναι
584 2073 664 2108 σῶμα
689 2072 769 2107 μόνον
791 2072 856 2099 ἄνευ

62 2118 154 2153 ψυχῆς
164 2119 209 2145 καὶ
226 2118 315 2153 λόγου.

100 2165 138 2199 (8)
148 2166 181 2192 ἰι
197 2165 230 2191 δὲ
241 2165 333 2200 τροφὴ
350 2164 389 2201 ἦν
397 2165 517 2199 ἀκρίδες
526 2166 574 2192 καὶ
588 2165 657 2200 μέλι
675 2166 852 2201 ἇπιοιονῖοτι

1098 1932 1214 1969 Surgam
1225 1934 1314 1969 accipe
1329 1941 1439 1968 puerum
1454 1932 1484 1960 ⁸⁸.

940 1980 1002 2008 Haec
1026 1980 1154 2015 loquendi
1174 1980 1245 2008 ratio
1272 1980 1357 2016 probe
1380 1979 1469 2015 arguit
1494 1978 1696 2015 Apollinarium

906 2026 1056 2062 impietatis
1073 2035 1079 2052 :
1095 2027 1143 2062 qui
1159 2026 1239 2059 dixit,
1253 2026 1393 2054 Christum
1415 2033 1468 2053 non
1485 2025 1624 2060 accepisse
1633 2025 1695 2052 ani-

906 2080 978 2100 mam
1001 2073 1170 2108 intelligendi
1195 2072 1221 2100 vi
1247 2073 1406 2107 przeditam;
1422 2071 1469 2099 sed
1492 2071 1580 2099 solum
1595 2078 1695 2105 corpus

908 2119 968 2147 sine
982 2119 1072 2146 anima
1093 2124 1118 2145 et
1132 2119 1239 2146 ratione
1253 2117 1403 2145 exstitisse.

943 2165 1024 2192 Cibus
1036 2170 1125 2192 autem
1138 2165 1195 2199 ejus
1206 2168 1283 2191 erant
1301 2163 1414 2195 acrides.
1426 2167 1451 2190 et
1465 2162 1515 2189 me!
1532 2161 1649 2189 silvestre
1659 2161 1693 2190 ".

63 2209 93 2236 δὲ
107 2210 154 2237 καὶ
171 2211 186 2245 ὴ
204 2209 301 2246 βοτάνη
316 2211 359 2243 τίς
377 2211 450 2237 ἐστιν
473 2211 556 2246 ἀκρὶς
573 2211 705 2247 λεγομένη
719 2232 726 2244 ,
742 2212 757 2238 ὁ
771 2212 849 2239 Σολο-

912 2211 981 2245 Quod
1007 2211 1098 2238 herba:
1118 2218 1204 2249 genus
1228 2210 1366 2246 quoddam
1381 2209 1418 2237 sit
1442 2209 1511 2236 atris
1530 2209 1652 2242 dictum,
1667 2209 1695 2236 id

64 2255 125 2290 μὼν
142 2256 216 2291 ἡμᾶς
232 2255 351 2283 διδάσκει
373 2256 460 2290 λέγων
471 2264 477 2271 ·
510 2256 644 2290 Ἀνθήσει
670 2257 702 2284 τὸ
719 2257 850 2292 ἀμύγδα-

61 2304 132 2334 λον,
149 2302 199 2329 καὶ
216 2303 441 2338 παχυνθήσετιιι
459 2303 478 2337 ἡ
494 2303 591 2337 ἀκρίς.
624 2303 693 2330 Ἀλλ’
715 2305 776 2331 οὐδὲ
799 2304 852 2331 πόα

61 2349 106 2380 τίς
116 2349 174 2375 ἐστι
187 2349 217 2375 τὸ
230 2349 290 2384 μέλι
308 2349 414 2385 ἄγριον.
432 2349 499 2376 ἀλλά
513 2350 574 2385 μέλι
588 2350 672 2381 ὅντως
685 2349 790 2385 ἄγριον,
808 2359 853 2376 πι-

62 2395 194 2430 κρότατον
209 2395 249 2428 ὃν,
264 2396 311 2422 καὶ
322 2395 396 2431 πάσῃ
413 2395 506 2428 γεύσει
519 2395 656 2430 πολέμιον.

100 2440 147 2472 Τὸ,
164 2440 260 2472 Αὐτὸς
273 2439 351 2475 ὑμᾶς
372 2441 516 2472 βαπτίσει
532 2441 566 2466 ὲν
589 2441 736 2475 Πνεῦματι
758 2441 830 2476 ἁγίῳ
843 2462 851 2473 ,

61 2485 143 2512 τοῦτο
157 2485 240 2521 δηλοῖ,
257 2486 298 2512 ὅτι
311 2485 438 2521 καθαριεῖ
452 2487 524 2521 ὑμᾶς
534 2494 540 2500 ·
558 2486 602 2512 διὰ
617 2487 647 2513 τὸ
665 2486 701 2522 μὴ
725 2486 854 2513 δύνασοαι

61 2531 95 2558 τὺ
117 2531 165 2558 τοῦ
186 2532 307 2558 Ἰωάννου
323 2532 464 2568 βάπτισμα
485 2532 564 2559 τοῦτο
579 2533 702 2568 ποιῆσαι,
731 2533 798 2559 ἀλλά
823 2534 854 2559 τὺ

62 2577 111 2604 τοῦ
142 2577 277 2613 Χριστοῦ,
306 2578 335 2610 ὃς
360 2579 407 2605 καὶ
433 2579 541 2614 ἀφιέναι
570 2579 708 2614 ἁμαρτίας
730 2579 854 2612 ἐξουσίαν

64 2624 132 2659 εχει.

99 2712 124 2728 "
138 2710 230 2738 Matth.
247 2719 287 2744 ιι,
301 2711 345 2738 20.
386 2712 406 2728 "
422 2711 515 2740 Matth.
540 2719 585 2743 ιιι,
605 2711 630 2738 ι.
677 2711 698 2727 ⁸ο
713 2710 784 2739 Eccl.
800 2713 877 2746 xn,5.

101 2810 222 2845 (6)Edit.
243 2811 361 2844 Athan...
379 2819 405 2846 p.
424 2811 506 2845 1006,
527 2820 559 2841 ex
580 2811 686 2841 Possini
706 2818 798 2841 catena
821 2813 847 2839 in

66 2846 232 2874 Matt/neum.

101 2881 140 2915 (.7)
159 2880 225 2910 Ibid.

906 2265 957 2286 nos
971 2257 1100 2285 Salomon
1119 2257 1213 2285 edocet
1241 2257 1285 2284 his
1308 2256 1418 2283 verbis:
1437 2254 1555 2282 Florebit
1570 2255 1695 2290 amygda-

905 2304 970 2336 lum,
986 2309 1010 2331 et
1022 2304 1206 2339 coagulabitur
1215 2303 1285 2330 acris
1297 2303 1329 2329 “°.
1344 2302 1396 2329 Sed
1409 2302 1461 2329 mel
1480 2301 1544 2329 illud
1557 2302 1693 2333 silvestre,

905 2357 959 2377 non
976 2350 1071 2382 herba,
1088 2350 1133 2376 sed
1150 2349 1204 2376 mel
1219 2357 1315 2376 revera
1329 2349 1463 2382 silvestre,
1484 2348 1692 2376 acerbissimum

906 2403 937 2423 ac
949 2395 1039 2430 gustui
1058 2395 1274 2430 ingratissimum
1290 2399 1342 2422 est.

939 2439 1007 2467 illud
1020 2449 1026 2467 :
1044 2439 1104 2474 Ipse
1118 2448 1161 2467 vos
1184 2439 1332 2474 baptizabit
1348 2440 1375 2466 in
1390 2438 1493 2474 Spiritu
1512 2444 1604 2467 sancta
1617 2439 1649 2472 “,
1664 2438 1702 2474 ιιι]

905 2487 1026 2520 denotat,
1043 2487 1114 2521 quod
1136 2486 1194 2521 ipse
1211 2494 1260 2513 vos
1274 2491 1441 2520 purgaturus
1458 2486 1494 2513 sit
1510 2495 1516 2512 :
1534 2485 1597 2520 quia
1615 2469 1696 2511 scili-1

904 2538 947 2560 cet
971 2532 997 2559 id
1021 2537 1151 2568 praestare
1172 2540 1226 2559 non
1254 2533 1325 2559 valet
1337 2531 1452 2559 Joannis
1477 2529 1689 2566 baptismazsed

905 2578 1017 2609 Christi,
1043 2579 1089 2613 qui
1116 2579 1197 2605 etiam
1222 2579 1378 2606 remittendi
1396 2582 1506 2611 peccata
1530 2579 1690 2610 potestatem

906 2624 994 2651 habet.

920 2712 941 2726 “
957 2711 1050 2738 Matth.
1072 2720 1113 2742 Ill.
1133 2713 1173 2739 ll.

940 2813 976 2847 (8)
989 2812 1116 2839 Eamdcm
1131 2812 1212 2846 hujus
1227 2811 1310 2847 vocis,
1320 2811 1404 2847 sagi;
1414 2830 1423 2841 ,
1437 2810 1685 2847 interpretatiouem

901 2845 1002 2876 videSis
1015 2848 1083 2883 apud
1098 2847 1229 2875 lsidorum
1241 2846 1306 2878 l‘cl.,
1320 2846 1335 2872 l.
1351 2845 1421 2880 ηερ.
1451 2846 1498 2872 in
1509 2845 1594 2873 iusius
1606 2853 1687 2873 enar-

899 2887 996 2912 rutam.
