1930 3046
2 165 53 193 373

131 226 186 262 (l5)
209 228 381 256 Ἀθανασίου
404 230 635 267 Ἀλεξανδρείας,

2 284 54 318 Γερὶ
70 284 130 330 τοῦν
139 285 182 327 μῂ
195 287 384 330 θησαυρίζξιη
391 289 451 330 ’ἐπὶ
464 290 546 330 Αςῆς,⁵
558 291 648 330 βίϐλος
664 293 713 328 τῆς
732 294 776 330 ἐρ-

97 323 209 356 μηνείας
222 323 269 348 τοῦ
285 323 354 350 κατὰ
374 323 521 358 Ἀίατθαῖον,
539 323 616 359 λόνος
629 323 668 355 3'.

16 406 68 440 Μὴ
87 407 285 442 θησαυρίζητε
298 410 369 445 ὑμῖν
378 413 547 447 θησαυροὺς
567 414 615 441 ἐπὶ
634 415 688 449 τῆς
698 416 754 451 γῆς
767 436 775 449 ,

2 452 67 486 nat»-
85 453 101 478 ό
114 453 241 488 Χριστὸς,
254 454 331 482 ὅπου
347 456 407 491 σὴς
428 459 476 484 καὶ
491 458 606 493 ,βρῶσις
631 461 774 496 ἀφανίζει,

2 498 29 523 al
40 497 123 525 ὅπου
134 499 260 527 κλέπται
270 500 470 535 διορύσσουσι
478 504 528 531 καὶ
536 504 711 535 κλέπτουσι.
719 509 775 542 Θη-

2 544 142 577 ναυρίζὲτε
155 544 190 571 δὲ
203 545 274 580 ὑμῖν
292 549 463 583 θησαυροὺς
478 549 513 577 ὲν
527 552 666 585 οὐρανοῖς
675 562 681 568 ·
699 553 775 581 ὅπου

2 589 42 622 ’ὴς
51 590 102 616 καὶ
109 589 227 624 ,βρῶσις
236 593 292 619 οὐκ
304 593 444 628 ἀφανίζει,
455 595 503 622 καὶ
514 595 591 624 ὅπου
599 597 724 625 κλέπται
736 600 773 626 οὺ

2 635 215 669 ἰορύσσουσιν,
232 636 303 663 οὐδὲ
313 638 508 667 κλέπτουσιν.
525 641 555 667 0t
570 641 598 668 δὲ
611 643 776 670 ἐπαχούσαν·

2 690 26 712 ες
45 681 152 708 τούτων
172 682 225 709 τῶν
239 683 368 719 ῥημάτων
381 683 456 712 εἶπον
468 695 474 701 ·
484 687 559 722 Καλή
572 688 629 714 ἐστι
643 689 744 725 σφόδρα
758 691 774 726 ἡ

2 727 137 761 νμΰουλία
154 729 201 754 καὶ
211 729 356 762 ἀπόδεκτος
369 731 385 766 ἡ
397 732 504 766 γνώμη,
515 732 562 758 τοῦ
575 733 649 769 παρὰ
664 733 712 769 τὴν
725 734 775 769 γῆν

2 772 86 799 ιὶλλον
100 773 130 799 ὲν
147 774 271 809 οὐρανοῖς
286 775 517 812 ὰποθησαυρίζειν
534 778 567 804 τὰ
587 779 707 814 παρόντα
725 780 773 807 τοῦ

3 818 50 844 ἱου.
75 818 159 845 Ἀλλὰ
176 819 235 851 πῶς
248 820 366 856 θήσομεν
394 821 423 848 τὸ
446 823 558 858 χρυσίον
578 825 624 851 καὶ
648 825 678 851 τὸ
693 825 775 861 ἀργύ-

4 873 39 890 νον
52 866 82 891 ὲν
95 865 220 901 οὐρανοῖς
234 887 241 899 ,
267 866 473 902 ὰμηχανοῢμεν.
499 869 577 896 Ἐστι
600 870 654 906 γὰρ
672 871 773 907 σφόδρα

554 171 766 202 FRAGMENTA
787 177 820 204 IN
842 178 1056 207 MATTHAEURL

1538 185 1606 213 ιδτι

1047 241 1188 267 Athanasii
1204 240 1389 274 Alexandrini.

828 293 904 327 Quod
926 303 976 322 non
990 296 1023 322 sit
1046 296 1279 324 thesaurizandum
1298 299 1323 324 in
1345 299 1508 331 ιργνα,1ἰὶ)ε1·
1528 299 1609 326 inter-

862 331 1022 367 pretationis
1062 331 1198 367 Evangelii
1235 331 1385 360 secundum
1422 333 1606 362 Matthzeum:

861 373 951 392 sermo
968 365 1012 392 lX.
1141 365 1151 367 ⁷⁷
1524 397 1533 417 Ι

863 419 954 447 Nolite
971 421 1150 449 tliesaurizare
1173 423 1243 450 vobis
1267 424 1400 452 thesauros
1419 424 1446 451 in
1468 428 1547 456 terra,
1565 424 1609 452 in-

826 466 884 500 quit
899 466 1041 499 Christus,
1058 467 1103 494 ubi
1118 477 1205 504 wrugo
1220 473 1244 495 et
1266 470 1335 496 tinea
1350 469 1500 502 demolitur,
1519 474 1543 496 et
1562 469 1607 496 ubi

826 510 897 545 fures
908 511 1039 545 eﬂodiunt
1050 518 1074 539 et
1086 513 1220 546 furantur.
1238 513 1423 541 Thesaurizate
1435 519 1521 541 autem
1537 514 1607 541 vobis

826 557 962 584 thesauros
986 558 1014 584 in
1034 558 1127 585 uelis:
1148 559 1193 586 ubi
1216 568 1296 594 ncquc
1315 568 1418 595 (erugo,
1436 568 1515 595 neque
1538 561 1608 587 tinea

825 602 983 636 demolitur;
1008 608 1032 631 et
1056 604 1100 631 ubi
1127 605 1197 639 fures
1219 613 1270 632 non
1287 606 1428 640 e/fodiunt,
1448 614 1493 633 nec
1514 606 1606 640 furan-

826 652 870 674 tur
892 649 926 676 ⁷⁷.
954 648 1005 682 Qui
1031 657 1113 685 porro
1144 650 1298 685 hujusmodi
1331 651 1409 678 verba
1446 651 1606 684 audierunt,

825 693 1055 722 dixerezProbum
1067 696 1160 730 utiquc
1168 696 1322 727 consilium,
1334 697 1533 732 probabilisque
1545 704 1609 724 sen-

826 740 918 772 tentia,
928 745 957 767 ut
970 740 996 767 in
1005 741 1081 768 ccelis
1093 742 1182 776 potius
1193 750 1273 777 quam
1287 742 1312 769 in
1326 746 1395 769 terra
1407 743 1480 770 bona
1490 750 1607 777 praesen-

826 785 862 812 tia
875 786 1069 813 recondantur.
1088 786 1188 814 Verum
1214 795 1268 822 quo
1293 791 1372 822 pacto
1394 796 1491 815 aurum
1512 796 1608 823 argen-

825 834 915 857 tumve
931 839 1096 866 reponamus
1110 832 1136 859 in
1153 833 1240 866 malis,
1257 833 1330 859 nulla
1346 840 1410 860 sane
1422 834 1491 861 ratio
1504 834 1605 861 subest.

824 875 890 904 Nam
908 877 1025 905 sublime
1040 878 1187 905 admodum
1200 882 1242 906 est
1257 879 1366 912 coelum,
1379 883 1408 906 ut
1422 879 1509 914 ipsum
1525 888 1606 907 manu

2 910 84 945 ψηλὸς
100 912 115 938 ὁ
126 911 249 947 οὐρανὸς,
268 913 315 939 καὶ
331 913 360 939 οὺ
377 913 515 949 δυνάμεθα
537 917 569 950 τῇ
592 916 662 951 χειρὶ
678 917 769 951 ἐφικέ-

823 923 977 959 contingere
995 931 1172 958 nequeamus.
1201 924 1293 960 Neque
1315 925 1386 952 enim
1407 926 1508 952 scalam
1533 926 1606 953 illam

2 956 44 982 θαι
60 957 156 983 αὑτοῦ.
170 957 238 984 Οὔτε
251 958 279 984 δὲ
293 959 399 994 ὁρῶμεν
411 960 517 995 ἐκείνην
532 961 580 996 τὴν
594 961 724 997 κλίμακα,
740 963 772 998 ῆν

2 1001 116 1029 Θεὰσατο
131 1004 145 1029 ὁ
160 1003 333 1040 πατριάρχης
351 1005 457 1038 Ἰακὼϐ,
473 1006 517 1033 ἵνα
538 1006 571 1033 δι’
585 1007 671 1042 αὐτῆς
695 1008 773 1035 ἀνελ-

2 1047 72 1080 ιὶντες
98 1048 300 1084 ἀποθησώμεθα
324 1051 353 1076 ὲν
377 1050 415 1086 τῷ
442 1051 548 1087 οὐρανῷ
570 1053 604 1079 τὰ
618 1053 773 1089 ὑπάρχοντα

2 1093 69 1128 ημῶν.
94 1094 126 1121 '0
139 1094 167 1120 δὲ
193 1095 310 1131 Κύριος·
334 1096 392 1123 Κᾶν
409 1098 423 1123 ὁ
449 1099 562 1133 οὐρανός
583 1099 641 1125 ἐστι
672 1101 773 1136 σφόδρα

3 1139 93 1173 ψηλὺς,
112 1138 227 1166 δύνασθε
241 1141 280 1171 εἰς
295 1141 375 1167 αὑτὸν
389 1141 606 1177 ὰποθησαυρίσαι
614 1143 659 1170 τὸν
671 1144 772 1170 ἀσυλα-

2 1185 110 1221 ’ώγητον
129 1185 262 1222 θησαυρὸν
275 1187 324 1222 τῆς
338 1187 518 1223 δικαιοσύνης.
543 1188 592 1219 Δὸς
610 1188 708 1224 πτωχῷ
726 1189 773 1215 καὶ

2 1231 80 1266 πένητι
91 1228 130 1258 ὧν
143 1232 247 1268 χρῄζει,
263 1233 308 1260 καὶ
323 1234 449 1268 εὑρήσεις
470 1233 540 1260 αὐτὰ
557 1231 724 1269 ἀὴοκείμενα
743 1236 772 1262 ἐν

3 1276 22 1312 ᾧ
33 1277 141 1313 οὐρανῷ
167 1278 244 1311 σῶα,
267 1279 414 1314 ἀμόλυντα,
443 1279 605 1315 ἀδιάφθορα.
635 1280 727 1315 Ἔχεις
744 1281 772 1307 δὲ

2 1325 30 1350 αἱ
43 1325 166 1362 κλίμακα
175 1326 320 1362 διήκουσαν
332 1327 384 1353 ἀπὸ
397 1328 448 1362 γῆς
462 1329 501 1360 εἰς
515 1328 638 1364 οὐρανὸν,
652 1329 697 1355 τὸν
719 1337 772 1355 σω-

2 1372 76 1406 ·ήριον
92 1372 223 1408 σταυρόν·
251 1372 435 1408 ἀναϐαθμίδας
464 1374 492 1400 δὲ
515 1374 550 1400 τὰ
570 1374 692 1410 δόγματα
718 1374 772 1401 τῶν

2 1417 124 1451 ῑχράντων
138 1418 320 1453 Εὑαγγελιων.
330 1419 457 1455 Ἀνάὸηθι
469 1417 515 1446 οὖν
525 1420 558 1446 δι’
574 1420 663 1447 αὐτῶν
674 1422 713 1453 εἰς
723 1421 772 1452 τὰς

3 1465 161 1499 πουρανίους
171 1465 264 1500 μονὰς,
274 1466 318 1493 ἵνα
334 1466 463 1501 δοξασθῇς
472 1467 512 1498 εἰς
529 1466 574 1493 τὸν
583 1467 677 1494 αἰῶνα.
690 1467 772 1503 Πρόσ-

2 1518 28 1544 χε
36 1510 62 1536 δὲ
71 1511 119 1538 καὶ
130 1511 170 1546 τῷ
177 1511 315 1546 λεγομένῳ
329 1512 391 1547 παρ’
400 1512 468 1547 ἐμοῦ
479 1508 525 1538 "'0
535 1513 649 1546 λύχνος
655 1513 708 1539 τοῦ
719 1512 773 1539 σώ-

2 1556 70 1589 turdi;
77 1564 136 1583 σου
142 1556 227 1584 ἐστὶν
235 1559 250 1584 o'
257 1557 408 1592 ὀφθαλμός
416 1565 483 1584 σου.
490 1557 523 1584 El
530 1559 546 1584 ό
556 1558 706 1591 ὀφθαλμός
713 1565 771 1585 σου

2 1599 98 1635 ῐ-τλοῦς
107 1602 202 1633 ἐστιν,
216 1602 289 1629 ὅλον
300 1602 333 1628 τὸ
346 1602 432 1637 σῶμά
443 1611 500 1629 σου
515 1603 658 1637 φωτεινὸν
667 1603 752 1630 ἔσται
761 1611 768 1619 ο
783 1589 807 1621 c

2 1646 38 1673 ἀν
43 1647 74 1674 δὲ
80 1649 96 1674 ὀ
103 1648 257 1683 ὀφθαλμός
265 1656 323 1675 σου
331 1649 460 1682 πονηρός
469 1649 640 1680 ἐστιν-,ὅλον
647 1648 679 1675 τὸ
686 1648 770 1682 σῶμά

2 1699 39 1720 ’ου
51 1695 210 1721 σκοτεινὸν
228 1694 323 1721 ἕσται.
343 1695 449 1721 Γίνεται
469 1695 496 1721 δὲ
516 1695 547 1721 τὸ
568 1694 647 1730 σῶμα
666 1703 770 1721 σκοτει-

2 1737 89 1770 ὸν,τοῦ
99 1739 238 1776 ὀφθαλμοῦ
257 1740 375 1776 πονηροῦ
387 1740 461 1772 ὄντος
470 1761 476 1770 .
489 1740 519 1766 οὐ
532 1740 606 1776 παρὰ
619 1740 666 1776 τὴν
680 1741 769 1767 αἰτίαν

2 1783 29 1810 οὗ
51 1784 233 1820 δημιουργοῦ·
252 1785 340 1812 πάντα
362 1785 415 1820 γὰρ
436 1785 487 1811 ὅσα
515 1785 640 1820 ὲποξησεν
662 1786 676 1811 ὁ
703 1785 769 1817 Θεὸς

2 1829 50 1856 ιαλὰ
61 1830 122 1856 λίαν
133 1839 139 1845 -
155 1830 223 1857 ἀλλὰ
240 1831 315 1866 παρὰ
331 1830 377 1858 τὸν
393 1830 527 1866 μοχθηρὸν
545 1831 591 1857 καὶ
610 1830 768 1858 ἐῢελόκακον

2 1875 78 1908 τρόπον
89 1875 138 1903 τοῦ
151 1876 319 1912 κεκτημένου
332 1876 422 1903 αὐτόν.
445 1876 597 1912 Ὀφθαλμὸν
610 1877 638 1903 δὲ
651 1878 768 1914 πονηρὸν

2 1919 94 1953 ιιιούων,
111 1921 205 1947 συνετὲ
231 1921 363 1957 ἁκροατὰ,
381 1921 436 1948 νόει
452 1920 522 1948 εἶναι
536 1922 574 1957 μὴ
598 1922 644 1949 τὸν
657 1923 720 1948 ὄντα
739 1923 768 1949 ἐν

2 1965 144 2003 ᾗκεφαλῇ,
159 1967 227 1994 ἀλλὰ
254 1967 302 1994 τὸν
318 1967 474 2003 ὑπάρχοντα
499 1967 615 2004 πονηρὸν
640 1968 767 2003 λογισμὸν

2 2017 14 2034 ν
30 2013 58 2046 τῇ
76 2012 223 2048 ἀφωτίστῳ
238 2013 346 2048 καρδίᾳ.
364 2013 396 2041 Et
410 2012 498 2040 δὲκαὶ
518 2012 637 2048 συμϐαίη
653 2013 698 2040 τὸν
715 2021 767 2040 σω-

2 2057 93 2085 ιατιχὸν
105 2058 244 2094 ὀφθαλμὸν
262 2058 435 2094 σκπισοῆναι
449 2059 482 2085 ὲκ
495 2058 595 2095 πολλῆς
607 2060 693 2095 φορᾶς
706 2059 768 2095 ῥεύ-

2 2108 61 2134 ιιιτος
74 2104 126 2131 καὶ
140 2104 235 2140 ὀδύνης
245 2104 292 2131 τοῦ
303 2105 413 2141 κρανίου
424 2114 430 2120 ·
441 2105 498 2132 ἀλλ’
515 2104 576 2132 οὔτε
593 2106 609 2141 ἡ
624 2106 766 2142 σωματικὴ

2 2145 113 2181 delusi;
129 2158 189 2177 τινα
214 2150 340 2184 ἀποξενοῖ
362 2151 415 2178 τῶν
434 2151 583 2186 μελλόντων
602 2152 648 2178 καὶ
675 2152 765 2179 ἀϊδίων

2 2193 94 2225 ἰγαὸὦν.

237 2241 292 2278 (16)
313 2243 485 2271 Ἆθίινασίου
495 2263 502 2276 ,

5 2293 42 2328 Εἰς
55 2299 100 2325 τό·
124 2299 197 2333 Οὐχὶ
213 2300 232 2333 ἡ
246 2299 331 2334 ψυχὴ
348 2299 452 2326 πλεῖόν
467 2300 533 2327 ἐστι
552 2300 607 2334 τῆς
620 2300 743 2335 τροφῆς,

133 2334 182 2361 καὶ
199 2335 232 2362 τὸ
248 2335 334 2370 σῶμα
351 2335 403 2362 τοῦ
426 2335 606 2370 cromanae;

18 2380 137 2416 Διαφέρει
154 2381 182 2408 δὲ
194 2382 211 2417 ή
229 2382 302 2418 ψυχὴ
327 2382 376 2418 τῆς
393 2383 510 2418 τροφῆς,
532 2384 599 2410 καθὺ
620 2383 689 2419 αὕτη
714 2384 764 2418 μέν

2 2430 38 2451 [στι
51 2427 159 2463 πνεῦμά
171 2437 197 2455 τι
211 2427 324 2461 ζωτικόν
333 2438 341 2446 ’
357 2430 373 2465 ὴ
390 2429 418 2456 δὲ
429 2430 514 2466 τροφὴ
526 2431 607 2465 γηῖνη
623 2431 669 2457 καὶ
677 2430 764 2457 εὐδιά-

2 2477 56 2503 λυτος
71 2481 78 2488 ·
92 2473 124 2500 τὸ
142 2473 222 2509 σῶμα
240 2473 285 2501 τοῦ
301 2474 458 2510 ἐνδύματος,
487 2475 547 2502 ἐπεὶ
569 2475 598 2502 τὸ
626 2476 675 2511 μέν
690 2477 765 2503 ἐστιν

2 2512 56 2548 Ξργον
66 2518 164 2546 θεῖκῶν
173 2520 282 2555 χειρῶν,
294 2521 326 2548 τὸ
339 2521 367 2548 δὲ
383 2520 464 2552 πόκος
473 2520 568 2555 ἀλόγου
582 2520 760 2556 βοσκήματος.

2 2558 73 2590 Πολλοὶ
87 2565 126 2596 δὲ,
157 2565 300 2597 ἀκούοντες
326 2567 413 2602 ψυχὴν
430 2566 571 2593 ἐσθίουσαν
584 2587 591 2597 ,
614 2567 763 2600 ξενίζονται

2 2607 27 2632 επὶ
39 2609 73 2645 τῷ
100 2611 181 2646 λόγῳ,
197 2611 314 2647 ὁρμῶντες
340 2612 388 2647 τὴν
403 2614 482 2648 χεῖρα
500 2611 539 2647 τῷ
556 2612 670 2647 στόματι
684 2613 764 2648 κομί-

2 2650 74 2682 ζουσαν
90 2658 122 2684 τὰ
137 2658 217 2685 σιτία.
245 2658 326 2684 Ἀλλὰ.
349 2659 381 2685 σὺ
394 2680 400 2692 ,
425 2659 561 2694 ἁγαπητὲ,
581 2659 618 2695 μὴ
641 2659 764 2695 ξενισθῇς

2 2694 65 2735 ινχὴν
78 2702 182 2730 ἁκούων
205 2703 357 2730 ἐσθίουσαν.
372 2704 428 2730 Καὶ
439 2704 493 2740 γὰρ
516 2694 617 2736 οὖτωςν
632 2706 691 2731 ἐστὶ
715 2694 762 2731 καὶ

823 969 1017 1003 conspicimus,
1036 977 1118 1004 quam
1144 970 1211 998 vidit
1237 971 1390 1005 patriarcha
1408 971 1502 1002 Jacob,
1525 975 1553 998 ut
1574 979 1607 999 ea

823 1022 984 1047 conscensa,
1008 1015 1079 1043 bona
1106 1021 1199 1044 nostra
1223 1025 1386 1052 reponamus
1408 1017 1434 1044 in
1467 1018 1544 1045 coelo.
1565 1017 1606 1045 Ad

823 1061 880 1088 haec
907 1062 1064 1090 Dominus:
1090 1062 1205 1090 Etiamsi
1234 1063 1378 1090 admodum
1408 1064 1545 1091 excelsum
1571 1064 1608 1091 sit

823 1107 933 1139 caelum,
950 1108 1062 1142 potestis
1080 1112 1168 1135 tamen
1185 1108 1222 1135 ibi
1237 1109 1394 1136 thesaurum
1407 1109 1519 1143 justitia:
1538 1117 1607 1136 nun-

823 1159 905 1187 quam
928 1153 1104 1188 expilandum
1125 1161 1266 1188 reponere.
1291 1153 1329 1181 Da
1353 1155 1463 1189 pauperi
1486 1159 1511 1181 et
1533 1155 1606 1189 inop.

823 1206 882 1233 qua:
902 1207 970 1234 opus
987 1199 1039 1235 ipsi
1053 1205 1128 1232 sunl,
1144 1204 1170 1226 et
1186 1207 1218 1227 ea
1234 1200 1291 1235 ipsa
1307 1200 1333 1227 in
1350 1200 1419 1228 ccelo
1432 1200 1547 1235 reposita
1565 1201 1607 1227 in-

822 1245 924 1276 venies,
942 1246 1025 1278 salva,
1043 1246 1234 1277 immaculata,
1250 1245 1416 1279 incorrupta.
1436 1245 1523 1272 Habes
1538 1253 1607 1280 quo-

822 1299 875 1326 que
891 1291 992 1319 scalam
1003 1311 1010 1324 ,
1026 1299 1087 1326 quae
1109 1299 1124 1319 a
1144 1296 1214 1319 terra
1235 1292 1267 1319 ad
1289 1292 1387 1318 caelum
1404 1299 1489 1326 usque
1505 1291 1606 1326 pertin—

823 1339 870 1372 git,
887 1338 1011 1365 videlicet
1025 1338 1173 1365 salutarem
1193 1345 1322 1370 crucem;
1345 1337 1445 1372 gradus
1465 1345 1539 1368 vero,
1563 1337 1606 1364 in-

823 1389 1015 1412 temeratorum
1031 1385 1239 1420 Evangeliorum
1258 1385 1393 1419 dogmata.
1413 1383 1464 1410 Per
1484 1383 1540 1417 ipsa
1556 1383 1607 1418 igi-

823 1434 866 1457 tur
889 1430 922 1457 ad
939 1431 1064 1458 caelestes
1091 1431 1247 1458 mansiones
1270 1429 1431 1462 conscende,
1451 1434 1481 1456 ut
1507 1433 1606 1457 acterna

822 1476 908 1511 gloria
923 1476 1058 1504 aﬂlciaris.
1076 1477 1269 1504 Animadverte
1294 1476 1360 1503 illud
1381 1484 1396 1502 ο
1414 1483 1456 1502 me
1479 1475 1581 1502 dictum
1596 1483 1604 1501 :

822 1519 941 1547 Lucerna
956 1521 1072 1555 corporis
1086 1521 1125 1547 tui
1138 1527 1176 1547 est
1193 1521 1283 1546 oculus
1295 1528 1304 1546 :
1318 1520 1341 1546 si
1359 1518 1449 1545 oculus
1465 1522 1524 1544 tuus
1543 1518 1607 1545 sim-

823 1565 884 1600 plex
895 1565 987 1600 fuerit.
998 1570 1081 1592 totum
1099 1574 1193 1601 corpus
1206 1572 1277 1592 tuum
1289 1565 1407 1591 lucidum
1420 1565 1486 1595 erit;
1501 1563 1542 1590 δέη
1555 1571 1606 1589 au-

822 1615 873 1638 teni
885 1612 975 1639 oculus
997 1615 1057 1639 tuus
1075 1619 1185 1646 nequam
1201 1612 1291 1646 fuerit,
1311 1615 1393 1638 totum
1417 1618 1510 1641 corpus
1531 1614 1605 1636 tuum

821 1658 985 1683 tenebrosum
996 1657 1046 1683 erit
1056 1656 1089 1683 ⁷⁸.
1099 1655 1205 1691 Corpus
1217 1664 1280 1683 vero
1294 1655 1465 1682 tenebrosum
1480 1653 1603 1687 efﬁcitur,

820 1701 842 1729 si
865 1696 961 1730 oculus
988 1710 1104 1738 nequam
1121 1706 1172 1735 est,
1195 1710 1247 1729 non
1272 1702 1375 1736 opilicis
1397 1701 1462 1728 vitio
1483 1709 1490 1728 :
1513 1700 1604 1728 omnia

819 1748 890 1774 enim
915 1755 1084 1783 quaecunque
1112 1748 1176 1775 fecit
1201 1747 1333 1774 Dominus
1357 1746 1501 1774 admodum
1532 1747 1604 1773 bona

819 1798 902 1826 sunt;
917 1794 962 1821 sed
981 1793 1016 1820 oh
1043 1794 1182 1828 improbos
1208 1801 1403 1828 pervcrsosque
1423 1800 1510 1820 mores
1534 1792 1602 1826 ejus.

819 1838 898 1873 cujus
914 1843 956 1865 cst
972 1838 1079 1866 oculus.
1104 1838 1172 1865 Cum
1193 1846 1274 1873 porro
1294 1846 1409 1873 nequam
1426 1838 1533 1866 oculum
1553 1846 1603 1865 au-

818 1884 871 1916 dis,
888 1883 1007 1918 prudens
1023 1884 1132 1911 auditor
1143 1904 1150 1918 ,
1168 1892 1203 1911 ne
1221 1884 1330 1911 oculum
1353 1883 1432 1918 capiti
1458 1884 1601 1910 haerentem

818 1929 963 1965 intelligas,
987 1930 1033 1957 sed
1059 1937 1170 1965 pravam
1193 1930 1385 1965 cogitationem
1411 1929 1439 1957 in
1460 1929 1602 1957 tenebraso

817 1975 898 2002 corde
912 1976 1053 2003 latentem.
1065 1975 1144 2009 Quod
1160 1974 1184 2003 si
1204 1975 1345 2010 contingat
1365 1982 1524 2010 corporeum
1538 1983 1602 2002 ocu-

817 2020 873 2047 lum
891 2029 922 2047 ex
940 2021 1050 2055 copioso
1073 2020 1147 2048 ﬂuxu
1164 2028 1196 2048 ac
1217 2020 1311 2048 dolore
1334 2021 1419 2047 cranii
1444 2021 1600 2053 obscurari;

817 2070 844 2093 at
858 2074 989 2101 corporea
1002 2067 1113 2095 czecitas
1129 2075 1144 2094 a
1160 2066 1259 2095 futuris
1277 2074 1310 2095 ac
1329 2066 1502 2101 sempiternis
1523 2066 1602 2094 bonis

817 2110 922 2138 nullum
940 2118 1058 2138 amovet.

1132 2246 1270 2273 Athanasii
1279 2266 1285 2278 ,

857 2303 887 2328 In
901 2301 965 2329 illud
980 2311 987 2329 :
1005 2301 1098 2329 Nonne
1112 2303 1201 2329 anima
1215 2303 1274 2337 plus
1290 2307 1328 2330 est
1347 2311 1425 2338 quam
1440 2311 1498 2329 esca
1508 2322 1515 2334 ,
1535 2307 1560 2329 et

955 2345 1049 2372 corpus
1061 2337 1121 2372 plus
1132 2346 1212 2373 quam
1228 2337 1407 2365 uestimentum
1420 2338 1462 2364 ’9?

850 2383 944 2411 Diliert
962 2389 1052 2412 autem
1069 2385 1158 2412 anima
1175 2385 1210 2412 ab
1226 2392 1300 2417 esca,
1317 2389 1450 2420 quatenus
1466 2384 1523 2412 haec
1541 2384 1601 2418 qui-

815 2429 876 2456 dem
893 2434 935 2457 est
958 2430 1070 2465 spiritus
1093 2430 1249 2464 vivilieans;
1275 2431 1319 2458 illa
1343 2438 1408 2459 vero
1432 2435 1539 2458 terrena
1558 2435 1600 2458 est

816 2476 949 2512 facileque
965 2479 1090 2506 solvitur.
1103 2478 1209 2514 Corpus
1225 2487 1289 2507 vero
1305 2484 1414 2515 praestat
1427 2480 1597 2510 vestimento,

812 2523 875 2558 quia
904 2524 969 2551 illud
993 2525 1102 2559 quidem
1129 2524 1284 2552 divinarum
1308 2533 1437 2553 manuum
1462 2525 1597 2560 opillcium

812 2573 864 2601 est,
884 2570 935 2596 hoc
954 2578 1037 2603 vero,
1055 2571 1143 2598 vellus
1163 2571 1270 2606 pecoris
1292 2571 1496 2599 irrationabilis.
1522 2570 1596 2596 Multi

813 2621 895 2648 porro
910 2615 1052 2644 audientes
1065 2617 1253 2645 comedentem
1269 2618 1399 2650 animam,
1415 2617 1450 2644 ob
1465 2617 1537 2643 vocis
1556 2617 1598 2643 in-

814 2660 957 2688 solentiam
974 2666 1095 2696 stupent,
1112 2663 1176 2690 dum
1192 2663 1284 2691 vident
1297 2670 1406 2691 manum
1420 2662 1459 2690 ori
1472 2662 1596 2690 alimenta

816 2706 968 2735 admovere.
983 2708 1017 2735 At
1030 2713 1069 2743 tu,
1083 2709 1188 2742 dilecte,
1207 2717 1239 2737 ne
1252 2710 1374 2742 mireris,
1393 2709 1456 2736 dum
1477 2709 1596 2738 animam

31 2765 48 2780 "
68 2767 157 2797 Matth.
175 2778 213 2801 vI.
235 2771 277 2802 l9,
292 2770 336 2797 20.
378 2770 399 2786 ⁷⁸
415 2770 508 2798 Matth.
524 2779 561 2800 vt.
580 2771 624 2798 2‘2.
664 2772 687 2788 "’
707 2772 761 2800 ibid
798 2774 843 2801 23.

86 2846 147 2883 llaec
159 2849 294 2883 prodeunt
304 2856 335 2876 ex
354 2849 413 2876 cod.
429 2849 496 2883 Reg.
513 2849 590 2878 1995.

22 2858 70 2878 HU)
86 2858 147 2876 1Ιὶἓῦ
159 2858 294 2883 ιπυαουηι
304 2858 335 2876 ex
354 2858 413 2876 (Σοῦ.
430 2858 468 2876 ηε
488 2869 496 2877 .

21 2880 68 2912 “Gl
86 2881 222 2911 Prodcunt
236 2883 293 2911 hare
312 2891 343 2912 ex
361 2884 452 2913 codice
469 2858 508 2912 fio,

511 2894 535 2920 ε.
559 2886 637 2919 1993,
653 2885 697 2914 fol.
713 2885 757 2919 86.
780 2887 858 2916 editis
876 2889 990 2916 multum
1008 2889 1142 2917 absimilia
1158 2894 1183 2917 ct
1198 2891 1276 2925 longe
1288 2891 1418 2919 auctiora.
