1930 3046
18 106 81 135 1561

573 103 786 134 FRAGMENTA
806 103 838 131 IN
858 80 1080 131 nummum.

1568 107 1636 137 1582

18 162 73 189 ἀπὸ
100 163 157 188 τῶν
180 162 301 196 καρπῶν
324 162 424 189 αὐτῶν
451 162 653 197 ἐπιγνώσεσθε
678 163 798 196 αὐτούς.

858 163 886 188 iis
900 170 943 189 ea:
959 162 979 189 ⁷.
998 161 1027 189 Si
1045 162 1137 197 itaque
1151 163 1305 198 quempiam
1321 163 1432 196 videris.
1449 171 1466 191 0
1482 163 1575 197 frater.
1588 167 1635 201 qui

24 206 84 233 Ἐὰν
101 204 145 233 οὖν
161 214 220 232 τινα
235 205 292 242 ἴδῃς
307 226 314 239 ,
329 206 426 241 ἁδελφὲ
439 226 446 238 ,
462 207 501 233 ὃτι
519 207 575 242 ἔχει
598 208 689 242 σχῆμα
705 216 800 243 σεμνο-

18 254 120 290 πρεπὲς
132 273 139 284 .
158 253 195 289 μὴ
216 253 338 290 πρόσχῃς
350 273 356 284 ,
377 253 418 280 ὃτι
433 253 568 280 ὲνδὲδυται
589 252 686 279 κώδιον
699 253 801 289 προϐά-

18 310 70 333 του,
83 302 125 328 ὅτι
139 301 222 336 ὄνομα
234 300 290 336 ἔχει
304 300 499 336 πρεσϐυτέρου,
515 300 531 335 ἢ
548 301 705 332 ἐπισκόπου,
719 300 734 336 ἦ
749 300 802 326 δια-

18 347 94 373 κόνου
106 367 114 379 ,
135 346 152 380 ἢ
166 345 284 381 ἁσκητοῦ
296 354 302 361 ·
320 345 385 372 ἀλλὰ
403 345 452 377 τὰς
467 344 578 381 πράξεις
594 345 676 372 αὑτοῦ
691 345 801 381 περιέρ-

17 400 114 426 quam:
133 393 156 418 sl
168 392 226 418 ἐστι
237 391 362 428 σώφρων,
375 392 398 418 ει
411 391 468 418 ἔστι
482 392 627 426 φιλόξενος,
640 392 655 427 ἢ
668 392 800 427 ἐλεήμων,

18 438 32 472 ἦ
47 437 235 472 ἀγαπητιχὸς,
253 437 269 472 ἢ
285 438 313 463 ὲν
328 438 494 472 προσευχαῖς
509 437 671 473 καρτερικὸς
683 457 689 469 ,
704 437 720 472 ἢ
739 437 802 463 ὑπο-

20 482 174 518 μονητικός·
194 483 218 509 εἰ
235 482 290 517 ἔχει
315 481 417 508 κοιλίαν
443 482 520 512 θεὸν,
545 482 591 509 καὶ
614 482 658 508 τὸν
676 482 802 517 φάρυγγα

19 529 81 564 ᾅδην
93 547 101 561 ,
118 528 204 555 νοσῶν
227 529 354 564 χρήματα
366 548 374 558 ,
390 527 437 554 καὶ
465 527 626 562 καπηλεύων
649 528 699 562 τὴν
714 527 803 554 θεοσέ-

20 575 102 605 Εειαν.
124 575 190 609 ἄφες
204 574 294 600 αὐτόν.
313 574 349 600 Οὺ
367 574 421 609 γάρ
438 573 494 600 ἐστι
512 573 613 609 ποιμὴν
631 574 803 608 ἐπιστημονι-

19 622 78 653 κὸς,
93 620 162 647 ἀλλᾶ
175 620 255 652 λύκος
269 620 450 656 ἁρπακτικὸς.
489 619 520 646 Et
534 619 561 646 δὲ
575 617 648 650 οἶδας
663 619 696 646 τὰ
709 620 804 655 δένδρα

19 666 173 701 δοκιμάζειν
189 665 244 691 ἀπὸ
259 665 312 692 τῶν
324 665 436 701 καρπῶν
446 686 452 697 ,
467 665 531 692 ποῖά
547 666 604 692 ἐστι
618 667 651 700 τῇ
668 666 756 700 φύσει,
770 667 802 701 τῇ

19 713 120 747 γεύσει,
137 714 170 748 τῇ
189 713 312 747 πιότητι-
340 712 429 747 πολλῷ
453 712 552 748 μᾶλλον
574 711 627 739 ἀπὺ
648 712 702 738 τῶν
717 711 804 747 Ξργων

18 759 134 793 ὀφείλεις
148 756 304 792 δοκιμάζειν
324 758 386 789 τοὺς
398 756 616 792 χριστεμπόρους
625 764 632 771 ·
649 758 700 788 ὅτι,
710 757 804 791 φέρον-

18 813 60 835 τες
73 813 111 840 φη
117 805 213 839 μάριον
223 802 374 837 εὐλαϐείας,
386 803 472 838 ψυχὴν
485 803 631 838 κέκτηνται
638 803 802 838 διαϐολικήν.

20 851 48 877 Εἰ
60 836 88 877 δέ
103 836 214 877 καὶ-ἀπὸ
227 848 350 876 ἀκανθῶν
361 836 542 882 οὺήσυλλέγεις
556 836 702 883 σταφυλὰς,
719 849 734 884 ἦ
751 836 804 875 ἀπὸ
819 836 840 865 Β

19 896 150 932 τριὸόλων
165 895 244 928 σῦκα,
255 895 281 921 τι
297 894 506 930 ὑπολαμϐάνεις,
521 895 561 921 ὅτι
574 894 627 921 ἀπὸ
639 895 804 930 παραϐατῶν

19 943 88 977 ἔχεις
105 951 134 968 τι
150 941 251 975 ἀγαθὸν
267 940 380 967 ἀκοῦσαι
393 959 399 971 ,
416 940 432 975 ἢ
446 939 498 966 ἀπὸ
512 940 649 976 προδοτῶν
670 940 764 976 μαθεῖν
778 949 804 967 τι

19 989 166 1024 χρήσιμον;
190 987 324 1019 Ἐκείνους
346 987 435 1013 τοίνυν
451 987 622 1022 ἀποστρέφου
646 987 684 1018 ὼς
708 987 805 1019 λύκους

25 1035 186 1070 Ἀραϐικοὺς
199 1054 206 1066 ,
222 1034 268 1060 καὶ
284 1033 404 1064 ἀκάνθας
421 1032 561 1068 παρακοῆς
574 1053 581 1065 ,
605 1033 651 1060 καὶ
666 1033 805 1069 τριϐόλους

19 1080 195 1116 ἀδικημάτων
206 1101 212 1113 ,
228 1079 274 1106 καὶ
291 1079 387 1115 δένδρα
400 1079 514 1114 πονηρά.
538 1079 600 1105 Ἐὰν
613 1079 670 1114 ἴδῃς
686 1079 803 1112 συνετὸν,

21 1126 88 1153 κατά
99 1126 149 1161 τὴν
160 1125 393 1160 συμϐουλεύουσαν
403 1125 512 1160 Σοφίαν,
522 1123 629 1160 ἧρθριζε
641 1125 708 1159 πρὸς
716 1125 804 1158 αὑτὸν,

22 1173 64 1198 v.11
81 1171 220 1206 σταθμοὺς
243 1170 332 1206 θυρῶν
356 1170 438 1197 αὑτοῦ
464 1169 612 1206 ὲκτριϐἐτω
628 1170 642 1196 ὁ
660 1170 727 1202 ποῦς
748 1178 805 1204 σου,

22 1218 61 1244 ἵνα
77 1217 155 1253 παρ’·
166 1217 250 1243 αὑτοῦ
266 1216 393 1252 διδαχθῇς
413 1216 495 1250 νόμου
513 1217 744 1252 αιαγραφὴματα
761 1217 807 1243 καὶ

22 1264 140 1300 χαρίτων
151 1263 312 1299 δωρήματα.
326 1262 393 1289 Οὔτε
405 1262 433 1289 δὲ
446 1262 524 1296 λόγος
539 1263 703 1296 σοφιστικὸς,
718 1263 734 1298 ἢ
747 1263 808 1297 σχῆ-

21 1318 57 1343 μα
67 1309 225 1336 ἐπιθετικὸν
236 1309 390 1343 εἰσάγουσιν
403 1309 442 1339 εἰς
454 1308 502 1343 τὴν
514 1307 650 1343 βασιλείαν
663 1307 716 1334 τῶν
727 1309 808 1343 οὐρα-

21 1358 86 1389 νῶν,
116 1356 183 1382 ἀλλὰ
203 1355 294 1387 πίστις
310 1355 400 1381 τελεία
417 1355 463 1381 καὶ
486 1355 649 1390 ἀπερίεργος
675 1354 743 1390 μετὰ
759 1354 808 1389 τῆς

21 1404 148 1439 ἐναρέτου
167 1402 213 1429 καὶ
226 1401 433 1437 διαλαμπούσης
452 1401 590 1436 προνοίας.

200 1458 256 1493 (ΞΟ)
274 1457 329 1484 Τοῦ
345 1458 430 1493 ἁγίου
451 1457 632 1484 Ἀθανασίου.

851 207 887 234 sit
902 207 1016 235 honesto
1041 208 1151 235 indutus
1172 209 1347 242 vestimento,
1376 217 1410 237 ne
1435 211 1558 239 attendas
1573 211 1634 246 ipsi.

851 254 955 281 etiamsi
980 254 1039 281 ovis
1058 254 1126 289 pelle
1146 255 1259 283 vestitus
1281 255 1333 289 sit,
1353 260 1379 283 et
1396 257 1562 292 presbyteri,
1577 257 1638 292 epi-

852 300 942 334 scopi,
956 299 1063 327 diaconi
1081 301 1122 328 vel
1138 308 1236 328 ascetre
1252 309 1349 329 nomen
1375 303 1490 330 habeat:
1513 304 1560 331 sed
1578 304 1638 339 ejus

852 352 934 380 opera
947 346 1103 373 accuratius
1125 347 1276 381 perpendas
1287 367 1294 379 ,
1310 355 1344 374 an
1367 348 1402 375 sit
1423 353 1585 384 lempcrans,
1601 357 1637 377 an

853 391 1005 426 hospitalis,
1022 399 1056 419 an
1071 392 1235 425 misericors,
1258 401 1291 419 an
1303 393 1462 421 cbaritatem
1480 395 1588 426 habeat,
1602 403 1637 423 an

853 442 1007 472 perseveret
1026 439 1053 465 in
1070 438 1251 471 orationibus,
1268 446 1302 466 an
1319 439 1354 466 sit
1367 440 1482 474 patiens.
1507 439 1534 466 Si
1557 439 1637 468 deum

855 488 976 510 ventrem
1006 483 1115 517 habeat,
1132 487 1159 511 et
1179 489 1272 519 guttur
1297 483 1448 518 infernum,
1480 486 1638 514 divitiarum

855 529 951 556 morbo
969 529 1106 561 laborans,
1121 530 1246 564 pietatem
1265 538 1313 565 pro
1332 535 1437 566 quaestu
1461 531 1578 565 habens,
1595 533 1637 560 di-

854 575 930 601 mitte
943 575 1037 609 illum;
1054 583 1108 603 non
1124 580 1165 603 est
1180 576 1252 603 enim
1264 581 1358 612 pastor
1372 579 1483 613 peritus,
1499 579 1544 606 sed
1557 579 1638 615 lupus

854 627 948 654 rapax.
967 619 995 647 Si
1019 627 1108 648 autem
1137 622 1207 648 nosti
1232 623 1345 650 arbores
1364 631 1397 651 ex
1416 623 1548 652 fructibus
1574 633 1638 660 pro-

854 665 928 696 bare,
950 674 1073 700 quaenam
1095 666 1198 694 scilicet
1213 667 1266 695 sint
1283 674 1378 696 natura
1389 690 1395 699 .
1410 674 1490 704 gustu
1501 690 1508 701 ,
1523 670 1637 706 pingue-

854 711 933 744 dine;
959 711 1044 739 multo
1065 712 1150 747 magis
1173 720 1205 739 ex
1231 714 1358 748 operibus
1378 716 1529 749 periculum
1549 716 1639 744 facere

854 756 937 783 debes
956 764 1061 790 eorum,
1086 758 1132 792 qui
1159 758 1267 786 Christo
1292 759 1324 786 ad
1347 764 1482 794 quaestum
1506 765 1637 795 utuntur;

854 803 929 837 quia,
947 803 1011 830 dum
1033 804 1150 838 aliquam
1175 806 1325 832 sanctitatis
1350 805 1448 833 famam
1474 807 1637 842 praeferunt,

855 849 972 875 animam
997 849 1136 883 possident
1159 849 1332 877 diabolicam.
1355 850 1432 883 Quod
1456 852 1478 879 si
1498 861 1530 879 ex
1553 852 1640 888 spinis

855 903 908 922 non
916 895 1019 930 colligis
1030 903 1106 928 uvas,
1122 904 1171 923 nec
1182 904 1212 924 ex
1230 897 1338 925 tribulis
1351 898 1427 930 licus,
1440 899 1504 933 quid
1517 899 1639 933 opinaris

854 949 934 976 posse
944 946 969 968 te
977 942 1041 976 quid
1058 942 1121 969 boni
1134 949 1166 969 ex
1181 943 1436 977 praevaricatoribus
1450 945 1555 978 audire,
1567 951 1594 973 et
1604 954 1638 974 ex

855 987 1038 1023 proditoribus
1062 988 1198 1023 quidpiam
1222 990 1286 1016 utile
1305 989 1444 1017 ediscere?
1460 989 1522 1018 Illos
1548 991 1639 1026 itaque

855 1040 980 1059 aversare
990 1036 1019 1059 ut
1032 1032 1110 1067 lupos
1118 1032 1259 1065 Arabicos,
1272 1037 1299 1060 ct
1307 1033 1399 1068 spinas
1416 1033 1638 1069 inobsequentiae.

856 1078 970 1106 tribulos
980 1078 1141 1113 iniquitatis,
1152 1079 1264 1106 arbores
1273 1079 1370 1106 malas.
1382 1079 1410 1106 Si
1421 1079 1520 1107 videris
1531 1079 1640 1114 sapien-

856 1129 909 1152 tem
927 1124 1054 1159 aliquem,
1073 1131 1107 1152 ex
1124 1125 1238 1152 consilio
1263 1124 1408 1160 Sapientia:
1423 1125 1444 1158 ‘,
1462 1133 1541 1153 mane
1560 1125 1640 1161 vigila

856 1171 890 1198 ad
911 1171 998 1202 illum,
1023 1171 1153 1198 stationes
1171 1175 1311 1206 portarum
1328 1171 1387 1206 ejus
1411 1175 1478 1198 terat
1499 1179 1547 1206 pes
1566 1176 1639 1204 tuus,

858 1221 884 1244 ut
901 1217 935 1244 ab
951 1224 983 1244 eo
999 1217 1104 1244 ediscas
1127 1217 1192 1252 legis
1213 1217 1334 1248 umbras,
1352 1222 1379 1244 et
1397 1218 1544 1254 gratiarum
1557 1218 1639 1244 dona.

858 1262 950 1298 Neque
962 1263 1034 1290 enim.
1053 1263 1218 1298 sophisticus
1231 1271 1320 1290 sermo
1336 1267 1362 1290 et
1379 1264 1487 1291 habitus
1503 1264 1641 1292 modestus

859 1308 1034 1336 introducunt
1048 1308 1074 1335 in
1088 1316 1200 1343 regnum
1214 1309 1345 1337 caelorum
1357 1318 1363 1342 ;
1381 1309 1427 1336 sed
1441 1309 1507 1337 ﬁdes
1522 1309 1641 1345 perfecta

859 1362 890 1381 ac
909 1354 1023 1381 minime
1037 1355 1158 1387 curiosa,
1174 1363 1236 1383 eum
1255 1355 1422 1390 providentia
1439 1355 1548 1383 virtutis
1563 1355 1642 1390 plena

859 1404 886 1427 et
900 1400 1059 1436 conSpicua.

1122 1456 1214 1483 Sancti
1236 1455 1388 1487 Athanasii.

54 1505 158 1539 Ἄρατε
177 1503 229 1530 τὸν
244 1503 330 1538 ζυγόν
342 1512 401 1538 μου
417 1504 463 1538 ἐφ’
477 1502 564 1538 ὑμᾶς,
576 1502 624 1529 καὶ
636 1502 743 1537 μάθετε
756 1502 806 1530 ἀπ’

896 1501 991 1528 Tollite
1008 1502 1102 1535 jugum
1124 1509 1209 1527 meum
1228 1509 1305 1535 super
1322 1509 1375 1533 vos,
1398 1505 1422 1527 et
1441 1501 1536 1528 discite
1551 1509 1567 1527 a
1589 1509 1642 1533 me,

20 1550 101 1583 ἐμοῦ.
121 1549 166 1576 ὅτι
183 1548 276 1583 πρᾶός
287 1550 345 1583 εἰμί
358 1549 406 1575 καὶ
421 1548 560 1581 ταπεινὸς
577 1547 613 1582 τῇ
628 1547 744 1581 καρδίᾳ,
760 1547 807 1573 καὶ

20 1597 163 1631 signiﬁcare
184 1595 356 1622 ἀνάπαυσιν
376 1595 440 1634 ταῖς
464 1594 577 1629 ψυχαῖς
596 1593 693 1628 ὑμῶν·
718 1596 734 1621 ὀ
754 1595 808 1630 γὰρ

20 1643 105 1678 ζυγός
120 1652 179 1677 μου
192 1642 334 1677 χρηστὸς,
353 1642 401 1669 καὶ
417 1642 450 1669 τὸ
467 1641 589 1676 φορτίον
605 1650 664 1675 μου
678 1641 809 1675 ἐλαφρόν

20 1689 115 1716 ἐστιν.
153 1688 292 1714 Ἐντεῦθεν
311 1688 486 1723 ὠφελημένος
509 1688 523 1713 ὁ
544 1687 614 1719 θεῖος
638 1687 806 1719 Ἀπόστολος,

21 1733 136 1768 ὀγκώδη
160 1734 209 1768 τὴν
226 1732 362 1768 ἁμαρτίαν
379 1732 502 1767 ὠνόμασε
517 1731 566 1758 καὶ
583 1732 807 1765 εὐπερίστατον.

21 1780 50 1806 ΤΞ
60 1781 118 1816 γὰρ
131 1779 279 1815 βαρύτερον
288 1779 335 1805 καὶ
343 1777 543 1814 βλαϐερώτερον
555 1776 690 1812 ἁμαρτίας
699 1785 705 1808 ;
715 1776 809 1812 ὥσπερ

21 1827 49 1853 ἐκ
59 1826 109 1853 τοῦ
122 1826 257 1858 ἐναντίου,
271 1826 298 1852 τί
312 1826 361 1861 τῆς
378 1826 477 1861 ἀρετῆς
493 1825 691 1860 ἐλαφρότερον;
705 1825 736 1852 Ἠ
746 1823 806 1858 μὲν

19 1874 70 1909 γὰρ
87 1870 227 1908 ἁμαρτία,
241 1873 277 1904 ὡς
286 1874 314 1899 ὲν
328 1872 491 1908 Παροιμίαις
499 1872 662 1907 γέγραπται,
674 1871 810 1903 πολλοὺς

20 1919 173 1952 τρώσασα,
183 1917 362 1944 καταϐάλλει
371 1916 411 1949 τῷ
417 1916 515 1950 βάρει,
523 1915 638 1950 Σειραῖς
646 1924 674 1942 τε
683 1915 812 1942 τῶνὲαυ-

21 1964 69 1990 τοῦ
80 1962 235 1999 ἁμαρτιῶν
245 1963 373 1996 ἕκαστος
386 1963 542 1997 σφίγγεται
552 1970 559 1977 ·
578 1963 594 1997 ἡ
610 1961 639 1988 δὲ
653 1961 736 1997 ἀρετὴ
747 1961 809 1992 τοὺς

19 2010 261 2046 ἀντιποιουμένους
276 2009 360 2044 αὐτῆς
380 2009 507 2041 ζωοποιεῖ
528 2009 575 2034 καὶ
592 2010 630 2039 εἰς
645 2007 711 2043 ὕψος
728 2008 808 2043 αἴρει,

19 2058 146 2091 λὲγοντος
161 2055 208 2082 τοῦ
223 2055 444 2092 Παροιμιαστοῦ·
468 2055 568 2082 Ξύλον
584 2054 657 2088 ζωῆς
669 2055 733 2081 ἐστι
750 2054 811 2087 τοῖς

19 2101 279 2137 ἀντιποιουμένοις
297 2101 410 2136 αὐτῆς·
432 2101 479 2128 τοῦ
495 2102 523 2128 δὲ
546 2100 715 2136 Ψαλμωδοῦ·
735 2100 811 2127 Ἀνα-

19 2151 183 2185 λαμϐάνων
196 2149 300 2183 πραεῖς
315 2150 331 2175 ὁ
342 2148 457 2181 Κύριος.
483 2146 532 2173 Διὰ
544 2146 621 2172 τοῦτο
634 2146 650 2180 ἡ
664 2146 711 2180 μὲν
725 2146 811 2181 ἁμαρ-

859 1548 921 1583 quia
935 1549 1005 1574 mitis
1018 1556 1075 1574 sum
1088 1553 1111 1574 et
1124 1547 1233 1574 Immitis
1244 1547 1330 1579 corde,
1343 1552 1368 1574 et
1382 1547 1517 1574 invenietis
1531 1547 1644 1581 requiem

859 1593 996 1620 animabus
1011 1594 1101 1619 vestris
1116 1602 1125 1619 :
1143 1593 1238 1627 jugum
1260 1594 1329 1619 enim
1351 1600 1436 1618 meum
1454 1600 1532 1618 suave
1554 1597 1603 1624 est,
1618 1597 1644 1618 et

859 1647 924 1666 onus
948 1647 1033 1666 meum
1055 1639 1108 1666 lere
1121 1639 1141 1665 ⁸.
1161 1638 1228 1665 Hinc
1251 1639 1366 1665 utilitate
1391 1642 1514 1672 percepta
1534 1638 1645 1666 divinus

860 1685 1022 1720 Apostolus,
1045 1685 1219 1719 ponderosum
1247 1689 1271 1710 et
1302 1684 1476 1710 circumstans
1502 1687 1643 1718 peccatum

860 1730 1004 1766 appellavit
1020 1730 1051 1756 ιο.
1066 1729 1136 1762 Quid
1151 1729 1221 1756 enim
1237 1729 1346 1763 gravius
1362 1733 1388 1756 et
1409 1728 1568 1756 damnosius
1583 1736 1646 1763 pec-

860 1777 943 1804 cato?
961 1780 989 1802 ut
1004 1784 1019 1803 e
1034 1775 1183 1806 contrario,
1196 1775 1259 1809 quid
1272 1775 1357 1802 levius
1374 1779 1401 1802 ct
1417 1775 1511 1802 utilius
1527 1774 1646 1802 virtute?

861 1831 923 1850 nam
944 1822 1094 1854 Peccatum,
1110 1828 1139 1849 ut
1159 1822 1185 1848 in
1201 1813 1355 1848 Proverbiis
1367 1821 1498 1856 scriptum
1514 1826 1569 1854 est,
1588 1820 1646 1848 vul-

860 1873 964 1896 neratos
990 1867 1087 1894 multas
1112 1867 1223 1902 pondere
1248 1867 1393 1901 dejicit“,
1419 1872 1445 1895 et
1464 1867 1646 1903 Unusquisque

861 1916 960 1943 catenis
977 1920 1145 1950 peccatorum
1169 1923 1276 1941 suorum
1291 1915 1430 1950 stringitur
1443 1915 1475 1942 ¹¹.
1492 1913 1585 1942 Virtus
1601 1922 1647 1942 au-

861 1966 915 1988 tem
931 1970 989 1995 eos,
1005 1961 1050 1996 qui
1069 1968 1098 1988 se
1110 1961 1319 1996 amplectuntur,
1335 1961 1455 1988 viviﬁcat
1470 1964 1498 1988 et
1512 1960 1540 1988 in
1561 1961 1646 1987 altum

861 2009 950 2043 erigit,
964 2013 991 2034 ut
1007 2008 1034 2034 itt
1052 2006 1208 2035 Proverbiis
1219 2007 1317 2035 dicitur
1331 2017 1337 2034 :
1351 2007 1465 2042 Lignum
1481 2007 1541 2034 vita:
1551 2011 1590 2033 est
1601 2007 1645 2038 iis,

861 2054 905 2088 qui
926 2053 1010 2088 ipsam
1030 2052 1225 2087 amplectuntur
1242 2053 1282 2086 ¹³;
1305 2059 1332 2080 et
1354 2054 1380 2080 in
1401 2053 1533 2084 Psalmis.
1557 2052 1648 2081 Susci-

861 2101 934 2135 piens
950 2105 1099 2127 mansuetos
1115 2099 1242 2127 Dominus
1258 2100 1288 2127 “.
1306 2099 1409 2127 Idcirco
1425 2104 1564 2135 peccatum
1586 2100 1648 2134 qui-

863 2146 923 2173 dem
950 2145 1098 2181 symboliee
1124 2154 1186 2173 cum
1212 2146 1312 2173 talento
1341 2147 1465 2181 plumbeo
1493 2147 1647 2174 demersum

19 2197 60 2222 τία
84 2195 260 2231 συμϐολικῶς
278 2195 324 2220 ἐπὶ
347 2194 480 2220 ταλάντου
496 2191 667 2227 διαμολίῦδου
683 2200 807 2226 καταιρο-

864 2192 1031 2226 conspicitur
1047 2193 1084 2219 1‘:
1104 2192 1168 2226 quia
1189 2192 1230 2218 sui
1246 2193 1367 2219 cultorcs
1384 2193 1410 2219 in
1427 2192 1589 2227 profundum
1607 2193 1648 2219 in-

21 2238 86 2273 μὲν-η
99 2237 260 2271 θεωρεῖται·
273 2236 366 2271 ἐπειδὴ
377 2236 439 2267 τοὺς
451 2234 607 2270 χρωμένους
621 2234 688 2268 αὐτῇ
702 2233 810 2267 βυθίους

20 2284 172 2319 καταφέρει
183 2284 223 2314 εἰς
235 2283 280 2309 τὸν
291 2282 357 2318 ᾇδην
367 2291 374 2297 ·
391 2282 438 2308 καὶ
448 2278 489 2313 οἷς
501 2281 698 2316 ἐνυπάρχουσιν
707 2280 731 2306 οἱ
746 2287 812 2314 σαρ-

19 2331 90 2357 κικοὶ
105 2330 186 2364 ὃγκοι
202 2329 248 2355 καὶ
263 2329 291 2355 αἱ
312 2328 361 2363 τῆς
379 2327 479 2363 σαρκὸς
498 2326 650 2361 ἐπιθυμίαι,
667 2325 714 2351 καὶ
730 2324 777 2356 οὓς
794 2327 809 2359 ἡ

19 2376 143 2412 ἁμαρτία
153 2375 323 2410 περίσταται,
334 2374 438 2404 τούτοις
448 2373 497 2399 οὐκ
509 2372 580 2399 ἐστιν
592 2371 732 2407 ἐλεύθερον
744 2371 812 2406 πρὸς

19 2424 61 2449 τὸν
76 2422 148 2449 Θεὸν
158 2422 189 2448 τὸ
200 2421 286 2456 ὄμμα.
310 2421 338 2447 '0
352 2419 432 2454 ζυγὸς
445 2419 533 2446 τοίνυν
548 2418 594 2445 τοῦ
610 2418 735 2453 Σωτῆρος
749 2425 816 2452 χρη-

20 2469 79 2500 στὸς
92 2467 144 2494 καὶ
158 2467 188 2494 τὸ
205 2467 315 2502 φορτίον
333 2466 460 2501 ἐλαφρόν.
479 2465 534 2491 Καὶ
551 2463 626 2495 πῶς,
645 2463 737 2498 φησὶν,
754 2462 816 2488 ἐλα-

20 2515 98 2550 φρὸν,
109 2514 177 2540 ὅταν
192 2513 276 2549 λέγῃ·
300 2511 367 2538 Ἐὰν
377 2511 419 2546 μή
436 2519 480 2543 τις
493 2508 569 2544 μισῇ
586 2507 698 2541 πατέρα
717 2507 736 2541 ἢ
759 2515 815 2541 μη-

20 2561 106 2595 τέρα·
139 2559 202 2591 καὶ,
231 2560 282 2591 Ὃς
310 2559 365 2585 οὐκ
393 2557 468 2591 αἴρει
500 2555 554 2582 τὸν
587 2553 738 2587 σταυρὸν,
766 2553 815 2579 καὶ

21 2605 187 2634 ἀκολουθεῖ
207 2614 278 2640 μοι,
303 2606 358 2631 οὐκ
371 2604 436 2631 ἐστι
461 2611 522 2637 μου
548 2601 646 2633 ἅξιυς¹
674 2601 731 2631 καὶ,
768 2601 816 2632 Ὃς

22 2654 75 2679 οὐκ
90 2651 298 2680 ἀποτάσσεται
322 2649 415 2677 πᾶσιν
427 2649 520 2676 αὐτοῦ
536 2647 595 2680 τοῖς
612 2645 814 2680 ὑπάρχουσιν,

865 2237 984 2264 ferorum
1000 2237 1101 2272 drjicit.
1117 2237 1222 2270 Quibus
1243 2244 1332 2265 autem
1358 2238 1450 2266 insunt
1473 2239 1563 2266 carnis
1582 2247 1649 2274 pon-

865 2284 928 2311 dera
942 2288 968 2310 et
981 2284 1152 2318 cupiditates,
1168 2284 1239 2311 etiis
1257 2284 1303 2319 qui
1319 2292 1334 2311 a
1355 2289 1465 2319 peccato
1480 2285 1650 2312 circumdan-

865 2335 919 2361 tur,
937 2337 990 2356 non
1007 2329 1121 2356 liberum
1138 2337 1204 2357 sane
1220 2334 1260 2357 est
1276 2330 1369 2358 oculos
1384 2330 1417 2357 ad
1433 2330 1517 2357 Deum
1534 2330 1648 2365 erigere.

864 2372 962 2408 Jugum
988 2372 1080 2408 itaque
1104 2373 1259 2401 Servatoris
1279 2382 1362 2402 suave
1381 2380 1432 2407 est,
1458 2380 1484 2403 et
1503 2383 1572 2403 onus
1591 2375 1650 2410 ejus

864 2419 931 2445 leve.
951 2417 984 2445 Et
998 2427 1053 2453 quo
1067 2423 1155 2453 pacto,
1171 2419 1242 2446 dicet
1259 2421 1395 2455 quispiam
1406 2442 1413 2454 ,
1435 2421 1492 2448 leve
1510 2429 1580 2449 onus
1596 2426 1650 2454 est,

864 2472 926 2491 cum
943 2464 982 2491 sic
998 2465 1125 2499 loquatur
1141 2472 1147 2490 :
1167 2464 1196 2491 Si
1213 2467 1272 2500 quis
1292 2475 1343 2492 non
1361 2467 1415 2493 adit
1431 2471 1531 2501 patrem
1552 2471 1576 2493 et
1594 2474 1652 2492 ma-

866 2513 932 2536 trem
946 2509 978 2540 ”,
996 2514 1032 2540 et,
1049 2509 1100 2541 Qui
1126 2517 1176 2536 nou
1195 2511 1263 2536 tollit
1286 2519 1400 2543 crucem,
1418 2517 1442 2538 et
1462 2512 1578 2546 sequitur
1599 2519 1650 2542 me.

869 2561 920 2580 nan
934 2559 970 2580 est
984 2562 1023 2580 me
1035 2554 1129 2588 dignus
1144 2555 1163 2570 ¹⁷
1176 2563 1182 2587 ;
1200 2559 1227 2582 ct
1241 2565 1247 2582 :
1272 2556 1324 2589 Qui
1345 2565 1395 2583 nan
1417 2558 1550 2584 renuntiat
1570 2557 1653 2583 amni-

870 2599 916 2626 bus
932 2607 990 2634 qua:
1004 2600 1130 2634 possidet,
1143 2608 1194 2627 non
1209 2606 1290 2635 potest
1305 2610 1376 2629 meus
1388 2611 1442 2629 esse
1457 2603 1603 2636 discipulus
1615 2601 1652 2635 ἐς

869 2645 924 2672 imo
936 2645 1016 2672 etiam
1030 2645 1125 2680 jubcat
1140 2646 1226 2681 ipsam
1240 2647 1346 2674 tradere
1365 2647 1506 2674 animam?
1521 2646 1548 2674 Id
1565 2651 1590 2674 te
1603 2648 1652 2675 do-

55 2736 66 2750 ⁷
81 2734 179 2761 Matth.
193 2742 240 2765 vn,
257 2734 301 2763 15,
318 2732 359 2759 16.
398 2732 409 2748 ⁸
427 2731 508 2758 Eccli.
529 2739 565 2761 \‘I,
581 2730 625 2756 56.
663 2730 672 2744 “
690 2728 807 2765 Matth._:

858 2727 903 2765 9_9,
919 2727 964 2765 $0:
1001 2728 1022 2743 ¹⁰
1038 2727 1187 2765 Ηεὺιζηκιι,
1199 2729 1238 2765 1.-
1266 2729 1287 2765 ¹ξ
1302 2728 1380 2765 Prov.
1394 2737 1441 2758 vn,
1457 2728 1502 2765 ‘.’_6.
1535 2729 1554 2744 "
1572 2728 1653 2765 Prov.

23 2777 47 2802 ν,
66 2769 114 2796 2'2.
155 2768 262 2795 "Prov.
279 2777 319 2798 ut,
336 2768 375 2794 18.

418 2766 519 2794 “l’sal.
533 2773 632 2796 cxtvn,
645 2764 671 2790 6.
700 2764 720 2778 ⁸⁸
734 2762 803 2789 Zach

867 2763 891 2789 7.
921 2764 942 2778 ¹³
954 2762 1019 2792 Luc.
1036 2772 1089 2798 ειν,
1100 2764 1145 2791 ἳϐ.
1184 2764 1204 2779 ³⁷
1214 2763 1308 2791 Matth.
1322 2771 1349 2796 ι,
1363 2764 1408 2791 58.
1438 2764 1458 2779 ⁸⁸
1467 2763 1532 2791 Luc.
1545 2771 1598 2798 x_tv,
1608 2763 1654 2792 55.

60 2827 120 2862 (ευ)
145 2826 214 2853 Edit.
240 2826 337 2853 Athan.
358 2833 383 2860 p.
405 2824 483 2856 1008,
504 2832 534 2850 ex
560 2822 665 2849 Possini
684 2826 777 2848 catena
790 2821 815 2847 in
839 2821 935 2849 Matllt.
