1930 3046
292 133 362 162 1387

712 129 741 160 S.
762 129 946 158 ATHANASII
965 130 1040 157 OPP.
1062 129 1150 158 PARS
1168 129 1212 157 ill.
1233 145 1266 149 -α
1284 129 1480 158 εχεςετιω.

1849 132 1914 160 1388

291 193 387 222 nitenti
408 191 596 221 remissionem
619 187 735 216 dandam
757 196 811 216 non
829 196 906 222 esse;
934 188 981 215 sed
1007 188 1076 216 blas-

1129 187 1190 214 σθαι
1200 188 1228 214 δὲ
1243 188 1306 224 χρὴ,
1317 188 1357 214 ὅτι
1373 188 1422 214 οὐκ
1432 185 1507 213 εἷπεν
1522 187 1537 213 ὀ
1548 186 1674 223 Χριστος,
1688 186 1733 222 Τῷ
1749 186 1912 223 βλασφημή-

291 237 446 273 phemanti.
463 236 519 265 sive
542 235 569 262 in
591 234 758 270 blasphemia
776 234 960 268 perseveranti
975 242 982 261 :
995 233 1077 267 siqui-

291 283 351 310 dem
361 283 496 317 condigna
508 280 669 317 pcenitentia
683 283 793 315 peccata
803 279 895 306 omnia
908 279 984 306 eluit.
999 278 1075 312 Quod

290 333 381 356 autem
398 328 508 359 dicitur.
522 325 721 361 blasphemiam
746 325 772 352 in
798 323 929 359 Spiritum
951 329 1074 352 sanctum

291 381 378 408 neque
391 374 416 400 in
432 372 495 405 hoc,
510 379 598 406 neque
611 370 637 397 in
654 369 748 397 futuro
769 369 870 398 saeculo
888 369 1003 402 dimitti;
1018 369 1078 404 qui.

290 419 352 446 dam
369 426 397 446 re
408 418 565 453 diligentius
580 416 716 451 exquisita
730 415 835 448 dicunt.
855 420 973 450 quatuor
988 415 1077 444 modis

290 469 464 499 peccatorum
492 463 600 490 veniam
622 461 754 494 concedi;
773 461 880 489 duobus
901 461 955 494 hic,
969 460 1076 488 duobus

290 511 352 538 item
380 511 406 538 in
436 510 530 537 futuro
561 507 670 536 smculo.
701 507 771 535 Cum
803 508 876 535 enim
903 512 1075 543 peccatorum

289 556 378 584 omnis
395 555 524 590 temporis
546 554 705 582 meminisse
727 561 782 580 non
807 553 963 587 possimus.
983 557 1013 580 ut
1032 553 1076 580 hic

288 601 474 637 pmnitentiam
500 600 614 635 quilibet
639 606 720 634 agerc
743 599 848 634 possit;
871 598 974 625 idcirco
990 597 1076 625 Domi-

288 657 340 677 nus
360 654 463 681 noster,
483 648 561 675 nobis
584 647 629 674 hic
647 645 836 682 paenitentiam
853 652 906 672 non
921 645 1074 680 agentibus.

286 696 368 728 duos.
384 700 413 722 ut
435 695 539 722 dictum
554 698 606 725 est,
631 693 658 720 in
674 692 766 719 futuro
787 691 955 727 paenitentia:
978 691 1074 718 modos

286 741 452 776 procurat-it.
479 739 548 767 Cum
571 739 633 774 quis
661 738 766 766 scilicet
793 738 866 765 bona
891 736 1075 764 indifferenter

286 787 381 821 t-geril,
399 787 455 814 sive
477 784 664 813 misericordia
691 788 719 812 et
742 783 983 812 commiseratione
1001 789 1074 809 eom-

286 838 377 860 motus
399 832 426 860 in
451 832 616 867 proximum,
641 831 699 858 sive
713 831 816 865 quzevis
828 829 881 857 alia
894 829 1073 856 humanitatis

286 878 375 905 ofticia
398 877 571 914 praestiterit;
594 884 626 904 ea
651 883 732 911 porro
747 875 774 902 in
791 874 884 902 futuro
900 874 1018 907 saeculo,
1032 873 1072 909 ju-

285 925 348 952 dicii
366 930 495 959 tempore,
508 923 547 958 ;in
570 930 651 958 quam
668 921 873 957 propendebunt
885 924 1006 956 partem,
1023 926 1070 946 ve-

286 970 358 997 niam
374 973 585 1003 consequentur.
607 967 639 994 Et
656 967 701 995 hic
712 967 821 1001 quidem
841 967 946 1001 primus
958 970 1000 993 est
1013 972 1070 992 mo-

285 1016 337 1042 dus
352 1024 359 1041 :
372 1014 509 1042 secundus
524 1021 587 1040 vero
602 1013 626 1040 is
645 1018 697 1046 est,
713 1020 775 1039 eum
796 1012 859 1046 quis
875 1011 993 1046 peccatis
1005 1018 1068 1038 con-

285 1060 414 1092 strictus,
430 1059 523 1086 audita
537 1057 724 1086 Domini-voce
742 1056 858 1085 dicentis
874 1065 881 1084 :
901 1055 990 1083 Nolite
999 1055 1070 1091 judi-

285 1114 355 1138 care,
365 1111 393 1132 ut
402 1113 453 1132 non
462 1105 631 1139 judicemini,
647 1104 681 1132 de
694 1104 804 1131 nemine
815 1102 950 1138 judicare,
965 1103 1070 1130 exami-

285 1159 350 1181 nato
361 1155 422 1181 vitae
435 1154 571 1185 instituto.
594 1160 695 1185 ausus;
712 1155 806 1187 utpote
826 1152 914 1178 cultor
932 1149 1070 1185 praecepti,

285 1208 373 1235 neque
389 1201 446 1235 ipse
460 1199 608 1235 iudicatur.
624 1198 718 1234 Neque
731 1198 804 1226 enim
820 1197 942 1224 mandati
958 1196 1000 1223 sui
1017 1196 1070 1222 im-

284 1253 390 1273 memor
411 1251 452 1274 est
476 1245 521 1273 ille
543 1245 744 1273 veracissimus.
768 1243 879 1270 Duobus
902 1246 992 1270 autem
1009 1241 1070 1268 aliis

285 1291 374 1318 modis
390 1291 435 1318 bic
446 1291 528 1317 venia
541 1290 696 1322 olitinetur;
710 1297 771 1317 cum
784 1288 846 1323 quis
858 1287 986 1314 nimirum
1003 1293 1067 1321 pec-

283 1336 352 1363 cetis
363 1336 508 1367 obnoxius,
526 1335 617 1363 divina
629 1334 805 1369 dispensante
817 1331 1001 1368 providentia,
1017 1331 1070 1358 mi-

284 1381 373 1414 seriis,
387 1381 519 1408 aerumnis
534 1380 692 1414 morbisque
705 1378 845 1414 afﬂigitur.
857 1377 938 1404 Modo
951 1384 1069 1412 namque

282 1425 337 1456 sibi
352 1426 453 1461 ignoto,
472 1425 514 1453 his
528 1433 544 1452 a
563 1424 619 1452 Deo
637 1428 778 1459 purgatur.
799 1422 833 1451 Et
849 1423 870 1450 si
885 1422 995 1458 quidem
1011 1427 1069 1449 ten-

281 1476 357 1500 \utus
372 1470 473 1505 gratias
489 1473 569 1504 agat,
589 1468 742 1496 mercedem
764 1467 801 1496 ob
816 1468 966 1502 gratiarum
983 1466 1069 1494 actio-

283 1523 346 1544 nem
368 1516 484 1550 accipit;
506 1516 547 1543 sin
567 1523 597 1543 sc
612 1515 746 1550 ingratum
758 1513 900 1549 praebeat,
920 1512 955 1540 de
970 1512 1066 1540 iisdem

284 1562 401 1597 peccatis
412 1569 528 1596 quorum
541 1568 621 1588 causa
630 1560 788 1595 corripitur,
802 1559 900 1586 iterum
912 1559 1067 1595 iudicatur:

284 1614 449 1641 .nsupcrque
463 1607 567 1635 debitas
589 1607 695 1642 ingrato
714 1606 806 1634 animo
827 1613 921 1641 pmnas
937 1606 1011 1633 luere
1023 1613 1069 1632 co-

283 1652 364 1687 gitur.
382 1652 464 1687 Igitur
487 1657 596 1687 peccata
617 1653 644 1678 in
672 1651 797 1678 homines
819 1650 952 1684 admissa,
976 1650 1068 1677 multis

283 1702 398 1731 possunt
416 1697 569 1724 rationibus
583 1696 733 1724 condonari
749 1705 755 1723 :
770 1703 833 1723 nam
855 1696 878 1723 si
899 1697 965 1731 quis
979 1696 1004 1723 in
1019 1696 1069 1723 ho-

282 1742 383 1769 minem
404 1750 533 1778 peccans.
549 1743 582 1770 dc
602 1743 655 1769 alio
673 1741 782 1769 homine
799 1742 867 1769 bene
882 1746 1027 1774 mereatur.
1044 1741 1068 1769 is

281 1796 363 1825 quam
381 1789 406 1816 in
420 1793 544 1816 naturam
558 1789 679 1824 peccavit
694 1788 782 1817 eidem
800 1792 906 1815 naturae
923 1787 1066 1816 satisfecit.

283 1835 335 1862 Sed
359 1835 525 1870 blasphemia
549 1836 575 1862 in
602 1834 736 1870 Spiritum
764 1835 836 1869 (qua
853 1833 998 1861 inﬁdelitas
1013 1838 1066 1864 est.

282 1879 403 1913 nullam.
424 1881 476 1908 nisi
493 1880 554 1915 quis
573 1879 660 1907 ﬁdelis
676 1879 823 1912 efficiatur,
837 1879 944 1907 veniam
967 1879 1066 1906 admit-

282 1925 363 1962 tens),
385 1931 479 1961 utpote
500 1926 646 1960 impietatis
668 1930 696 1954 et
721 1925 890 1953 infidelitatis
911 1930 1065 1960 peccatumI

282 1977 370 2006 aeque
385 1971 413 1998 in
431 1972 499 2005 hoc,
518 1979 604 2007 neque
618 1972 645 1999 in
670 1971 763 1999 futuro
780 1970 883 1999 saeculo
902 1971 1064 1999 dimittetur.

502 2018 640 2044 Athanasii
656 2017 844 2051 Alexandrini,

573 2063 612 2091 De
632 2064 769 2092 lunaticis.

317 2108 436 2140 Domine.
453 2117 574 2137 miserere
589 2109 644 2144 ﬁlio
660 2118 716 2137 mea
726 2131 733 2143 ,
746 2111 810 2146 quia
825 2111 957 2138 lunattcus
975 2116 1024 2144 est,
1040 2115 1065 2138 et

281 2157 350 2182 male
365 2156 466 2190 patitur
474 2155 507 2182 ".
530 2155 681 2188 Lunaticis,
697 2163 753 2183 non
776 2157 841 2184 luna
857 2157 969 2184 insaniae
982 2164 1065 2184 causa

1129 242 1203 260 σαντι
1229 234 1275 261 καὶ
1293 235 1485 269 μετανοήσαντι
1506 233 1556 259 οὐκ
1570 233 1754 268 ἀφεθήσεται·
1777 233 1846 259 ἀλλά
1867 234 1911 268 Τῷ

1127 279 1341 316 βλασφημοῦντι,
1356 280 1405 306 εἰτ’
1422 277 1468 305 οὖν
1485 279 1640 314 ὲπιμένοντι
1654 279 1687 314 τῇ
1704 278 1913 314 βλασφημίᾳ.ἰὶ

1125 325 1179 362 γὰρ
1195 326 1333 360 ἀξιόλογος
1349 325 1478 361 μετάνοια
1491 325 1580 352 πάντα
1593 324 1650 351 λύει
1669 325 1702 351 τὰ
1716 325 1910 361 ἁμαρτήματα.

1126 372 1182 407 (22)
1198 371 1235 398 To
1248 372 1276 398 δὲ
1292 373 1359 407 μήτε
1375 371 1493 398 ἐνταῦθα
1511 371 1639 406 ἀφίεσθαι
1705 372 1746 402 εἰς
1758 371 1790 398 τὸ
1804 370 1912 406 Πνεῦμα

1127 417 1362 453 βλασφημήσαντι,
1382 418 1448 453 μήτε
1473 419 1501 444 ἑν
1524 417 1562 452 τῷ
1580 417 1713 452 μέλλοντι,
1727 417 1800 448 τινὲς
1821 416 1912 449 ἐξετα-

1126 463 1217 495 ζοντές
1232 472 1300 498 φασι
1313 463 1447 500 τέσσαρας
1463 461 1533 490 εἶναι
1548 464 1665 500 τρόπους
1675 464 1708 490 δι’
1723 461 1760 490 ὧν
1773 463 1912 499 συγχώρη-

1127 518 1168 542 σις
1184 511 1390 546 ἁμαρτημάτων
1408 511 1512 544 γίνεται
1522 519 1529 525 ·
1545 509 1592 536 δύο
1613 509 1740 541 ἐνταῦθα,
1756 510 1804 535 καὶ
1823 509 1872 535 δύο
1886 511 1913 535 ὲν

1125 556 1163 592 τῷ
1181 556 1429 592 μέλλοντι.Ἐπειδὴ
1453 557 1508 592 γὰρ
1533 557 1584 583 οὐκ
1606 556 1758 590 ἐφικνεῖται
1778 556 1796 590 ἡ
1819 556 1912 590 μνήμη

1124 602 1184 629 ὅλου
1205 602 1300 638 χρόνου
1321 602 1499 638 μνημονεύειν
1519 602 1552 629 τὰ
1569 601 1725 637 σφάλματα,
1739 601 1784 627 ἴνα
1798 601 1911 627 ἐνταῦθα

1125 650 1278 686 μετανοήσῃ
1300 650 1315 676 ὀ
1336 648 1488 684 ἄνθρωπος,
1504 647 1662 683 ᾡκονόμησε
1676 646 1875 682 φιλανθρώπως
1898 650 1910 673 ὁ

1122 695 1225 731 Κύριος
1239 693 1317 730 ἡμῶν
1332 694 1369 730 μὴ
1383 693 1583 729 μετανοούντων
1594 693 1711 728 τρόπους
1729 693 1874 728 μετανοίας
1884 693 1909 718 ἒν

1125 741 1174 777 μὲν
1186 741 1225 777 τῷ
1241 740 1373 776 μέλλοντι,
1385 740 1423 772 ὡς
1438 740 1557 775 εἴρηται,
1573 739 1634 765 δύο·
1652 739 1716 766 ὅταν
1739 747 1783 770 τις
1803 739 1911 772 ἀδιαφό-

1121 795 1178 823 ρως
1199 786 1416 822 ἀγαθοεργήσας,
1432 785 1487 811 εἴτε
1503 786 1543 816 εἰς
1557 782 1645 812 οῐκτον
1667 784 1715 810 καὶ
1740 783 1910 819 συμπάθειαν

1123 832 1191 868 πρὸς
1203 832 1248 859 τδν
1263 831 1375 867 πλησίον
1389 831 1519 867 κινηθεὶς,
1533 831 1549 865 ἦ
1564 831 1613 858 ὅσα
1623 830 1693 856 ἄλλα
1705 829 1909 865 φιλανθρωπίας

1086 868 1107 896 Β
1122 877 1256 913 ἐχόμενα*
1273 876 1361 904 ταῦτα
1375 876 1405 902 ὲν
1416 875 1454 912 τῷ
1469 876 1591 911 μέλλοντι
1609 875 1687 901 αἰῶνι
1703 874 1774 902 κατὰ
1788 875 1835 901 τὸν
1854 884 1910 901 και-

1123 922 1168 958 ρὸν
1183 923 1233 958 τῆς
1246 923 1365 958 κρίσεως
1387 921 1635 956 ζυγοπατούμενα,
1649 921 1692 955 ἐφ’
1706 920 1724 947 ἃ
1747 921 1798 956 τὴν
1826 921 1910 956 ῥοπήν

1121 967 1186 1003 ἔχει,
1203 967 1373 1003 συγχώρησις
1381 967 1495 1002 γίνεται.
1507 967 1561 993 Καὶ
1574 963 1650 998 οὗτος
1663 966 1710 1001 μὲν
1724 967 1738 992 ὸ
1750 963 1791 997 εἷς
1801 966 1908 1001 τρόπος·

1120 1013 1243 1049 δεύτερος
1259 1013 1286 1039 δὲ
1303 1010 1379 1045 οὗτος
1390 1022 1396 1028 ·
1408 1013 1473 1039 ὃταν
1487 1014 1547 1044 ταῖς
1562 1012 1708 1047 ἁμαρτίαις
1722 1011 1909 1047 συνεχόμενκ,

1120 1059 1225 1086 ἀκούων
1241 1059 1269 1087 δὲ
1289 1059 1336 1086 τοῦ
1355 1060 1457 1096 Κυρίου
1482 1059 1623 1093 λέγοντος*
1643 1057 1691 1092 Μὴ
1715 1059 1847 1092 κρίνετε,
1864 1059 1908 1084 ἳνα

1117 1107 1160 1141 μὴ
1176 1105 1303 1140 κριθῆτε,
1317 1106 1482 1142 φοὸούμενος
1494 1105 1587 1132 οὐδένα
1601 1105 1688 1140 κρίνει
1701 1105 1732 1131 ἐν
1742 1106 1776 1140 τῇ
1788 1105 1907 1137 ἐξετάσει

1119 1152 1173 1178 τῶν
1187 1152 1361 1188 βεϐιωμένων
1373 1161 1379 1167 ·
1398 1151 1436 1183 ὡς
1451 1151 1536 1185 φύλαξ
1551 1151 1601 1186 τῆς
1615 1150 1724 1186 ἐντολῆς
1733 1150 1764 1177 οὐ
1777 1151 1907 1186 κρίνεται.

1119 1199 1173 1233 Τῆς
1188 1198 1242 1234 γὰρ
1256 1197 1352 1224 ἑαυτοῦ
1364 1198 1474 1233 ἐντολῆς
1487 1198 1537 1224 οὐκ
1546 1197 1705 1232 ἑπιλήσμιον
1718 1198 1733 1223 ὁ
1745 1196 1908 1231 ἀψευδὲς-ται

1119 1253 1174 1276 τος.
1191 1244 1222 1270 Οἱ
1236 1244 1265 1271 δὲ
1277 1245 1365 1280 ἕτεροι
1382 1244 1428 1270 δύο
1439 1244 1534 1279 τρόποι
1548 1243 1662 1270 ἐνταῦθα
1673 1242 1722 1278 τὴν
1737 1242 1907 1278 συγχώρησιν

1121 1289 1242 1324 ἔχουσιν·
1261 1291 1324 1317 ὁταν
1340 1298 1392 1321 τις,
1409 1291 1438 1316 ὲν
1456 1289 1602 1325 ἁμαρτίαις
1614 1288 1664 1320 ὢν,
1681 1289 1865 1323 οἰκονομεῖται
1878 1290 1907 1314 ὲκ

1119 1335 1170 1371 τῆς
1184 1336 1310 1371 προνοίας
1330 1336 1358 1362 ὲν
1379 1336 1543 1371 συμφοραῖς,
1554 1335 1582 1361 ὲν
1597 1334 1741 1368 ἀνάγκαις,
1758 1335 1787 1360 ἐν
1803 1335 1906 1365 νόσοις·

1119 1380 1157 1413 ὡς
1173 1381 1222 1408 οὐκ
1244 1379 1297 1408 οἶδε
1318 1381 1373 1417 γὰρ
1386 1381 1430 1408 διὰ
1444 1380 1498 1407 τῶν
1512 1380 1642 1407 τοιούτων
1656 1380 1785 1416 καθαίρει
1801 1382 1883 1408 αὑτὸν
1895 1382 1908 1406 6

1119 1427 1194 1459 Θεός.
1210 1427 1265 1453 Καὶ
1281 1427 1304 1453 ei
1326 1427 1375 1462 μὲν
1392 1427 1548 1462 εὐχαριστεί
1568 1426 1775 1461 πειραζόμενος,
1795 1427 1847 1453 τὸν
1869 1427 1908 1452 ἐπὶ

1119 1474 1153 1508 τῇ
1166 1471 1326 1508 εὐχαριστίᾳ
1341 1471 1435 1507 μισθὸν
1448 1472 1579 1507 λαμὸἀνει
1589 1480 1596 1487 ·
1619 1472 1642 1497 εἰ
1657 1471 1685 1498 δὲ
1703 1471 1862 1506 ἀχαριστεῖ,
1879 1472 1907 1497 δι’

1119 1518 1152 1550 ἃς
1167 1518 1216 1554 μὲν
1232 1518 1370 1554 ἁμαρτίας
1384 1517 1551 1551 παιδεύεται,
1567 1518 1600 1544 ὲκ
1609 1517 1663 1543 τῶν
1677 1517 1807 1544 τοιούτων
1823 1517 1908 1553 κρίνε-

1118 1575 1179 1593 ται·
1201 1566 1250 1602 τὴν
1264 1566 1292 1594 δὲ
1307 1566 1378 1602 ὑπὲρ
1396 1566 1447 1601 τῆς
1467 1566 1628 1601 ἀχαριστίας
1641 1565 1840 1600 εἰσπράττεται
1856 1573 1909 1590 ποι-

1119 1612 1262 1648 νήν.Ἐπεὶ
1280 1610 1326 1639 οὖν
1347 1612 1426 1639 ἅτινα
1446 1612 1486 1644 εἰς
1504 1610 1662 1646 ἀνθρώπους
1683 1619 1724 1642 τις
1744 1611 1908 1646 ἁμαρτάνει.

1119 1655 1218 1688 πολλὰς
1243 1655 1299 1691 ἔχει
1325 1656 1476 1692 προφάσεις
1504 1656 1721 1691 συγχωρήσεων⁸
1742 1655 1908 1691 ἁμαρτάνων

1118 1694 1174 1736 γάρ
1185 1709 1227 1732 τις
1247 1701 1287 1732 εἰς
1309 1700 1462 1735 ἄνθρωπον,
1479 1700 1558 1727 ἄλλον
1569 1700 1597 1726 δὲ
1610 1699 1752 1736 ἄνθρωπον
1767 1698 1796 1726 εὖ
1813 1700 1908 1731 ποιῶν.

1118 1746 1158 1778 εἰς
1174 1746 1207 1781 ἢν
1228 1746 1307 1780 φύσιν
1327 1747 1460 1781 ἥμαρτεν,
1477 1746 1545 1781 αὐτῇ
1560 1746 1607 1772 καὶ
1622 1745 1826 1782 ἀπελογήσατο.
1836 1747 1868 1773 Ἠ
1885 1747 1908 1771 δὲ

1117 1791 1158 1823 εἰς
1169 1791 1200 1817 τὸ
1210 1791 1321 1827 Πνεῦμα
1334 1791 1491 1826 βλασφημία
1503 1791 1572 1826 (ἐστι
1581 1790 1610 1818 δὲ
1621 1791 1746 1822 ἀπιστία,
1760 1791 1797 1827 μὴ
1810 1792 1908 1827 ἔχουσα

1117 1837 1214 1873 ἑτέραν
1234 1837 1370 1873 πρόφασιν
1397 1838 1606 1873 σνγχωρήσεως,
1630 1838 1655 1863 εί
1667 1837 1715 1872 ,μὴ
1733 1837 1764 1863 τὸ
1781 1837 1906 1871 γενέσθαι

1118 1883 1234 1919 πιστὸν),
1247 1883 1308 1910 οὔτε
1322 1883 1438 1911 ἐνταῦθα
1457 1883 1519 1910 οὔτε
1536 1885 1565 1910 ὲν
1579 1882 1619 1919 τῷ
1634 1883 1759 1919 μέλλοντι
1774 1883 1906 1917 ἀφεθήσε-

1117 1938 1162 1956 ¹ναι
1175 1929 1223 1965 τῆς
1238 1929 1331 1961 ἀθετας
1346 1929 1393 1956 καὶ
1407 1930 1535 1962 ἀπιστίας
1547 1930 1564 1965 ἡ
1575 1929 1713 1965 ἁμαρτία.

1298 2023 1470 2050 Ἀθανασίου
1487 2022 1709 2058 Ἀλεξανδρείας
1721 2042 1729 2054 ,

1314 2069 1381 2104 Περὶ
1395 2068 1626 2104 σεληνιαζομένων
1641 2067 1708 2102 (‘23).

1151 2112 1250 2148 Κύριε,
1261 2113 1390 2148 ἐλέησόν
1396 2123 1456 2149 μου
1467 2115 1520 2141 τὸν
1528 2113 1606 2146 υἱὸν,
1621 2113 1667 2140 ὅτι
1685 2115 1764 2147 σελη
1769 2113 1900 2143 uda-mi.

1116 2159 1165 2186 καί
1187 2159 1284 2193 κακῶς
1298 2159 1419 2195 πάσχει.
1435 2161 1466 2187 Οἱ
1483 2160 1712 2195 σεληνιαζόμενοι.
1731 2160 1782 2194 οὐχ
1803 2159 1842 2191 ὡς
1858 2162 1902 2194 τῆς

280 2204 339 2232 est,
361 2208 449 2235 neque
464 2201 536 2228 enim
554 2201 617 2228 luna
638 2201 671 2228 ad
694 2201 795 2228 malum
812 2207 840 2229 et
853 2202 983 2229 damnum
996 2201 1066 2229 infe-

1121 2205 1230 2241 σελήνης
1245 2205 1392 2241 παραιτίας
1413 2206 1557 2241 γινομένης
1573 2206 1623 2241 τῆς
1642 2205 1732 2232 αὐτῶν
1755 2205 1901 2242 φρενοδλα-
1916 2222 1918 2243 η

282 2245 395 2272 rendum
413 2245 570 2274 hominibus
582 2251 673 2274 creata
683 2247 802 2278 est.-sed
823 2247 857 2275 ad
882 2247 1063 2275 ministerium

281 2290 391 2324 optimis
409 2291 575 2327 utilibusque
593 2292 673 2320 rebus
694 2293 880 2328 praebendum.
899 2293 968 2321 Cum
990 2294 1064 2321 enim

280 2343 312 2362 ex
326 2341 421 2364 natura
439 2344 488 2364 sua
501 2338 612 2366 humida
630 2340 677 2371 sit,
693 2339 887 2367 suavissimum
902 2339 1064 2374 corporibus

280 2390 409 2410 somnum
425 2389 563 2418 procurat,
587 2387 676 2414 noctis
698 2387 836 2418 tenebras,
857 2386 951 2414 colore
974 2386 1063 2413 lacteo

280 2432 388 2460 ornata,
400 2427 553 2461 demulcet;
572 2431 657 2458 solem
670 2439 734 2458 vero
743 2431 790 2466 qui
803 2432 894 2459 siccus
907 2431 1065 2466 calidusque

280 2477 332 2506 est,
346 2481 424 2508 aequa
437 2474 514 2502 lance
524 2480 667 2511 temperat,
683 2481 763 2512 atque
778 2478 893 2505 humore
904 2476 1064 2512 frigiditate-

279 2525 333 2553 que
351 2525 402 2546 sua
423 2519 530 2554 plantas
548 2528 654 2554 omnes,
678 2526 766 2557 prata.
796 2522 907 2555 herbas,
933 2523 1017 2556 olera,
1035 2527 1065 2550 ut

280 2568 368 2591 mater
375 2571 440 2592 vera
450 2565 478 2592 in
489 2566 561 2594 ulnis
572 2567 708 2602 accipiens
718 2588 727 2601 ,
741 2568 823 2602 fovet,
837 2575 864 2598 et
875 2570 1011 2598 virescere
1023 2569 1064 2597 fa-

279 2609 331 2642 cit;
341 2609 378 2637 ita
384 2615 413 2637 ut
420 2611 472 2643 sub
480 2618 587 2639 aurorae
594 2615 796 2648 crepusculum,
804 2615 898 2643 videre
906 2615 942 2643 sit
950 2615 1062 2643 arbores

279 2655 371 2684 densis
388 2656 530 2686 frondibus
544 2665 666 2693 ornatas,
681 2665 758 2695 prata
779 2661 805 2688 in
821 2661 935 2690 summis
949 2661 1061 2689 ﬂoribus

312 2723 333 2738 ³⁷
352 2723 450 2752 Matth.
467 2733 522 2753 xvu
553 2726 597 2754 14.

313 2791 373 2826 (22)
391 2791 452 2819 Haec
468 2793 502 2821 ad
513 2794 593 2821 finem
607 2802 704 2830 usque,
718 2803 778 2830 quae
788 2796 814 2823 in
828 2796 907 2824 editis
924 2797 1061 2825 destdera-

281 2826 396 2860 bantur,
422 2833 448 2855 et
471 2829 496 2855 in
519 2829 636 2858 editione
649 2826 898 2868 'Athanasiirnostra
913 2833 1058 2867 separatim

1117 2251 1208 2283 δείας·
1224 2251 1285 2278 οὔτε
1301 2252 1354 2287 μὴν
1367 2253 1383 2286 ὴ
1401 2252 1498 2287 σελήνη
1512 2251 1624 2286 ἐκτίσθη
1639 2251 1680 2282 εις
1700 2251 1870 2281 κακοποιίαν,
1887 2249 1901 2283 ἦ

1118 2296 1185 2332 πρὸς
1207 2295 1308 2332 βλάὸην
1322 2297 1371 2332 τῆς
1387 2296 1560 2332 ἀνθρωπίνης
1576 2296 1694 2330 φύσεως,
1711 2295 1770 2323 ἀλλ’
1785 2297 1825 2327 εἰς
1845 2304 1902 2321 σνν-
1915 2317 1917 2337 1

1116 2343 1210 2378 εργίαν
1227 2342 1317 2369 καλῶν
1341 2343 1388 2369 καὶ
1409 2342 1555 2378 ὠφελίμων
1569 2342 1749 2378 πραγμάτων.
1765 2340 1840 2368 Οὗσα
1852 2343 1901 2375 γὰρ

1116 2387 1187 2415 κατὰ
1211 2388 1290 2423 φύσιν
1309 2388 1391 2423 ὑγρὰ,
1409 2389 1465 2420 τοῖς
1491 2387 1599 2423 σώμασι
1620 2387 1666 2414 τὸν
1692 2387 1802 2423 ἥδιστον
1823 2387 1901 2414 ὕπνον

1114 2433 1248 2469 προξενεῖ,
1258 2434 1306 2469 τῆς
1316 2433 1344 2460 δὲ
1353 2434 1449 2465 νυκτὸς
1459 2434 1490 2460 τὺ
1504 2434 1599 2465 σκότος
1611 2433 1826 2469 παραμυθεῖται,
1839 2431 1902 2460 οὖσα

1114 2479 1306 2516 γαλακτοφαής
1315 2488 1323 2495 ·
1337 2479 1377 2515 τῷ
1386 2479 1415 2506 δὲ
1427 2479 1501 2515 ξηρῷ
1515 2480 1561 2506 καὶ
1573 2479 1613 2515 τῷ
1620 2479 1715 2516 θερμῷ
1725 2479 1764 2515 τῷ
1777 2479 1845 2515 ἡλίῳ
1858 2481 1900 2506 ἀν-

1114 2526 1353 2558 τιταλαντεύουσα,
1365 2527 1397 2561 τῇ
1412 2526 1540 2561 ὕγρότητι
1552 2526 1599 2552 καὶ
1610 2527 1644 2562 τῇ
1656 2525 1761 2562 ψυχρίᾳ
1770 2526 1858 2552 πάντα
1870 2526 1910 2552 τὰ».

1116 2573 1186 2608 φυτὰ
1200 2573 1247 2599 καὶ
1257 2573 1320 2604 τοὺς
1327 2572 1472 2607 λειμῶνας,
1480 2571 1527 2599 καὶ
1538 2573 1627 2599 πᾶσαν
1639 2572 1707 2599 πόαν
1719 2572 1766 2599 καὶ
1777 2572 1897 2607 βοτάνην,

1115 2618 1152 2651 ὡς
1164 2619 1254 2654 μήτηρ
1264 2617 1363 2654 γνησία
1374 2617 1418 2645 διὰ
1429 2618 1478 2654 τῆς
1487 2618 1583 2650 νυκτὸς
1590 2618 1830 2654 ὲναγκαλιζομένη,
1839 2619 1898 2645 ἁνα-

1116 2663 1237 2699 ζωπυρεῑ
1250 2664 1297 2690 καὶ
1311 2663 1454 2691 ἀναϐάλλει
1466 2672 1472 2679 ·
1484 2663 1554 2691 ὥστε
1568 2663 1619 2691 ὑπὸ
1627 2664 1676 2691 τὴν
1684 2665 1722 2691 ἕω
1731 2664 1844 2700 ὁρᾶσθαι
1855 2664 1896 2690 καὶ

1113 2804 1271 2836 ponuntur,
1294 2807 1358 2835 pag.
1385 2799 1469 2836 ιοοβ,
1496 2801 1622 2836 εχξῃιες.
1651 2802 1768 2828 mutuati
1781 2804 1881 2827 sumus-
1909 2814 1911 2829 ι

1154 2835 1210 2870 (23)
1231 2833 1343 2863 llaec'ei
1352 2835 1412 2863 cod.
1432 2835 1498 2870 Reg.
1517 2835 1596 2870 i993,
1617 2843 1632 2862 ι
1644 2837 1765 2873 saeculi,
1779 2836 1825 2864 fol.
1838 2836 1911 2877 52.5.4
