1930 3046
44 168 107 192 MOI

652 166 865 193 FRAGMENTA
885 166 916 192 ΙΝ
935 165 1061 193 LUCAM.

1586 166 1654 193 14οἓ

42 223 204 260 τρεπόμενος
218 223 311 250 τοῦτον
325 223 447 254 ἐδίωκεν,
469 222 530 249 οὔτε
554 223 591 255 ὼς
611 223 717 258 ἀγνοῶν
741 222 823 249 ὲπλα-

884 229 968 258 :eptus
988 229 1046 257 est;
1069 224 1116 251 sed
1130 223 1203 251 velut
1224 231 1325 259 gnarus
1342 225 1516 259 coarguebat,
1533 229 1560 252 et
1575 226 1654 260 quasi

42 270 104 295 νᾶτο
116 268 169 295 ὑπὸ
180 268 233 294 τῶν
247 267 341 294 τούτου
359 267 488 303 ῥημάτων
501 277 507 282 ·
526 268 594 295 ἀλλὰ
615 268 661 294 καὶ
687 268 725 299 ὡς
746 267 824 300 εἰδὼς

43 313 151 347 ἧλεγχε,
167 311 216 338 καὶ
229 312 266 343 ὡς
283 311 416 339 παιδεύων
433 311 589 348 διωρθοῦτο.
608 313 758 347 Μονονουχὶ
771 312 825 348 γὰρ

43 358 121 385 τοῦτο
142 358 229 392 λέγων
244 358 394 390 ἐδίδασκεν,
410 358 448 390 ὡς
471 358 525 394 ἄρα
541 358 627 390 οὐδεὶς
653 358 764 384 δύναται
787 357 825 392 τῷ

42 405 119 439 Λόγῳ
133 404 288 431 ἀκολουθεῖν
302 404 506 438 ἀναπαυόμενος
522 405 551 431 ὲν
565 404 681 438 ἀλόγοις,
697 404 757 430 οὐδὲ
773 403 825 430 τῶν

44 449 170 483 ἀλόγωνὸ
185 449 259 483 φίλος
277 449 388 476 δύναται
406 449 451 476 τὸν
478 449 563 484 Λόγον
586 449 722 484 δέχεσθαι,
739 449 799 475 οὐδὲ
812 450 826 476 ό

44 496 75 521 τὰ
94 495 178 529 ἄλογα
203 494 401 530 φανταζόμενος
427 494 538 521 δύναται
565 495 611 521 τοῦ
636 494 722 528 Λόγου
745 503 826 530 μετα-

45 541 190 576 λαμϐάνειν
205 541 318 568 ἔννοιαν.
344 541 451 576 Ἀμέλει
470 541 503 567 ὲκ
524 541 572 576 τῆς
592 540 693 576 τόλμης
712 541 743 567 τὸ
757 539 827 574 γνώ-

46 594 131 622 ρισμα
142 587 192 621 τῆς
209 586 374 622 προπετείας
393 587 440 613 καὶ
453 586 629 617 ἀπαιδευσίας
654 586 760 618 ἔξεστιν
776 587 827 612 αὺ-

44 633 89 659 τοῦ
101 633 278 668 καταμαθεῖν.
291 633 322 659 Εἰ
334 633 390 669 γὰρ
403 633 536 668 ἠπίστατο
548 632 596 659 τοῦ
613 633 698 667 Λόγου
715 633 763 668 τὴν
779 633 827 659 δύ-

44 687 136 714 ναμιν,
152 680 201 706 οὑκ
215 679 247 706 ἂν
262 679 330 711 ὅλως
343 679 495 714 φαντασίαν
518 679 624 714 εἰλήφει
642 679 827 714 πνευματικοῦ

44 726 143 759 Λάγου,
160 726 210 752 οὐκ
226 726 258 752 ἂν
269 725 411 761 ἄνθρωπος
433 725 470 751 ὢν
486 725 591 757 ὲξισοῦν
615 723 711 752 ἑαυτὸν
727 725 828 760 ἐτόλμα

44 773 76 806 τῇ
91 771 139 797 τοῦ
156 771 280 806 Σωτῆρος
295 770 478 807 ἀκαταλήπτῳ
492 771 604 806 δυνάμει
620 771 704 806 λέγων
720 780 726 787 ο
751 772 829 798 Ἀκο-

45 814 187 848 λουθήσω
206 824 256 842 σοι
277 816 353 843 ὅπου
369 816 423 843 ἐὰν
444 815 567 850 ἀπέρχῃ.
596 816 763 843 ’Λκολουθεῖν
779 817 828 852 μὲν

45 862 98 896 γὰρ
109 861 291 897 ἁπλούστερον
305 862 344 897 τῷ
357 862 463 898 Σωτῆρι
476 862 542 898 πρὸς
555 862 585 889 τὸ
596 863 644 897 τῆς
658 862 827 894 διδασκαλίας

46 907 128 933 αὑτοῦ
140 907 248 933 ἀκούειν
260 907 371 934 δυνατὸν
381 908 412 942 τῇ
422 906 578 943 ἀνθρωπίνῃ
590 907 679 942 φύσει,
692 908 738 933 καὶ
752 907 830 934 τοῦτο

47 953 118 979 κατᾶ
132 953 182 988 τὴν
206 953 288 979 αὑτοῦ
312 953 514 989 φιλανθρωπίαν
532 962 538 969 ³
561 954 775 981 συνεκτείνεσθαι
801 954 829 980 δὲ

48 998 95 1024 καὶ
111 998 265 1033 συντρέχειν
283 998 357 1033 αὐτῷ
374 998 511 1034 πανταχοῦ
525 1019 532 1030 ,
547 999 625 1026 τοῦτο
640 999 686 1026 καὶ
701 999 830 1026 ἀδύνατον

47 1045 94 1070 καὶ
116 1043 252 1080 τολμηρὸν
270 1044 307 1079 τῷ
332 1045 569 1080 ἐπαγγελλομένῳ.
598 1045 666 1072 Οὔτε
691 1046 744 1081 γὰρ
766 1046 831 1071 ἀνα-

45 1089 191 1123 παυομένῳ
207 1089 280 1124 αὐτῷ
299 1089 373 1124 παρὰ
391 1089 430 1124 τῷ
449 1090 536 1125 Πατρὶ
550 1092 666 1129 συνεῖναι
683 1089 828 1125 δυνάμεθα·

45 1134 106 1166 πῶς
120 1135 184 1169 γὰρ,
200 1135 282 1169 ἄλλης
295 1136 401 1169 φύσεως
414 1136 610 1171 τυγχάνοντες;
624 1135 684 1162 οὕτε
694 1135 831 1170 πανταχοῦ

46 1181 121 1216 αὐτῷ
134 1181 190 1208 livet
206 1182 368 1217 συνδραμεῖν
391 1179 501 1209 οἷόντε.
523 1182 552 1208 'O
582 1182 629 1223 μὲν
648 1182 703 1218 γὰρ
721 1182 831 1218 ἁχώρη-

46 1234 102 1259 τος,
120 1228 144 1253 οἱ
157 1228 184 1253 δὲ
199 1227 331 1262 χωρητοί·
351 1228 399 1254 καὶ
410 1228 424 1254 6
441 1229 489 1264 μὲν
506 1229 534 1254 ὲν
551 1228 589 1263 τῷ
610 1228 691 1254 παντὶ
715 1228 762 1255 καὶ
779 1228 832 1260 ἔξω

47 1273 94 1298 τοῦ
111 1273 210 1304 παντός
227 1275 310 1306 ἐστιν,
329 1274 354 1300 οἱ
369 1274 397 1300 δὲ
413 1275 442 1300 ὲν
463 1274 501 1309 τῷ
517 1275 597 1301 παντὶ
622 1274 831 1310 μεμετρημένην

48 1317 144 1353 ἔχομεν
160 1318 208 1354 τὴν
223 1318 365 1346 σύστασιν·
381 1320 452 1346 καὶὸ
462 1320 510 1355 μὲν
523 1320 623 1354 Κύριος
638 1321 773 1355 ἀκινήτως
787 1321 832 1346 καὶ

47 1364 229 1398 ἁμεταϐάτως
243 1366 312 1391 κινεῖ
329 1365 363 1391 τὰ
377 1365 524 1400 πανταχοῦ,
540 1366 586 1392 καὶ
600 1365 634 1392 τὰ
653 1365 700 1392 ὅλα
716 1366 830 1392 διοικεῖ·

49 1410 187 1444 ἄνθρωποι
205 1410 243 1442 δὲ,
258 1411 465 1445 μεταϐαίνοντες
484 1412 530 1445 ἀφ’
545 1407 575 1437 οὗ
597 1411 754 1447 κινούμεθα,
779 1412 834 1439 λει-

48 1455 157 1491 πόμεθα
169 1457 201 1491 τῇ
219 1456 358 1491 ἀπολείψει
380 1457 427 1483 τοῦ
447 1458 529 1483 τόπου
547 1456 614 1492 πρὸς
634 1457 684 1493 τὴν
700 1458 835 1492 ὰμετάϐα-

47 1509 93 1527 τον
117 1501 252 1536 πανταχοῦ
273 1502 323 1537 τῆς
340 1502 465 1538 θεότητος
477 1503 562 1530 αὑτοῦ
577 1503 740 1538 παρουσίαν.
763 1504 832 1530 Ἀλλ’

47 1548 61 1572 ὁ
82 1545 185 1582 Κύριος
199 1548 257 1573 κατ’
273 1548 415 1584 ἀμφότερα
437 1549 531 1575 τοῦτον
555 1548 718 1583 διορθοῦται,
739 1549 785 1575 καλ¹
803 1549 833 1576 τὸ
846 1562 867 1590 C

50 1591 100 1626 μὲν
116 1591 256 1627 ἀνέτοιμον
273 1594 322 1628 τῆς
337 1593 493 1628 προθέσεως
513 1594 654 1629 διελέγχει,
673 1595 723 1630 τὴν
737 1596 764 1622 δὲ
783 1596 833 1631 τῆς

48 1637 175 1672 θεότητος
188 1638 269 1664 αὐτοῦ
292 1639 489 1674 μεγαλειότητα
515 1640 655 1672 παιδεύει,
674 1641 759 1676 λέγων
772 1650 779 1656 ·
799 1643 833 1668 At

48 1682 203 1716 ἀλώπεκες
217 1685 352 1718 φωλεοὺς
366 1685 471 1720 ἔχουσι
481 1706 488 1718 ,
504 1685 551 1712 καὶ
569 1686 604 1713 τὰ
621 1686 692 1722 ἑξῆς.
714 1688 785 1714 Ἴσον
805 1687 834 1714 δὲ

46 1728 136 1764 τούτῳ
159 1730 245 1756 εἰπεῖν
265 1732 332 1763 ἐστι,
357 1731 392 1758 τὰ
418 1733 467 1766 μὲν
494 1733 594 1768 γενητὰ
619 1734 707 1760 πάντα
724 1733 835 1770 χωρητὰ

47 1775 191 1809 τυγχάνει,
209 1776 254 1802 καὶ
275 1777 366 1809 τόποις
383 1777 535 1812 διίσταται,
553 1780 567 1805 6
587 1779 616 1806 δὲ
637 1780 723 1813 Λόγος
750 1781 763 1806 6
787 1779 834 1806 τοῦ

47 1820 118 1847 Θεοῦ
130 1821 270 1856 ἀχώρητον
286 1822 342 1857 ἔχει
358 1823 407 1859 τὴν
423 1823 535 1859 δύναμιν
549 1832 554 1838 ·
571 1824 640 1851 ὥστε
658 1825 704 1851 τοῦ
727 1825 774 1860 μὲν
791 1825 839 1851 λέ-

48 1875 122 1900 γειν,
149 1867 190 1893 ὅτι
214 1867 310 1894 Ὅπου
336 1869 390 1895 ἐὰν
411 1870 527 1904 ἀπέρχῃ
550 1870 747 1904 ἀκολουθήσω
768 1879 834 1904 σοι,

48 1912 175 1941 παῦσαι·
202 1914 226 1939 εί
254 1914 281 1939 δε
303 1915 519 1953 μαθητεύεσθειιΔ
535 1916 636 1948 θέλεις,
654 1917 761 1943 ἁπόστα
783 1916 835 1943 τῶν

47 1959 166 1991 ἀλόγων,
179 1958 371 1994 οίκειώῠητιδὲ
388 1960 426 1996 τῷ
445 1961 522 1996 Λόγῳ
539 1970 545 1976 ⁸
562 1961 692 1989 ἀδύνατον
712 1962 766 1996 γὰρ
789 1962 836 1989 τὸν

47 2004 158 2038 ἀλογίᾳ
175 2004 287 2031 συνόντα
303 2005 390 2039 Λόγου
403 2006 528 2040 γενέσθαι
543 2007 677 2042 μαθητήν.

87 2091 144 2126 (52)
165 2091 232 2118 Τίνι·
250 2092 383 2126 ὁμοιώσω
396 2093 453 2127 τὴν
477 2094 641 2126 βασιλείαν
663 2096 716 2121 τοῦ
739 2096 837 2128 Θεοῦ;

53 2137 161 2171 Ὁμοία
170 2137 234 2164 ἐστὶ
248 2137 320 2172 ζύμῃ
336 2159 343 2170 ,
365 2138 405 2172 ἣν
421 2134 558 2166 ξίιιϐοῦσα
577 2140 654 2174 ruri]
670 2140 838 2175 ἐνέκρυψεν

48 2184 95 2214 εἰς
110 2182 239 2217 ἀλεύρου
254 2183 331 2210 σάτα
345 2185 412 2218 τρία
428 2206 435 2218 ,
460 2185 512 2218 ἕως
534 2184 570 2213 οὗ
591 2186 721 2221 ἐζυμώθη
752 2186 835 2214 ὅλον.

48 2226 140 2254 Τοῦτο
150 2226 196 2254 οὖν
209 2228 316 2260 σκόπει,
328 2231 382 2261 πᾶς
398 2238 439 2261 τις
459 2231 473 2256 ὀ
488 2232 544 2262 τοίς
563 2231 682 2266 ῥηθεῖσιν
698 2234 837 2269 ἁμιρισὸη-
854 2229 874 2255 D

47 2274 117 2304 τῶν,
135 2275 229 2310 ὅτιπερ
241 2275 354 2307 ἕκαστος
370 2276 423 2303 τῶν
438 2277 588 2312 ἀνθρώπων
602 2278 616 2303 ὁ
629 2280 730 2314 μικρὰν
747 2279 841 2314 ζύμην

48 2319 154 2354 ἀρετῆς
172 2320 351 2354 κτητάμενος,
369 2321 406 2356 μὴ
422 2322 569 2356 πεφθακὼς
589 2324 617 2350 δὲ
638 2324 739 2359 ταύτην
757 2325 838 2359 ἀρτοα

49 2365 165 2399 ποιῆσαι
178 2374 184 2380 ·
199 2365 267 2392 ἀλλὰ
281 2366 420 2401 βουληθεὶς
441 2368 500 2402 μὲν,
514 2369 551 2404 μὴ
565 2368 688 2405 δυνηθεὶς
700 2370 728 2396 δὲ
747 2371 836 2402 τοῦτο,

50 2411 67 2446 ἦ
88 2411 226 2446 ῥᾳθυμίας
243 2412 258 2447 ἢ
281 2412 408 2447 ἀμελείας
425 2413 599 2450 ἥάνανδρίας
621 2416 701 2443 ἓνεκα
726 2417 773 2443 καὶ
789 2417 844 2452 τῆς.

50 2457 82 2490 ἐξ
99 2457 208 2492 ἡμέρας
221 2459 260 2490 εἰς
273 2459 377 2494 ἡμέραν
392 2459 540 2496 ἀναϐολῆς·
556 2461 732 2495 ἐπιφθασθεὶς
745 2462 774 2489 δὲ
791 2463 839 2488 καὶ

50 2502 189 2537 θερισθεὶς
203 2504 265 2539 παρ’
277 2504 382 2536 ἐλπίδα,
393 2502 469 2537 οὗτος
479 2506 529 2532 οὐκ
539 2506 752 2541 ἐπιλησθήσεται
762 2507 839 2543 παρὰ

49 2549 100 2575 τοῦ
113 2549 217 2575 δικαίου
232 2551 325 2585 κριτοῦ
336 2559 342 2565 ·
358 2552 415 2578 ἀλλ’
435 2553 526 2588 ἐγερεῖ
545 2553 618 2588 αὐτῷ
635 2553 704 2589 μετὰ
724 2553 838 2581 Θάνατον

49 2595 118 2625 τοὺς
134 2595 259 2626 οἰκείους,
282 2597 329 2623 καὶ
349 2597 450 2624 τούτων
471 2598 519 2630 τὰς
534 2598 646 2634 γνώμας
670 2600 764 2632 ἰθυνεί,
792 2601 839 2628 καὶ

51 2641 104 2672 τὰς
122 2641 235 2676 καρδίας
246 2642 364 2673 ἑλκύσει,
380 2643 426 2670 καὶ
445 2643 494 2675 τὰς
506 2644 594 2679 ψυχὰς
611 2645 774 2680 ὲπικάμψει,
792 2646 840 2672 καὶ

52 2687 124 2721 πρὸς
139 2687 250 2722 ἀρωγὴν
266 2689 312 2714 καὶ
335 2688 460 2723 βοήθειαν
481 2689 577 2717 τούτου
599 2691 745 2717 σπεύσουσι
761 2699 839 2726 κινη-

52 2732 157 2763 Θέντες.
175 2732 254 2758 Ὅθεν
271 2734 318 2760 καὶ
335 2734 473 2770 ἁψαμένου
493 2735 539 2761 τοῦ
555 2737 689 2763 Δεσπὸτου
702 2737 754 2763 τῶν
773 2745 839 2772 καρ-

91 2801 113 2814 ⁷²
132 2800 199 2827 Luc.
216 2809 276 2834 xm,
292 2801 336 2828 21.

92 2870 149 2905 (52)
166 2869 203 2896 Ex
215 2869 308 2897 codice
328 2877 383 2906 reg.
400 2869 477 2903 1995,
494 2878 542 2898 un
559 2871 660 2898 szeculi.

875 269 1001 296 erudiens
1018 269 1180 304 corrigebat.
1197 268 1265 296 Cum
1282 269 1338 296 hate
1352 269 1424 296 enim
1434 269 1545 301 diceret,
1555 269 1653 298 docere

876 314 1028 347 videbatur,
1045 315 1179 341 neminem
1195 322 1275 348 posse
1298 313 1418 341 Verbum
1436 315 1493 342 sive
1514 314 1655 343 Rationem

876 360 962 394 sequi.
976 360 998 387 si
1014 360 1040 386 in
1055 359 1287 388 irrationabilibus
1305 360 1468 395 quiesceret,
1487 369 1574 396 neque
1587 363 1657 389 irra-

876 405 1047 432 tionabilium
1063 410 1212 434 amatorem
1237 413 1318 441 posse
1339 405 1455 433 Verbum
1480 407 1537 434 sive
1561 407 1657 435 Ratio-

877 459 936 477 nem
957 450 1092 485 excipere,
1116 459 1203 485 neque
1228 451 1428 479 irrationabilia
1445 452 1656 480 comminiscen-

878 501 930 523 lcm
955 504 1035 531 posse
1058 496 1181 524 Rationis
1196 497 1319 524 notitiam
1329 498 1448 533 assequi.
1462 498 1500 524 Ex
1512 506 1578 525 ausu
1592 506 1658 526 sane

878 542 962 575 illius,
978 542 1138 569 temeritatis
1152 547 1178 569 et
1190 542 1304 570 inscitiae
1319 543 1379 578 ejus
1404 547 1594 578 argumentum
1608 544 1656 571 de-

877 588 1044 622 prehendere
1068 588 1144 615 licet.
1163 588 1230 615 Nam
1255 589 1278 616 si
1294 587 1376 616 Verbi
1392 589 1445 616 vim
1462 590 1591 621 novisset,
1610 597 1658 617 ne-

878 641 1016 669 quaquam
1030 634 1081 661 sibi
1098 634 1247 669 spiritualis
1262 634 1343 662 Verbi
1358 635 1572 662 commentitiam
1595 643 1658 670 spe-

877 681 946 707 ciem
962 679 1124 713 eﬂinxisset;
1143 689 1240 716 neque,
1260 682 1342 708 homo
1362 689 1424 708 cum
1440 685 1513 708 esset
1529 702 1536 713 ,
1552 681 1657 708 incom-

879 724 1051 759 prehensibili
1070 725 1224 752 Scrvatoris
1238 725 1331 752 virtuti
1348 733 1406 754 sese
1421 733 1563 761 exaequare
1575 734 1659 754 ausus

879 770 985 802 fuisset,
1001 770 1113 798 dicens:
1133 770 1234 805 Sequar
1249 775 1273 798 te
1287 779 1438 807 quocunque
1454 772 1524 798 ieris.
1553 771 1659 799 Etenim

880 814 1050 842 Srrvatorem
1067 815 1224 850 simpliciter
1235 817 1311 851 sequi
1324 817 1357 843 ad
1371 817 1522 844 doctrinam
1534 817 1593 851 ejus
1608 826 1658 844 au-

879 861 1015 893 diendam,
1032 861 1157 888 humanae
1180 862 1290 896 quidem
1314 867 1419 889 natura:
1443 863 1570 897 possibile
1596 869 1636 890 est
1651 884 1658 896 ,

881 906 1002 940 idquerx
1019 905 1078 939 ejus
1096 906 1262 941 benignitate
1285 907 1341 934 lieri
1355 912 1462 942 potest;
1487 912 1514 934 at
1535 916 1596 935 cum
1613 908 1660 935 illo

881 960 933 978 una
948 952 1055 978 extendi
1070 959 1102 978 ac
1116 960 1281 979 concurrere
1297 953 1404 987 ubique,
1419 953 1444 979 id
1461 961 1526 979 sane
1537 953 1596 980 ﬁeri
1610 961 1660 980 ne-

879 998 949 1032 quit.
972 1002 998 1024 ct
1027 997 1180 1032 pollicentis
1203 998 1344 1024 audaciam
1367 998 1466 1032 prodit.
1483 997 1573 1032 Neque
1587 998 1659 1025 enim

880 1052 941 1070 ('um
954 1044 1011 1076 illo,
1025 1043 1051 1070 in
1065 1043 1125 1070 sinu
1142 1042 1231 1070 Patris
1247 1044 1406 1077 quiescenti,
1424 1051 1477 1070 una
1489 1051 1549 1070 esse
1564 1051 1662 1078 possu-

881 1097 954 1116 mus.
969 1088 1037 1116 Nam
1051 1089 1097 1123 qui
1118 1089 1142 1115 id
1165 1094 1294 1123 praestare
1312 1088 1450 1123 possimus
1462 1097 1524 1116 cum
1550 1089 1662 1117 alterius

881 1140 986 1160 natura:
1000 1134 1108 1161 simus?
1125 1132 1219 1168 Neque
1247 1142 1308 1161 cum
1327 1134 1374 1161 illo
1388 1155 1396 1167 ,
1420 1134 1467 1169 qui
1488 1135 1587 1169 ubique
1609 1140 1661 1167 est,

881 1187 1047 1207 concurrere
1061 1180 1194 1206 valemus.
1213 1179 1280 1207 Nam
1294 1180 1338 1207 ille
1356 1180 1463 1214 qutdem
1481 1187 1496 1207 a
1509 1180 1581 1207 nullo
1597 1189 1663 1207 con-

882 1226 994 1256 tiuetur,
1011 1233 1062 1252 nos
1079 1225 1269 1258 continemur;
1287 1225 1332 1252 ille
1354 1226 1381 1252 in
1408 1226 1534 1253 universo
1546 1231 1572 1253 et
1585 1230 1662 1253 extra

883 1270 1040 1297 universum
1057 1275 1109 1301 est,
1124 1277 1174 1297 nos
1188 1277 1252 1296 vero
1266 1270 1291 1296 in
1305 1270 1432 1297 universo
1448 1271 1598 1298 dimensam
1616 1271 1664 1298 ha-

883 1316 980 1342 bemus
995 1316 1218 1343 constitutionem
1232 1325 1239 1348 ;
1258 1316 1313 1349 ille,
1332 1315 1463 1344 Dominus
1484 1317 1597 1350 scilicet,
1612 1317 1664 1344 im-

884 1361 977 1387 mobili
992 1365 1018 1388 et
1037 1361 1199 1388 immutabili
1215 1361 1295 1388 modo
1311 1361 1402 1388 omnia
1421 1366 1519 1394 movet,
1536 1362 1663 1390 universa

884 1406 1070 1440 administrat;
1094 1414 1144 1434 nos
1156 1414 1222 1433 vero
1234 1406 1370 1440 homines,
1383 1411 1553 1434 transeuntes
1571 1414 1585 1433 a
1602 1407 1663 1434 loco

885 1451 955 1478 unde
986 1459 1158 1484 amorcmur,
1190 1459 1257 1478 sane
1286 1451 1406 1486 impares
1435 1459 1549 1483 sumus,
1571 1452 1665 1479 relicto

890 1497 1008 1531 loco,qui
1023 1498 1172 1532 prmsentim
1188 1498 1298 1524 deitatis
1313 1499 1397 1533 ipsius
1410 1498 1510 1533 ubique
1524 1499 1664 1526 exsistenti

883 1549 910 1569 et
926 1543 1058 1570 immobili
1078 1551 1262 1578 exmquemur.
1289 1543 1341 1571 Sed
1357 1544 1488 1572 Dominus
1504 1545 1537 1571 de
1552 1549 1665 1580 utraque

884 1597 913 1615 re
926 1589 1037 1624 corrigit
1053 1589 1140 1621 illum,
1151 1593 1232 1624 atque
1246 1590 1408 1624 imparatum
1428 1590 1666 1625 ineonsultumque

884 1637 1051 1670 propositum
1073 1636 1177 1670 arguit:
1195 1636 1463 1670 magnitudinemque
1479 1636 1587 1663 deitatis
1607 1645 1664 1664 suae

884 1681 973 1713 docet,
1001 1681 1105 1713 dicens,
1131 1680 1226 1716 Vulpes
1254 1681 1342 1715 foveas
1369 1681 1481 1713 habent,
1505 1685 1532 1708 et.
1557 1688 1664 1709 caetera.

884 1727 1012 1755 Fortasse
1029 1735 1094 1755 vero
1107 1727 1151 1755 his
1167 1727 1336 1760 signiﬁcatur
1348 1748 1357 1761 ,
1373 1727 1480 1762 opiﬁeia
1494 1729 1584 1755 omnia
1601 1736 1667 1755 eon-

885 1774 965 1800 tiueri
993 1774 1062 1805 loco,
1084 1778 1112 1800 et
1135 1773 1194 1801 loco
1218 1773 1314 1801 dissita
1330 1781 1406 1808 esse;
1431 1779 1458 1801 at
1483 1773 1601 1802 Verbum
1620 1774 1666 1802 Dei

885 1820 1015 1846 \‘iitutem
1031 1820 1141 1851 habere,
1156 1827 1217 1854 quae
1237 1828 1251 1846 ιι
1273 1821 1348 1847 nullo
1362 1821 1534 1853 continetur;
1552 1821 1588 1848 ita
1606 1825 1635 1847 ut
1650 1829 1664 1847 a

886 1867 933 1894 tali
948 1867 1029 1898 dicto,
1046 1866 1146 1901 Sequar
1165 1871 1190 1893 te
1208 1875 1358 1902 quacunque
1375 1868 1437 1894 ieris
1452 1887 1459 1899 ,
1478 1868 1666 1895 abstinendum

886 1914 930 1941 sit.
947 1912 1024 1946 Quod
1041 1913 1063 1939 si
1077 1913 1180 1940 erudiri
1198 1913 1275 1944 velis,
1292 1914 1326 1940 ab
1348 1913 1581 1940 irrationabilibus
1597 1914 1668 1940 absi-

887 1966 937 1992 ste,
949 1963 976 1986 et
991 1958 1099 1985 [talioni
1116 1967 1161 1986 seu
1179 1958 1268 1986 Verbo
1282 1964 1307 1986 te
1325 1959 1447 1994 applica:
1465 1967 1527 1986 nam
1546 1959 1603 1986 tieri
1621 1968 1669 1986 ue-

887 2005 949 2039 quit
963 2009 992 2031 ut
1003 2004 1050 2039 qui
1066 2011 1127 2031 eum
1150 2005 1387 2031 irrationabilitale
1403 2004 1486 2040 degit,
1501 2004 1581 2032 Verbi
1605 2005 1664 2032 sive
1705 2008 1711 2019 ί

888 2050 1012 2077 Rationis
1029 2050 1177 2085 discipulus
1194 2051 1300 2078 evadat.

923 2096 972 2123 Cui
986 2097 1073 2123 simile
1093 2096 1229 2124 testimubo
1245 2104 1351 2131 regnum
1373 2095 1443 2123 Dei?
1459 2095 1553 2122 Simile
1566 2100 1604 2122 est
1617 2096 1670 2130 frr-

888 2146 984 2174 mento,
999 2142 1068 2176 quod
1090 2146 1224 2175 acceptum
1245 2142 1341 2167 mulier
1364 2141 1502 2167 abscondit
1527 2141 1555 2167 in
1574 2140 1670 2175 farina!

889 2193 947 2214 sum
966 2188 1029 2221 tria,
1045 2188 1124 2214 donec
1137 2188 1322 2222 fermentatum
1336 2191 1374 2213 est
1395 2192 1478 2213 totum
1494 2187 1528 2213 ".
1547 2186 1604 2214 lloe
1618 2187 1670 2214 ita-

889 2242 941 2268 que
954 2234 1097 2268 perpende,
1111 2232 1238 2266 quisquis
1251 2233 1284 2259 (te
1310 2232 1391 2258 dictis
1409 2232 1565 2266 hujusmodi
1584 2231 1671 2259 ambi-

891 2281 943 2314 gis,
955 2278 1105 2313 quemlibet
1133 2278 1270 2304 hominem
1287 2278 1334 2312 qui
1353 2285 1465 2312 parvum
1481 2277 1591 2305 virtutis
1617 2277 1672 2305 fer-

891 2329 1010 2351 mentum
1037 2322 1168 2358 possidet,
1188 2322 1290 2357 quique
1314 2321 1347 2348 ad
1373 2329 1470 2356 panem
1486 2330 1519 2350 ex
1534 2330 1567 2350 eo
1586 2322 1672 2350 conli-

891 2372 1016 2399 eiendnm
1032 2371 1151 2398 nondum
1177 2377 1242 2397 usus
1271 2375 1331 2401 est,
1358 2373 1387 2395 et
1409 2373 1499 2395 tamen
1522 2368 1547 2395 id
1565 2367 1669 2400 voluit,

892 2417 938 2445 sed
952 2416 1086 2452 segnitiei,
1102 2415 1225 2447 incuria,
1243 2414 1366 2450 ignaviae,
1385 2418 1433 2441 aut
1447 2412 1672 2448 procrastinatio-

892 2465 934 2490 nis
952 2470 1016 2498 ergo
1042 2470 1095 2488 non
1114 2461 1206 2495 potuit
1221 2480 1229 2493 ,
1251 2461 1432 2495 interceptum
1459 2467 1491 2486 ac
1516 2459 1670 2485 detuessum

891 2518 946 2546 quo
959 2515 1078 2544 tempore
1093 2516 1148 2535 non
1172 2508 1360 2543 exspectabat,
1384 2507 1455 2542 apud
1483 2506 1583 2539 iustum
1601 2504 1670 2538 iudi-

891 2565 949 2585 cem
962 2564 1015 2584 non
1033 2561 1177 2583 venturum
1192 2555 1219 2582 in
1231 2554 1396 2582 oblivionem
1411 2563 1417 2580 :
1438 2553 1483 2580 sed
1506 2551 1598 2586 (Deus)
1613 2554 1671 2584 post

892 2603 952 2635 eius
977 2602 1115 2629 interitum
1131 2600 1284 2627 familiares
1298 2605 1326 2626 et
1342 2603 1473 2634 cognatos
1492 2597 1553 2631 ejus
1571 2596 1672 2622 excita-

894 2649 942 2681 bit,
966 2655 1060 2675 eomm
1076 2652 1193 2674 mentem
1217 2646 1331 2680 diriget,
1351 2645 1433 2672 corda
1453 2642 1600 2678 pertrahet,
1615 2641 1672 2667 ani-

895 2688 956 2721 mas
969 2693 1077 2720 ﬂectet:
1095 2698 1176 2727 atque
1193 2691 1211 2718 ii
1234 2691 1268 2718 ad
1284 2698 1362 2725 opem
1376 2695 1402 2717 et
1417 2689 1548 2716 auxilium
1564 2687 1615 2722 ipsi
1634 2686 1675 2712 fe-

893 2739 1007 2767 rendum
1023 2737 1162 2766 accedent.
1192 2736 1282 2770 Quare
1308 2735 1400 2767 iidem,
1420 2738 1543 2762 movente
1560 2732 1674 2760 Domino
