4064 6366
403 373 416 376 ο
451 372 496 377 —~-
505 370 596 378 νοςσ-
605 372 622 374 Vr
661 373 678 376 —
689 370 2576 387 “mmw

1356 506 2350 657 PREFATIO.

316 886 558 947 Demum
585 887 732 965 post
758 885 936 966 longi
969 886 1275 965 temporis
1301 904 1544 967 moras,
1571 889 1851 969 quodam
1881 892 2076 955 veluti
2110 893 2531 972 postliminio,
2559 896 2769 977 prodit
2796 898 3061 961 octavus
3090 898 3212 962 iste
3244 898 3498 961 Hreno-

241 1004 372 1051 imu
404 989 679 1068 Operum
726 995 976 1063 tomus,
1013 991 1125 1068 qui
1169 991 1520 1068 Chronica,
1560 1001 1631 1055 ut
1661 999 1937 1077 vocant,
1966 1014 2081 1058 seu
2139 1013 2419 1059 canones
2476 997 2760 1061 historiae
2807 1002 3126 1063 universae
3173 1002 3498 1079 continet,

240 1090 346 1149 tam
373 1105 524 1166 quos
549 1086 624 1148 de
661 1087 899 1150 Graecis
941 1088 1203 1150 Eusebii
1254 1091 1477 1170 vertit,
1508 1093 1834 1172 gestisque
1867 1095 2011 1157 aliis
2059 1097 2378 1176 praecipue
2414 1097 2793 1159 Latinorum
2843 1100 3024 1160 auxit
3049 1144 3066 1173 ,
3105 1118 3301 1180 quam
3337 1118 3501 1180 quos

239 1192 299 1255 de
321 1209 451 1268 suo,
481 1193 557 1253 ad
593 1191 1103 1253 continuandam
1156 1196 1444 1254 veterum
1498 1195 2047 1258 monimentorum
2097 1198 2175 1260 ad
2228 1215 2349 1261 sua
2399 1215 2605 1278 usque
2652 1207 2941 1278 tempora
2974 1201 3232 1275 seriem,
3266 1202 3506 1263 addidit

240 1297 289 1357 S.
316 1297 504 1356 Pater.
534 1293 712 1356 Inter
747 1311 996 1366 omnes,
1026 1312 1155 1354 non
1186 1295 1323 1374 ejus
1359 1295 1574 1370 modo,
1614 1296 1722 1358 sed
1755 1298 2045 1359 omnium
2095 1300 2507 1380 ingeniorum
2544 1301 2733 1375 fetus,
2764 1302 3001 1379 quibus
3034 1303 3302 1365 erudin
3333 1303 3507 1365 auti-

240 1396 469 1476 qnilalis
501 1397 811 1458 memoria
843 1398 1235 1471 continetur,
1277 1398 1528 1460 nullum
1586 1399 1767 1461 facile
1817 1400 2137 1478 invenies,
2169 1403 2353 1483 cujus
2390 1408 2568 1466 tanta
2605 1404 2797 1465 fuerit
2840 1404 2937 1469 vel
2987 1405 3201 1483 operis
3242 1406 3505 1484 magni-

239 1497 363 1558 tudo
391 1502 451 1559 et
478 1498 855 1576 praestantia
879 1547 897 1577 ,
935 1502 1038 1563 vel
1064 1519 1208 1579 qua:
1237 1502 1476 1581 percipi
1507 1520 1586 1563 ex
1635 1520 1711 1564 eo
1755 1507 1987 1583 potest,
2022 1505 2292 1585 legentis
2326 1506 2595 1569 utilitas.
2636 1507 2900 1586 Absque
2934 1507 3046 1568 illo
3081 1506 3278 1581 foret,
3314 1507 3509 1570 innu-

240 1619 382 1664 mera
408 1603 783 1680 etiamnum,
817 1621 963 1683 qua:
995 1622 1122 1666 non
1169 1623 1368 1668 sacrae
1404 1609 1681 1684 tantum,
1715 1606 1823 1668 sed
1872 1614 2119 1677 ἐξωτικῆς
2150 1610 2344 1671 etiam
2389 1609 2671 1671 historiae
2701 1609 3033 1670 meliorem
3083 1614 3329 1686 partem
3373 1609 3512 1672 sive

239 1704 694 1784 chronologiam
743 1709 1065 1785 spectant,
1116 1708 1397 1787 tegmine
1432 1710 1844 1771 tenebrarum
1884 1716 2026 1772 atro
2065 1712 2303 1789 passim
2337 1711 2867 1784 obvolverentur,
2902 1729 3048 1791 quas
3077 1729 3252 1774 nunc
3286 1712 3514 1791 explo-

240 1814 353 1869 rata
376 1807 713 1886 habemus,
746 1813 808 1869 et
843 1809 1107 1872 minime
1141 1809 1353 1871 dubiis
1402 1816 1763 1889 temporum
1802 1811 2287 1874 characteribus
2334 1814 2704 1877 constituta.
2748 1814 3033 1888 Accedit,
3066 1816 3241 1893 quod
3290 1815 3512 1877 Graeco

235 1908 339 1989 jam
364 1908 690 1988 deperdito
722 1915 931 1987 textu,
968 1917 1030 1971 et
1062 1911 1116 1972 si
1152 1929 1280 1973 non
1311 1912 1525 1977 verbis
1555 1911 1746 1990 plane
1779 1914 1934 1991 ipsis
1965 1913 2255 1990 Eusebii,
2285 1913 2538 1974 ratione
2564 1919 2734 1974 certe
2776 1913 3036 1991 quidem
3073 1915 3182 1975 illa
3209 1930 3340 1992 qua
3367 1932 3512 1976 cum

236 2012 389 2072 certis
422 2011 816 2089 quibusdam
854 2012 1042 2072 annis
1073 2020 1250 2091 gesta
1282 2014 1865 2091 componebantur,
1899 2032 2091 2075 nosse
2130 2031 2304 2075 nunc
2331 2014 2552 2075 eadem
2580 2016 2807 2095 probe,
2843 2016 2955 2077 uni
2981 2030 3317 2095 acceptum
3344 2016 3517 2079 refe-

236 2117 402 2178 rimus
426 2115 485 2175 S.
522 2116 909 2195 Interpretis
962 2116 1316 2189 industriaz,
1351 2116 1489 2195 ejus
1521 2116 1721 2179 divini
1769 2116 2237 2197 prOpemodum
2272 2116 2562 2179 beneﬁcii
2595 2122 2713 2179 est.
2742 2118 2821 2177 Et
2850 2120 3071 2181 deerat
3118 2124 3328 2181 tamen
3385 2119 3513 2194 his,

240 2233 373 2294 quas
402 2215 719 2276 hactenus
756 2216 1165 2278 adornarunt
1190 2215 1353 2277 docti
1386 2216 1528 2289 viri,
1560 2216 2046 2278 collectionibus
2078 2217 2451 2278 eorumdem
2487 2218 2770 2298 Operum
2802 2236 2950 2299 pars
2998 2219 3217 2281 istheec
3266 2219 3512 2281 caeteris

236 2315 614 2395 prastantior
650 2317 981 2390 omnibus,
1016 2316 1283 2394 perinde
1311 2331 1387 2377 ac
1418 2316 1471 2376 si
1513 2321 1733 2393 pectus
1781 2320 1891 2377 aut
1922 2320 2140 2394 caput,
2172 2317 2224 2378 si
2272 2318 2525 2395 superis
2568 2318 2821 2397 placet,
2856 2319 3319 2381 conformando
3364 2336 3518 2380 cor-
3606 2373 3613 2381 .

238 2418 354 2498 pori
383 2419 788 2481 nobilissimo
818 2436 1050 2499 parum
1081 2419 1241 2482 adeo
1270 2418 1681 2494 conduceret,
1714 2423 1787 2481 ut
1831 2419 2061 2481 abesse
2092 2418 2283 2481 etiam
2318 2420 2400 2481 ab
2437 2419 2689 2497 reliqua
2733 2424 3064 2482 structura
3108 2426 3348 2500 posset.
3392 2421 3522 2482 Ne-

241 2540 344 2602 que
372 2541 513 2585 vero
549 2542 672 2587 cur
706 2529 1327 2604 praetermitteretur,
1360 2540 1557 2587 causa
1590 2522 1733 2599 fuit,
1763 2524 1939 2601 quod
1978 2538 2273 2585 seorsum
2329 2520 2535 2582 editus
2574 2520 2739 2581 liber
2789 2521 3023 2583 faceret
3074 2520 3378 2581 studiosis
3428 2523 3522 2583 rei

238 2620 686 2703 chronologicee
714 2625 870 2687 satis
909 2646 923 2685 :
956 2644 1105 2689 nam
1149 2630 1393 2690 veteres
1426 2624 1737 2688 editiones
1770 2623 1824 2684 si
1856 2622 2106 2698 dicunt,
2138 2626 2227 2683 tot
2256 2627 2408 2682 sunt
2447 2621 2574 2682 illaa
2604 2638 2793 2682 omne
2841 2639 3043 2699 genus
3084 2624 3255 2685 vitiis
3301 2623 3554 2685 defer--

238 2730 420 2800 mata),
461 2733 528 2788 ut
568 2725 649 2787 iis
676 2744 897 2790 carere
935 2726 1287 2807 aliquando
1318 2732 1599 2806 priestet,
1637 2741 1833 2803 quam
1860 2742 2008 2787 cum
2036 2730 2128 2784 tot
2157 2722 2401 2785 mendis
2442 2721 2821 2783 conflictari.
2854 2723 3266 2785 Recentiores
3302 2730 3523 2785 autem

240 2825 375 2901 dure,
424 2846 577 2907 qua:
611 2832 766 2889 sunt
801 2834 1014 2892 tamen
1048 2834 1199 2891 ante
1232 2846 1438 2891 annos
1491 2827 1689 2889 ferme
1739 2831 1999 2888 centum
2032 2824 2491 2904 quadraginta,
2524 2824 2728 2884 altera
2766 2823 2848 2883 ab
2897 2823 3186 2885 Arnaldo
3243 2826 3525 2886 Pontaco

240 2925 551 2992 Vasatensi
595 2931 928 3009 episcopo,
959 2931 1164 2994 altera
1213 2931 1296 2993 ab
1336 2928 1616 3007 Josepho
1652 2927 2017 3008 Scaligero,
2048 2927 2202 2989 viris
2248 2925 2634 2988 doctissimis
2663 2972 2679 3002 ,
2712 2925 3039 2988 adornata:
3064 2971 3080 2996 ,
3115 2942 3264 2989 raro
3298 2925 3527 2990 admo-

242 3029 384 3104 dum,
416 3040 472 3095 et
502 3035 877 3113 praesertim
911 3035 1304 3109 Pontacena,
1333 3050 1478 3112 quaa
1504 3032 1992 3112 diligentissime
2020 3036 2323 3094 accurata
2347 3039 2469 3107 est,
2499 3033 2923 3095 inveniuntur
2954 3055 2968 3094 :
3004 3033 3335 3112 multaque
3362 3052 3527 3115 prae-

241 3137 386 3199 terea
412 3137 471 3196 in
501 3136 592 3197 iis
625 3137 848 3199 relicta
882 3142 1033 3199 sunt
1071 3137 1299 3199 aliena:
1344 3135 1711 3212 industriae,
1745 3152 1890 3213 qua:
1922 3151 2051 3195 non
2106 3152 2351 3207 meam,
2387 3134 2731 3215 sed‘longe
2778 3136 3133 3198 doctiorum
3182 3138 3521 3200 hominum

244 3251 469 3313 operam
498 3254 587 3300 ac
619 3237 839 3300 limam
867 3237 1225 3315 postulant.
1256 3237 1461 3297 Immo
1488 3237 1611 3296 hoc
1643 3236 1853 3315 ipsum
1882 3233 2054 3313 quod
2084 3251 2240 3296 sane
2267 3234 2620 3313 plurimum
2655 3235 2820 3297 inest
2850 3236 2905 3296 ei
2927 3236 3093 3297 libro
3123 3235 3521 3300 difficultatis

243 3355 339 3400 cur
362 3340 965 3419 praetermitteretur
992 3341 1060 3400 in
1096 3340 1296 3402 eausa
1327 3339 1468 3399 fuit.
1510 3337 1660 3417 Ejus
1702 3337 2146 3399 recensionem
2175 3346 2470 3399 senserat
2518 3339 2655 3419 ipse
2686 3340 2879 3402 etiam
2915 3339 3294 3420 Hieronymi
3342 3347 3515 3419 post-

243 3461 426 3508 remus
457 3448 676 3509 editor
703 3447 1148 3522 Martianzeus,
1181 3463 1448 3509 suarum
1481 3444 1764 3526 partium
1794 3462 1957 3519 esse,
1988 3463 2187 3523 seque
2213 3450 2548 3525 receperat
2578 3445 3016 3524 praistiturum
3044 3467 3061 3521 ;
3090 3444 3199 3505 sed
3230 3444 3522 3507 animum

241 3547 577 3631 despondit,
609 3550 717 3611 ubi
770 3556 1088 3628 quantum
1142 3552 1206 3611 et
1252 3566 1449 3628 quam
1506 3545 1881 3624 impeditum
1936 3546 2264 3625 negotium
2293 3546 2414 3607 sibi
2443 3545 2646 3619 daret,
2676 3546 2896 3606 limine
2948 3545 3015 3605 in
3054 3547 3189 3625 ipso
3226 3545 3523 3609 advertit.

243 3654 380 3728 Quid
405 3673 574 3735 Opus
601 3658 697 3716 est
728 3654 1068 3735 pluribus?
1096 3655 1344 3716 Novam
1373 3654 1591 3735 parari
1629 3652 1975 3714 editionem
2011 3652 2077 3711 in
2112 3653 2275 3715 votis
2306 3652 2534 3715 habuit
2560 3668 2831 3730 magnus
2860 3651 3121 3731 Pagius,
3150 3653 3334 3733 cujus
3358 3660 3528 3719 inter

244 3780 430 3829 omnes
456 3768 580 3847 qui
618 3774 981 3846 temporum
1012 3765 1369 3827 doctrinam
1401 3761 1827 3835 tradiderunt,
1868 3776 2101 3839 magna
2149 3759 2293 3821 laus
2339 3763 2436 3820 est
2468 3778 2482 3816 :
2514 3756 2621 3818 sed
2655 3757 2842 3835 quasi
2882 3756 3194 3834 imparem
3243 3778 3312 3820 se
3343 3763 3524 3822 oneri

242 3872 574 3941 reputaret,
605 3870 763 3929 satis
800 3866 1025 3929 habuit
1061 3865 1311 3929 animos
1341 3863 1486 3924 aliis
1514 3863 1771 3936 addere,
1803 3877 2105 3940 magnam
2138 3864 2405 3921 testatus
2430 3875 2469 3920 a
2504 3858 2799 3918 litteratis
2831 3858 3103 3935 gratiam
3133 3877 3273 3922 esse
3311 3862 3524 3927 initu-

241 3979 385 4039 rum,
416 3970 523 4047 qui
570 3969 737 4030 hanc
765 3968 889 4029 sibi
925 3967 1219 4047 Spartam
1262 3963 1710 4027 exornandam
1746 3962 2128 4039 susciperet.
2158 3960 2406 4021 Scilicet
2435 3958 2521 4030 id,
2560 3957 2730 4036 quod
2764 3976 2864 4020 res
2897 3962 3060 4038 erat,
3092 3964 3288 4041 probe
3318 3967 3518 4042 novit,

245 4072 376 4131 etut
406 4089 720 4133 numeros
747 4088 967 4133 omnes
999 4070 1319 4148 impleret,
1350 4082 1546 4145 quam
1575 4064 1750 4143 longi
1798 4063 2104 4141 temporis
2147 4061 2384 4135 studio,
2413 4066 2658 4139 quanta
2685 4061 2755 4122 in
2788 4066 3211 4142 antiquorum
3261 4068 3517 4148 scriptis

244 4174 718 4252 exercitatione,
754 4189 951 4252 quam
986 4170 1381 4233 felicioribus
1414 4168 1613 4244 curis,
1651 4173 1847 4245 atque
1877 4165 2156 4227 inventis
2187 4164 2561 4228 criticorum
2598 4182 2761 4243 opus
2798 4171 3011 4242 esset;
3045 4187 3257 4247 neque
3302 4175 3472 4235 enim
3502 4221 3521 4255 ,

244 4275 430 4339 utboe
460 4295 674 4339 unum
722 4277 982 4338 interim
1033 4291 1411 4349 memorem,
1448 4270 1634 4350 pauci
1667 4269 1963 4331 ducenda
2015 4273 2191 4342 sunt,
2242 4286 2387 4347 quae
2440 4272 2583 4345 post
2617 4268 2876 4331 Pontaci
2923 4273 2989 4329 et
3023 4270 3327 4351 Scaligeri
3366 4275 3521 4353 fata,

243 4374 342 4435 viri
370 4377 755 4438 eruditionis
786 4385 848 4437 et
877 4375 1103 4456 jndicii
1132 4374 1340 4455 gloria
1378 4376 1755 4450 praastantes
1792 4370 1857 4430 in
1894 4370 2135 4449 majore
2163 4370 2312 4432 luce
2364 4368 2789 4444 collocarunt,
2823 4375 2935 4433 aut
2963 4372 3156 4436 etiam
3207 4393 3287 4437 ex
3335 4378 3519 4441 libris

243 4481 409 4538 antea
452 4477 744 4538 nondum
794 4476 1036 4556 publici
1083 4474 1249 4555 juris
1280 4473 1489 4549 factis,
1539 4473 1604 4533 in
1637 4471 1872 4549 vulgus
1909 4476 2309 4549 protraxere.
2350 4471 2587 4533 Doctus
2624 4488 2887 4551 quoque
2926 4472 3077 4551 viri,
3122 4478 3232 4554 qui
3266 4496 3394 4541 non
3428 4480 3519 4544 ita

243 4576 458 4651 pridem
485 4578 819 4641 Notitiam
844 4576 1248 4640 Bibliotheca?
1299 4572 1682 4655 principalis
1724 4573 2107 4635 Vinariensis
2141 4572 2563 4651 conscripsit,
2600 4578 2664 4633 et
2696 4571 2772 4633 de
2826 4590 2958 4651 quo
2985 4573 3175 4653 plura
3222 4579 3519 4663 inferius,

242 4678 611 4743 utstimulos
642 4698 812 4742 novo
840 4679 1092 4754 editori,
1116 4680 1173 4741 si
1194 4678 1360 4759 quis,
1392 4676 1629 4756 inquit,
1660 4673 2013 4756 sperandus
2044 4682 2158 4748 est,
2189 4673 2402 4752 addat,
2428 4674 2664 4754 quibus
2689 4673 2902 4754 juvari
2934 4679 3127 4741 etiam
3154 4683 3378 4760 possit,
3408 4702 3523 4748 ar-

245 4789 527 4855 gumenta
558 4782 1013 4845 subministrat
1040 4799 1121 4844 ex
1154 4779 1439 4859 antiquis
1475 4796 1628 4839 mss.
1660 4777 1976 4856 editisque
1999 4778 2210 4855 libris,
2242 4794 2406 4856 quos
2442 4777 2751 4839 nominat.
2788 4780 3066 4861 Interea,
3096 4784 3249 4844 dum
3274 4786 3521 4867 aliquid

243 4876 360 4955 ﬁat,
390 4883 527 4963 ipse
557 4883 640 4946 ad
675 4901 819 4945 eam
856 4902 1018 4961 rem,
1052 4881 1371 4960 siquidem
1403 4880 1523 4941 viri
1556 4879 1790 4941 eruditi
1842 4878 2113 4939 excitari
2150 4878 2425 4955 possint,
2459 4877 2815 4957 symbolam
2853 4879 2961 4941 dat
3004 4882 3258 4962 integro
3298 4886 3520 4950 libello

247 4986 483 5067 ἀνεκδὸτῳ
529 4989 861 5051 variarum
910 4987 1263 5050 lectionum
1319 4990 1514 5064 atque
1565 4984 2092 5046 emendationum
2143 5003 2225 5045 ex
2270 4989 2553 5062 quatuor
2603 4985 2909 5048 Palatinis
2970 4990 3321 5069 codicibus,
3355 5015 3520 5075 quas

248 5081 383 5142 olim
416 5082 831 5147 doctissimus
868 5084 1174 5149 Claudius
1222 5084 1577 5146 Salmasius
1632 5084 1825 5158 eruit,
1859 5084 1995 5161 ipse
2046 5084 2213 5145 notis
2252 5084 2594 5146 identidem
2643 5084 2992 5150 illustravit
3024 5110 3039 5149 :
3075 5093 3322 5173 majora
3367 5116 3523 5161 vero

248 5180 363 5246 alia
394 5190 456 5246 et
483 5185 764 5249 Hercule
791 5188 1013 5267 aliquo
1047 5185 1241 5266 digna
1276 5186 1672 5248 felicioribus
1707 5184 1985 5264 ingeniis
2022 5185 2420 5264 relinquere,
2452 5185 2783 5247 lubentem
2818 5205 2886 5250 se
2915 5194 3273 5274 meritoque
3320 5202 3525 5279 proﬁ-

246 5285 419 5347 tetur.
452 5288 680 5349 Tanta:
737 5288 925 5351 molis
974 5296 1333 5366 est,quam
1387 5288 1788 5365 accepimus,
1849 5287 2251 5366 provinciam
2306 5287 2650 5349 sustinere.
2707 5289 3088 5371 Accepimus
3144 5305 3360 5363 autem
3412 5306 3526 5372 illa

248 5389 460 5463 coacti,
495 5407 691 5468 quam
745 5392 1154 5461 dicebamus,
1192 5390 1467 5451 instituti
1520 5390 1929 5467 necessitate,
1982 5395 2054 5451 ut
2105 5388 2471 5450 collectioni
2517 5389 3176 5473 Hieronymianorum
3229 5420 3521 5485 operum,

247 5483 402 5548 istud
437 5489 611 5567 quod
649 5497 710 5550 et
742 5490 991 5552 caeteris
1029 5490 1158 5552 fere
1195 5494 1481 5569 praestat,
1513 5488 1865 5567 aliquando
1894 5489 2253 5564 accederet,
2292 5494 2353 5551 et
2387 5507 2584 5569 quam
2620 5492 2900 5559 diximus
2930 5506 3262 5567 anteactas
3294 5483 3528 5573 editio-4

247 5600 348 5646 nes
383 5591 785 5664 commereri,
817 5594 1268 5670 praestaremus
1302 5609 1417 5653 nos
1448 5591 1726 5670 culpam.
1761 5590 1983 5669 Neque
2014 5608 2163 5653 vero
2187 5590 2231 5651 ii
2264 5609 2514 5668 sumus,
2544 5595 2653 5672 qui
2689 5598 2983 5679 velimus,
3015 5605 3526 5689 postinsignium

249 5683 668 5751 litteratorum
702 5698 1004 5768 conatus,
1042 5693 1277 5773 quibus
1312 5711 1567 5758 summa
1603 5693 1823 5756 omnia
1857 5694 2229 5773 tribuimus,
2277 5712 2393 5756 nos
2429 5712 2619 5758 omne
2673 5700 2897 5764 tulisse
2933 5712 3239 5783 punctum
3277 5683 3473 5777 videri
3510 5739 3526 5777 ε

252 5793 600 5871 quinimmo
629 5797 888 5861 veniam
922 5800 1224 5877 petimus,
1272 5801 1477 5867 sicubi
1516 5802 1807 5884 partibus
1837 5801 2103 5883 nostris,
2132 5802 2305 5883 quod
2334 5801 2602 5869 fortasse
2638 5813 2937 5870 occurret
2971 5810 3230 5890 saepius,
3267 5814 3387 5893 ipsi
3423 5818 3531 5884 dea

686 5899 962 5964 ΡΑτιιοι..
1007 5900 1277 5966 XXVII.

1248 5903 1277 5965 l.
2822 5911 2853 5971 1
