4048 6416
471 316 532 370 lt
1908 309 2067 368 PRA‘.

2169 308 2296 363 T10.
3703 301 3767 356 ΓΞ

473 426 734 486 fuimus.
766 423 885 485 Sed
915 429 1266 503 antequam
1297 425 1374 485 de
1412 423 1651 485 laboris
1685 422 1886 485 nostri
1917 421 2168 484 ratione
2202 420 2510 488 dicamus.
2545 419 2696 498 quid
2731 437 2832 482 res
2863 422 3004 498 ipsa
3035 419 3143 495 sit,
3173 415 3408 496 quidve
3434 415 3546 477 alii
3575 418 3771 477 antea

476 523 913 604 prmstiterint,
944 521 1402 602 exponendum
1433 528 1550 584 est.

555 630 870 690 Eusnnws
899 625 1239 706 Pamphili,
1289 625 1460 704 quod
1510 630 2011 706 cognomentum
2063 623 2143 686 ab
2187 621 2422 683 illustri
2469 621 2754 702 Martyre
2793 624 3058 701 propter
3111 615 3654 681 necessitudinem
3711 618 3774 674 et

474 732 835 795 studiorum
865 727 1387 806 conjunctionem
1441 727 1712 806 accepit,
1745 722 2176 788 Caesareensis
2213 722 2582 802 episc0pus,
2618 732 2680 784 et
2706 727 2780 784 ut
2810 721 3063 782 erudita
3091 717 3465 797 conjectura
3497 720 3617 789 est,
3652 729 3775 791 pa-

476 835 601 895 tria
636 833 829 894 etiam
878 813 1310 892 Ctesareensis
1364 829 1430 889 in
1469 829 1807 892 Palasstina
1841 829 2056 908 (quem
2091 826 2260 887 male
2308 825 2468 888 adeo
2505 843 2648 886 cum
2685 825 3071 904 cognomine
3107 821 3238 882 alio
3277 814 3670 882 Caesareensi
3708 815 3774 874 in

474 934 880 1013 Cappadocia
908 932 1238 1008 antistite,
1292 930 1638 1011 Dupinius,
1691 946 1978 992 errorem
2025 926 2301 992 Usuardi
2351 931 2639 1004 secutus,
2672 923 3058 1004 contundit),
3090 917 3258 982 istud
3311 913 3777 1000 propemodum
3842 920 3848 928 ’

476 1036 770 1100 immensi
824 1035 1061 1097 laboris
1116 1037 1311 1112 atque
1364 1031 1744 1094 eruditionis
1786 1050 1951 1112 Opus
1987 1030 2428 1094 concinnavit.
2476 1029 2602 1092 Diu
2641 1026 3051 1105 multumque
3106 1025 3281 1088 erat,
3338 1017 3510 1100 quod
3561 1019 3778 1080 hostes

474 1139 822 1205 Christiani
870 1136 1148 1198 nominis
1199 1137 1467 1197 deorum
1513 1135 1773 1215 quidem
1826 1153 2095 1197 suorum
2147 1137 2534 1197 vetustatem
2570 1129 3111 1212 depraedicabant,
3139 1123 3572 1191 Christianam
3628 1139 3780 1182 vero

474 1241 831 1302 doctrinam
879 1238 1174 1300 dicebant
1206 1244 1341 1316 χθὲς
1380 1246 1466 1296 καὶ
1507 1244 1683 1318 πρώην
1716 1241 1930 1300 natam
1979 1256 1992 1294 :
2037 1252 2318 1313 quorum
2367 1239 2436 1294 ut
2474 1232 2834 1295 calumnias
2888 1226 3332 1303 retunderent,
3359 1221 3470 1286 alii
3518 1217 3781 1300 quidem

474 1346 624 1405 ante
650 1342 1000 1404 Eusebium
1037 1339 1381 1419 scriptores
1415 1338 1797 1400 eruditionis
1828 1338 2018 1400 laude
2052 1343 2429 1416 praestantes
2456 1334 2774 1415 ejusmodi
2810 1335 3010 1396 libros
3040 1332 3513 1412 opposuerunt,
3541 1327 3781 1405 quibus

476 1454 840 1525 temporum
892 1441 1362 1523 praeteritorum
1392 1486 1406 1512 ,
1447 1446 1508 1502 et
1540 1453 1993 1520 συγχρονισμῶν,
2043 1456 2239 1518 quam
2294 1443 2594 1517 poterant
2647 1437 3025 1498 memoriam
3063 1435 3424 1514 repetentes
3451 1473 3467 1504 ,
3507 1447 3587 1490 ex
3621 1428 3780 1507 ipsis

479 1549 848 1610 Grtecorum
877 1544 1356 1607 commentariis
1388 1542 1842 1620 antiquitatem
1876 1540 2178 1604 Mosaicae
2205 1540 2368 1620 legis
2404 1557 2532 1618 pra:
2558 1539 2678 1600 diis
2712 1539 3002 1621 gentium
3034 1535 3434 1598 asserebant.
3473 1533 3602 1594 Nec
3628 1549 3787 1594 sane

481 1647 1012 1712 contemnendam
1049 1647 1170 1709 hac
1203 1648 1268 1706 in
1302 1663 1370 1707 re
1415 1661 1677 1726 Operam
1737 1648 2066 1705 navarunt
2112 1642 2493 1705 Timotheus
2549 1641 3084 1721 chronographus
3126 1636 3415 1702 Cedreno
3457 1633 3784 1710 laudatus,

479 1755 592 1832 qui
625 1752 972 1832 Orphwum
1004 1748 1285 1811 Gedeoni
1314 1753 1623 1827 σύγχρονον
1659 1745 1857 1806 fuisse
1895 1743 2193 1824 prodidit,
2245 1761 2454 1821 eoque
2487 1740 2883 1804 luculentius
2928 1741 3218 1801 Justinus
3269 1735 3543 1819 Martyr,
3579 1735 3789 1799 Theo-

482 1857 694 1938 philus
727 1854 1194 1928 Anliochenus,
1223 1848 1566 1924 Tatianus,
1597 1845 1896 1908 Clemens
1929 1844 2448 1916 Alexandrinus,
2505 1843 2715 1904 Julius
2755 1841 3124 1919 Africanus,
3155 1845 3352 1919 atque
3400 1837 3535 1902 alii.
3583 1836 3791 1899 Euse-

483 1967 628 2028 bius
681 1964 896 2021 autem
959 1956 1068 2035 qui
1129 1954 1244 2016 hos
1307 1970 1472 2032 pone
1531 1953 1851 2032 sequitur,
1889 1969 2018 2012 non
2085 1957 2212 2013 tam
2266 1956 2334 2010 ut
2386 1965 2528 2011 eam
2585 1948 2874 2030 gentium
2919 1946 3341 2027 pertinaciam
3403 1947 3784 2021 obterreret,

486 2062 772 2126 eamdem
831 2059 1023 2121 telam
1059 2063 1352 2118 retexere
1402 2055 1799 2137 diligentius,
1836 2059 1895 2115 et
1939 2073 2054 2132 per
2106 2053 2518 2129 universum,
2573 2059 2643 2114 ut
2695 2051 2780 2114 ita
2816 2050 3050 2128 dicam,
3099 2048 3515 2110 historiarum
3565 2045 3790 2104 orbem

483 2185 830 2250 aggressus
860 2171 975 2238 est,
1014 2181 1210 2243 quam
1241 2169 1311 2224 ut
1343 2163 1843 2241 prascedentium
1877 2166 2219 2224 auctorum
2275 2176 2490 2221 naavos
2540 2158 2792 2220 tolleret
2825 2177 2840 2215 :
2872 2153 3192 2234 praecipue
3230 2167 3380 2210 vero
3417 2153 3486 2209 ut
3515 2165 3787 2210 suorum

495 2273 724 2352 vulgo,
758 2268 991 2348 quibus
1027 2265 1201 2328 nulla
1239 2267 1408 2326 certa
1445 2269 1810 2342 temporum
1839 2262 2042 2336 ratio,
2073 2279 2284 2339 neque
2316 2262 2454 2338 ipsa
2499 2277 2643 2337 quae
2689 2259 2752 2318 in
2783 2254 3132 2334 Seripturis
3169 2252 3557 2314 denotantur
3581 2267 3790 2312 anno-

488 2391 634 2436 rum
688 2367 1058 2441 intervalla,
1089 2363 1362 2426 dilucide
1399 2365 1556 2425 satis
1612 2364 2023 2438 constabant,
2056 2359 2115 2421 id
2149 2360 2320 2438 quod
2361 2377 2463 2419 res
2520 2365 2684 2431 erat,
2737 2357 2924 2436 quasi
2963 2353 3163 2434 digito
3223 2353 3612 2414 ostenderet.
3665 2352 3790 2414 Ea-

486 2477 748 2552 pr0pter
777 2468 1065 2530 omnium
1098 2482 1472 2544 regnorum,
1504 2462 1981 2543 dynastiarum,
2014 2461 2380 2532 nationum,
2433 2459 3062 2538 rerumpnblicarum
3113 2457 3313 2519 initiis
3363 2454 3790 2517 solertissime

485 2568 821 2640 discussis,
853 2571 914 2628 et
956 2568 1182 2627 contra
1210 2580 1278 2624 se
1313 2561 1562 2640 positis,
1593 2567 1727 2619 tum
1776 2557 1930 2618 illud
1978 2557 2194 2630 evicit,
2226 2558 2668 2619 l'abulosorum
2706 2559 2974 2619 deorum
3019 2555 3344 2621 natalibus
3379 2557 3569 2637 longe
3599 2562 3792 2618 vetu-

489 2675 719 2738 stiores
751 2688 891 2732 esse
923 2666 1241 2730 Mosaicae
1268 2663 1552 2742 origines
1591 2681 1605 2717 :
1640 2666 1774 2720 tum
1823 2658 2310 2739 expeditissima
2343 2662 2620 2738 ratione,
2651 2679 2784 2723 uno
2816 2660 3162 2722 intervallo
3197 2657 3273 2721 ad
3314 2663 3562 2722 certum
3592 2658 3791 2719 histo-

487 2777 600 2838 riae
643 2771 910 2835 exotica:
957 2765 1215 2827 titulum
1267 2769 1567 2825 revocato
1597 2808 1611 2835 ,
1652 2767 1862 2823 certas
1908 2779 2171 2840 quoque
2209 2761 2724 2824 antecedentium
2770 2769 2830 2823 et
2879 2763 3417 2842 consequentium
3455 2765 3789 2842 gestorum

489 2873 794 2954 epochas,
827 2870 892 2930 in
927 2869 1097 2946 quod
1131 2881 1539 2944 unaquzeque
1577 2869 1826 2944 tempus
1880 2863 2268 2941 incurreret,
2299 2882 2624 2944 quemque
2657 2864 2971 2927 haberent
3012 2872 3372 2947 reSpectum
3402 2865 3570 2925 inter
3595 2883 3661 2924 se
3694 2865 3793 2924 in-

488 2978 858 3051 vicem,per
917 2987 1267 3051 regnorum
1319 2969 1669 3029 laterculos
1723 2965 2212 3029 demonstravit.
2263 2967 2581 3045 Exposuit
2617 2967 2784 3030 hanc
2820 2971 2982 3046 ipse,
3036 2986 3232 3048 quam
3282 2975 3658 3048 persecutus
3697 2969 3798 3028 est

493 3072 886 3146 methodum,
919 3070 981 3129 in
1018 3066 1389 3146 praefatione
1445 3082 1758 3145 perquam
1811 3064 2186 3144 diligenter,
2219 3083 2366 3146 quas
2398 3073 2459 3128 et
2495 3067 2734 3129 clarius
2773 3088 2856 3129 ex
2907 3076 3212 3130 contextu
3254 3070 3393 3148 ipso
3447 3069 3616 3138 libri,
3664 3085 3796 3129 uno

492 3173 828 3237 oculorum
865 3169 1089 3228 obtutu
1130 3165 1482 3244 percipitur
1517 3185 1534 3226 :
1573 3172 1641 3224 ut
1674 3181 1814 3226 eam
1846 3164 2144 3244 pluribus
2172 3167 2508 3244 explicare
2535 3166 2667 3246 jam
2705 3168 2863 3228 nihil
2897 3168 3172 3229 intersit.

575 3276 775 3334 Porro
804 3270 967 3331 idem
1010 3267 1204 3328 fuisse
1233 3265 1383 3327 Julii
1435 3263 1718 3327 Africani
1755 3265 2191 3344 propositum,
2229 3267 2655 3345 eamdemque
2690 3267 2819 3329 fere
2851 3268 3142 3330 ordinem
3179 3270 3470 3349 quinque
3519 3270 3800 3332 chrono-

496 3374 819 3456 graphicis
854 3367 1386 3432 elaboratissimis
1426 3365 1633 3441 libris,
1672 3381 1708 3426 a
1747 3365 1965 3426 mundi
2016 3365 2269 3444 origine
2319 3365 2396 3426 ad
2430 3366 2792 3426 Macrinum
2831 3367 3327 3445 imperatorem;
3369 3386 3611 3447 perque
3659 3369 3798 3447 ejus

501 3479 700 3560 probe
750 3474 1112 3552 excogitata
1142 3469 1498 3532 Eusebium
1555 3466 1926 3546 profecisse,
1958 3467 2148 3528 credo
2180 3469 2476 3545 equidem
2514 3469 3100 3531 verosimillimum.
3159 3469 3274 3531 Sed
3324 3487 3422 3532 nte
3475 3471 3635 3532 illud
3674 3475 3804 3531 im-

501 3597 688 3643 mane
721 3582 1150 3638 commentum
1199 3576 1296 3633 est
1344 3570 1676 3649 Scaligeri,
1710 3587 1821 3631 seu
1859 3570 2074 3631 verius
2109 3570 2462 3645 calumnia,
2518 3591 2713 3650 quam
2753 3575 2988 3652 saepius
3043 3575 3358 3646 inculcat,
3395 3592 3546 3635 eum
3599 3581 3805 3637 totum

504 3683 634 3744 fere
665 3678 948 3740 Africani
985 3673 1376 3738 Chronicum
1410 3672 1473 3731 in
1505 3688 1693 3731 suum
1727 3671 2188 3749 transtulisse;
2222 3672 2382 3733 nihil
2412 3673 2476 3733 in
2511 3691 2589 3736 eo
2618 3691 2761 3735 esse
2797 3675 3202 3753 antiquitatis
3236 3675 3608 3754 reconditae,
3643 3677 3808 3737 nihil

502 3783 927 3852 luculentum,
966 3777 1289 3838 excellens
1323 3772 1508 3844 nihil,
1541 3771 1712 3850 quod
1743 3788 1872 3832 non
1907 3790 1984 3832 ex
2021 3772 2325 3836 Africano
2371 3776 2869 3855 deprompserit,
2898 3793 3046 3838 cum
3086 3774 3192 3837 vix
3225 3773 3479 3837 tandem
3512 3776 3688 3838 illius
3732 3777 3811 3838 de

505 3890 765 3950 nomine
798 3879 1161 3942 meminerit
1215 3877 1280 3937 in
1323 3876 1426 3948 iis,
1455 3875 1519 3934 in
1559 3875 1797 3952 quibus
1831 3874 1912 3934 ab
1949 3874 2085 3953 ejus
2132 3877 2454 3941 sententia
2486 3879 2773 3942 discedit.
2801 3880 2881 3941 Et
2909 3879 3145 3940 mirum
3171 3925 3188 3956 ,
3227 3882 3406 3942 tanta
3459 3881 3812 3942 securitate

506 3993 605 4056 sui
640 3987 856 4050 seaculi
887 3984 1165 4046 alienam
1201 3981 1588 4043 industriam
1618 3980 1738 4041 sibi
1780 3978 2149 4060 vendicare,
2179 4001 2392 4062 neque
2423 3985 2706 4046 revereri
2748 3984 2990 4064 judicia
3040 4002 3264 4046 eorum
3296 3986 3404 4064 qui
3435 3983 3816 4047 Africanum

509 4087 799 4170 quotidie
833 4085 1156 4164 legebant,
1192 4085 1410 4159 utpote
1442 4081 1627 4158 cujus
1661 4097 1826 4158 opus
1855 4097 1894 4143 a
1921 4088 2178 4143 centum
2203 4085 2393 4146 annis
2426 4084 2491 4145 in
2531 4087 2831 4146 manibus
2870 4085 3210 4147 hominum
3246 4093 3638 4148 versaretur.
3678 4085 3817 4147 Hoc

413 4225 416 4229 ε
513 4207 742 4268 nempe
778 4187 990 4264 ipsum
1025 4196 1334 4242 revocare.
1365 4178 1762 4256 Scaligerum
1791 4177 1866 4238 ad
1902 4179 2230 4240 meliorem
2262 4187 2540 4243 mentem
2575 4189 2858 4260 poterat,
2895 4184 3016 4244 nisi
3050 4185 3100 4245 si
3157 4185 3460 4263 projectze
3489 4183 3818 4246 hominem

517 4285 931 4368 impudentiae
959 4281 1307 4344 Eusebium
1343 4280 1628 4356 putabat.
1674 4277 2190 4357 Praeconceptam
2233 4285 2444 4341 tamen
2482 4282 2854 4360 opinionem
2887 4285 3061 4346 illam
3095 4285 3180 4345 ita
3222 4291 3426 4345 ratam
3466 4285 3718 4362 habuit,
3748 4291 3822 4347 ut

517 4387 982 4469 objectionum,
1015 4383 1210 4444 immo
1240 4379 1716 4442 calumniarum
1748 4377 2096 4438 maximam
2118 4387 2390 4457 partem,
2425 4399 2586 4460 quas
2617 4382 2998 4445 Eusebiante
3025 4383 3359 4446 industria:
3392 4385 3564 4458 facit,
3596 4392 3658 4446 et
3687 4391 3822 4450 tota

519 4489 894 4572 praefatione
926 4488 1301 4564 exaggerat,
1361 4497 1487 4540 non
1549 4479 1723 4540 aliud
1778 4478 2266 4540 fundamentum
2299 4483 2403 4553 sit,
2437 4501 2554 4545 nec
2596 4483 2857 4546 aliunde
2908 4502 3104 4563 quam
3137 4484 3214 4547 de
3245 4493 3441 4568 πρώτῳ
3467 4489 3646 4567 assae.
3699 4489 3822 4549 isto

516 4591 844 4658 derivarit.
884 4587 1222 4666 Familiam
1273 4583 1447 4645 ducit
1493 4583 1605 4644 illa
1657 4582 1730 4644 de
1766 4601 1990 4662 regum
2040 4585 2453 4664 Assyriorum
2510 4588 2675 4648 serie
2723 4605 2802 4649 ac
2849 4589 3274 4668 temporibus,
3303 4608 3448 4668 qua:
3496 4610 3610 4670 pro
3647 4594 3823 4652 certo

524 4693 707 4774 ponit
734 4691 816 4752 ab
852 4687 1160 4749 Africano
1190 4690 1524 4761 mutuata;
1557 4683 1620 4742 in
1658 4701 1866 4779 eoque
1901 4682 1979 4745 de
2013 4683 2136 4746 ﬁde
2174 4687 2583 4764 expostulat,
2617 4689 2787 4767 quod
2831 4691 3004 4752 solos
3058 4696 3271 4753 tamen
3324 4709 3511 4773 reges
3563 4693 3826 4773 triginta

526 4800 797 4872 septem,
832 4794 897 4850 et
931 4804 1136 4848 annos
1187 4784 1444 4846 circiter
1492 4800 1656 4845 mccc
1713 4792 2033 4862 numeret,
2066 4803 2210 4847 cum
2272 4787 2380 4848 ille
2416 4792 2477 4850 et
2514 4807 2695 4868 reges
2747 4791 3180 4872 quadraginta
3231 4811 3460 4871 unum,
3498 4802 3558 4856 et
3610 4812 3823 4858 annos

526 4899 695 4959 dicat
719 4907 1196 4956 MCCGCLxxxlv.
1230 4888 1411 4961 Quod
1449 4894 1517 4948 ut
1551 4888 1923 4965 prudenter,
1961 4896 2022 4950 et
2053 4889 2200 4952 dolo
2228 4891 2400 4954 malo
2431 4892 2666 4954 factum
2702 4893 3114 4973 persuadeat,
3148 4901 3478 4976 comparat
3501 4917 3647 4961 cum
3679 4899 3825 4961 aliis

526 5017 608 5061 ex
646 4996 950 5058 Africano
985 4989 1273 5070 epochis,
1305 4987 1671 5068 Olympiade
1709 4989 1912 5067 prima
1942 4990 2007 5050 in
2036 4991 2359 5054 Joathami
2393 4993 2672 5068 initium,
2712 5003 2906 5073 atque
2961 4997 3061 5058 Ilii
3115 5000 3368 5061 excidio
3424 5001 3490 5060 in
3541 5001 3826 5064 Thuoris

530 5099 808 5180 [Egyptii
858 5112 1155 5175 regnum,
1185 5089 1352 5152 unde
1401 5099 1462 5151 et
1516 5099 1738 5152 noster
1782 5091 2042 5168 quidem
2091 5095 2379 5156 rationes
2411 5100 2773 5175 temporum
2807 5096 3094 5173 deduxit,
3133 5107 3196 5164 et
3245 5119 3377 5179 quo
3429 5105 3670 5165 retulit.
3707 5103 3832 5167 Sed

531 5220 703 5277 cum,
737 5199 973 5277 inquit,
1005 5213 1042 5258 a
1074 5195 1440 5256 Theutamo
1474 5193 1765 5272 Assyrio,
1799 5193 1948 5254 item
1977 5211 2016 5256 a
2045 5193 2290 5256 Thuori
2339 5195 2662 5278 Egyptio,
2702 5200 2782 5262 ad
2824 5199 2920 5260 llii
2977 5216 3195 5262 casum
3251 5201 3443 5282 longe
3501 5205 3710 5284 majus
3748 5205 3834 5267 sit

532 5300 975 5370 intervallum,
1003 5313 1198 5375 quam
1236 5295 1520 5355 historiae
1549 5299 1799 5371 tempus
1832 5293 2056 5373 exigit,
2101 5294 2451 5374 Eusebius,
2486 5299 2737 5379 integra
2767 5300 3062 5379 dynastia
3093 5299 3393 5383 Egyptia
3432 5306 3710 5377 sublata,
3751 5324 3836 5368 ex

535 5404 952 5470 antecedente
981 5400 1140 5461 duas
1181 5396 1350 5470 fecit,
1389 5401 1457 5456 ut
1493 5412 1717 5457 earum
1767 5413 2108 5457 numerum
2139 5408 2430 5462 servaret
2463 5421 2477 5461 :
2508 5419 2587 5463 ex
2637 5402 2802 5462 serie
2838 5409 3055 5463 autem
3109 5422 3332 5484 regum
3387 5407 3833 5488 Assyriorum,

537 5513 822 5588 quatuor
868 5519 1054 5582 reges
1110 5498 1485 5579 prmterivit,
1515 5501 1590 5558 ut
1622 5497 1902 5558 Thuoris
1939 5504 2000 5557 et
2035 5498 2378 5562 Theutami
2421 5509 2725 5586 (tempora
2759 5505 2823 5563 in
2852 5503 2951 5564 llii
3007 5505 3330 5566 excidium
3381 5509 3830 5572 convenirent.

538 5611 747 5685 Quam
778 5607 1064 5670 fraudem
1101 5603 1404 5666 Africano
1435 5600 1663 5665 iactam
1707 5601 1968 5662 acribus
2004 5620 2208 5681 usque
2261 5610 2322 5664 et
2354 5622 2560 5683 usque
2596 5605 2806 5666 verbis
2837 5607 3156 5686 castigare
3205 5624 3331 5667 non
3381 5607 3640 5682 desinit,
3675 5609 3838 5687 Syn-

539 5712 772 5775 cellum
803 5709 922 5772 sibi
955 5709 1209 5770 socians
1261 5703 1337 5767 ad
1389 5701 1877 5771 detrahendum,
1917 5719 2112 5780 quem
2164 5709 2392 5781 sponte
2445 5705 2835 5783 iniquiorem
2895 5705 3093 5766 fuisse
3148 5705 3530 5772 Eusebianze
3587 5711 3837 5789 glorias,

540 5831 729 5879 nemo
755 5817 854 5877 est
879 5810 993 5890 qui
1025 5809 1300 5889 ignoret.
1333 5809 1414 5868 At
1446 5804 1616 5868 enim
1647 5819 1779 5882 quo
1827 5803 2082 5870 tandem
2131 5811 2515 5883 argumento
2557 5805 2800 5887 docuit,
2833 5810 2914 5870 ab
2942 5806 3246 5874 Africano
3297 5826 3530 5892 regum
3576 5809 3840 5875 illorum
