4064 6416
224 356 283 412 13
1678 350 1829 408 PRrE

1917 352 2066 409 iTlO.
3459 348 3478 402 Ι
3494 351 3522 403 4

222 489 452 549 seriem
512 495 711 567 atque
765 504 1091 548 annorum
1138 486 1482 549 intervalla
1537 487 1888 548 Eusebium
1938 489 2407 565 descripsisse?
2454 489 2731 551 Nullane
2785 488 2913 549 alia
2966 489 3307 550 exstabant
3362 497 3518 548 tunc

228 589 529 650 Veterum
592 588 1017 663 monimenta,
1068 586 1307 664 quibus
1358 585 1579 649 mallet
1633 586 1939 647 adhibere
1996 587 2241 647 ﬁdem?
2287 587 2425 648 Non
2476 587 2819 659 Diodorus,
2869 604 2995 648 non
3052 586 3338 663 Ctesias,
3390 605 3519 647 non

232 688 513 750 historici
552 687 795 765 centeri,
828 702 1106 764 quorum
1147 685 1411 747 vixdum
1470 684 1658 746 hodie
1698 686 1984 762 nomina,
2031 686 2376 765 deperditis
2415 688 2696 766 scriptis,
2725 689 3124 765 supersunt?
3169 688 3518 749 Diodorum

230 797 391 852 certe
425 790 565 866 ipse
619 789 839 850 laudat
883 788 1168 867 Scaliger
1204 789 1266 847 in
1314 787 1612 849 Chronici
1658 788 2005 851 Eusebiani
2055 789 2427 869 fragmentis
2474 808 2488 848 :
2538 792 2646 868 qui
2703 790 3214 869 Sardanapalum
3270 808 3308 853 a
3358 791 3522 853 Nino

234 891 521 968 quintum
554 897 617 949 et
673 888 1067 950 tricesimum
1120 894 1431 950 recenset.
1464 888 1693 950 Addito
1745 888 1897 950 Belo
1934 897 2003 968 qt
2032 892 2329 952 Petavius
2373 896 2549 953 notat
2597 889 2759 973 (Lib.
2795 910 2859 953 ix
2899 892 2969 953 de
3000 894 3259 955 Doctor.
3306 886 3521 974 Temp.

234 1007 282 1049 ε.
318 988 439 1065 12),
473 986 627 1048 ﬁent
655 988 918 1065 triginta
948 1003 1090 1061 sex,
1129 988 1240 1065 qui
1271 1005 1578 1049 numerus
1616 989 1698 1049 ab
1728 988 2097 1052 Eusebiano
2146 992 2487 1052 minimum
2518 994 2719 1055 abest.
2754 995 2972 1055 Annos
3008 1012 3161 1057 vero
3187 998 3526 1059 dumtaxat

234 1108 414 1163 accc,
445 1092 687 1169 quibus
722 1094 1060 1170 regnatum
1091 1095 1186 1151 est
1219 1092 1303 1152 ab
1353 1090 1665 1169 Assyriis,
1709 1091 2004 1153 Justinus
2053 1093 2245 1155 etiam
2288 1093 2569 1173 collegit.
2602 1095 2807 1173 Igitur
2832 1103 3127 1159 auctores
3159 1099 3267 1160 alii
3316 1105 3527 1175 erant,

233 1196 331 1273 qui
360 1202 421 1255 et
447 1190 568 1254 ﬁde
594 1193 926 1273 digniores
958 1198 1023 1256 in
1051 1195 1150 1257 his
1188 1196 1464 1258 Eusebio
1519 1197 1915 1275 viderentur,
1943 1199 2277 1277 hypothesi
2307 1205 2479 1261 certe
2528 1202 2786 1280 quidem
2827 1220 2961 1264 sum
3004 1203 3397 1266 commodius
3430 1206 3527 1265 in-

231 1298 562 1362 servirent.
596 1298 787 1373 Num,
833 1296 1039 1360 sicubi
1088 1299 1460 1377 quempiam
1490 1300 1786 1378 probavit
1814 1314 1894 1360 ex
1943 1300 2249 1362 Africano
2284 1301 2567 1377 titulum,
2602 1303 2881 1365 rationes
2941 1321 3202 1383 quoque
3243 1305 3527 1383 reliquas

240 1397 447 1461 debuit
483 1417 518 1459 θ
552 1399 826 1477 vestigio
861 1398 1089 1477 sequi?
1117 1416 1234 1460 nec
1273 1398 1584 1475 potuitab
1610 1397 1747 1477 ejus
1780 1401 2165 1462 auctoritate
2197 1403 2571 1472 desciscere,
2606 1404 2763 1481 quin
2794 1405 3049 1465 obtorto
3076 1405 3245 1465 collo
3274 1408 3335 1465 in
3360 1405 3529 1485 judi-

231 1504 392 1565 cium
425 1502 746 1573 trahatur,
783 1501 1046 1583 perinde
1077 1506 1273 1579 atque
1298 1502 1545 1564 veritus
1576 1519 1703 1561 non
1736 1503 1840 1576 sit,
1874 1503 2066 1565 verba
2099 1503 2303 1582 ipsius
2332 1504 2612 1565 Africani
2644 1504 3058 1584 interpolare,
3089 1512 3285 1585 atque
3313 1508 3531 1567 inver—

233 1607 395 1670 tere?
426 1606 614 1667 Paria
643 1605 719 1665 de
751 1604 1201 1685 Egyptiorum
1231 1604 1581 1683 dynasticis
1612 1604 1813 1676 dicas,
1848 1618 2123 1683 quarum
2151 1608 2383 1667 seriem
2415 1607 2675 1668 minime
2704 1610 2992 1668 omnium
3029 1609 3344 1671 Eusebius
3384 1627 3531 1669 mu—

231 1704 456 1776 tilavit,
496 1701 609 1765 sed
642 1720 770 1781 qua
832 1709 1019 1765 erant
1074 1704 1243 1782 apud
1298 1702 1671 1764 Africanum
1716 1722 1793 1763 ex
1857 1703 2247 1765 Manethone
2303 1705 2763 1768 audaciorlbus
2820 1708 3166 1770 mendaciis
3220 1724 3525 1787 aspersas,

232 1805 619 1884 repudiavit,
648 1804 811 1865 alios
842 1808 1139 1864 auctores
1172 1806 1458 1878 secutus,
1486 1818 1766 1880 quorum
1800 1802 2080 1866 rationes
2111 1822 2255 1866 cum
2293 1804 2480 1866 annis
2511 1807 2728 1869 mundi
2768 1814 2960 1886 atque
2993 1808 3294 1871 historica
3350 1811 3530 1873 veri-

227 1916 346 1971 tate
378 1907 580 1986 paulo
608 1907 825 1986 aptius
857 1913 1319 1985 congruerent.
1354 1905 1648 1983 Denique
1686 1911 1747 1966 et
1777 1907 1841 1965 in
1872 1908 2159 1985 gentium
2183 1910 2585 1988 reliquarum
2613 1912 2981 1992 originibus
3012 1916 3312 1976 vetustati
3352 1933 3534 1976 man-

225 2012 477 2088 dandis,
516 2011 663 2089 ipsa
688 2010 879 2070 etiam
919 2007 1359 2088 consignanda
1396 2006 1761 2086 Olympiade
1791 2009 2023 2086 prima,
2050 2010 2327 2089 aliisque
2358 2011 2647 2089 epocbis,
2672 2014 2908 2090 quibus
2938 2025 3078 2075 eam
3102 2012 3181 2075 ad
3212 2014 3534 2077 fastidium

225 2133 431 2194 usque
460 2114 725 2175 lectoris
756 2111 1038 2190 Scaliger
1082 2112 1287 2172 dicam
1317 2110 1561 2183 scribit,
1597 2115 1846 2171 tantum
1883 2112 2091 2189 abest,
2137 2118 2207 2173 ut
2255 2112 2542 2176 fraudem
2582 2114 2881 2176 Africano
2925 2116 3176 2193 fecerit,
3212 2126 3280 2179 ut
3312 2120 3534 2182 mani-

230 2215 412 2281 festo,
437 2212 723 2275 laudatis
746 2211 938 2272 etiam
969 2209 1290 2271 interdum
1314 2209 1696 2286 scriptorum
1727 2209 2121 2283 nominibus,
2150 2220 2487 2292 appareat,
2511 2231 2656 2275 eum
2688 2231 2767 2274 ex
2796 2216 3095 2278 universa
3127 2219 3535 2298 antiquitatis

224 2317 566 2387 memoria,
605 2311 688 2375 ad
724 2311 1054 2375 variorum
1110 2312 1343 2389 placita
1378 2308 1865 2388 chronologiam
1900 2327 2085 2371 suam
2121 2311 2464 2374 moderari.
2504 2314 2595 2375 Ea
2626 2318 2880 2375 ratione
2918 2319 3348 2380 accesseritne
3383 2338 3540 2399 pro-

226 2423 365 2500 pius
403 2421 722 2482 continuo
753 2416 832 2478 ad
868 2431 1119 2487 verum,
1151 2431 1232 2475 an
1272 2432 1426 2489 non,
1466 2410 1529 2469 in
1560 2412 2090 2475 annotationibus
2121 2415 2635 2493 uniuscujusque
2668 2416 2789 2477 loci
2826 2417 3247 2495 disquirimus
3282 2441 3295 2481 :
3329 2440 3540 2501 neque

232 2523 403 2585 enim
435 2520 613 2600 quod
644 2522 728 2583 ab
761 2520 981 2581 inusta
1012 2533 1349 2596 perperam
1383 2527 1531 2579 nota
1566 2515 2010 2577 temerationis
2044 2516 2358 2577 librorum
2406 2515 2689 2577 Africani
2721 2536 2867 2577 eum
2915 2518 3345 2595 defendimus,
3395 2525 3538 2585 ideo

230 2638 443 2689 ratum
475 2620 863 2702 certumque
888 2624 1201 2684 habemus
1239 2624 1413 2700 quod
1453 2624 1586 2684 abit
1630 2623 1693 2682 in
1725 2620 2003 2681 diversa.
2039 2621 2175 2682 Inio
2210 2621 2399 2700 longe
2429 2638 2545 2681 nos
2578 2620 2704 2681 alia
2747 2625 2943 2699 atque
2975 2622 3081 2683 ille
3117 2624 3192 2685 de
3230 2628 3539 2707 Assyriis,

230 2727 437 2805 deque
477 2726 801 2805 Egyptiis
823 2768 837 2794 ,
871 2725 1147 2801 aliisque
1180 2724 1499 2802 primtevis
1547 2725 1807 2803 regibus
1840 2724 2180 2799 sentimus,
2215 2740 2359 2800 quas
2388 2722 2553 2801 ejus,
2592 2730 2653 2784 et
2684 2730 2957 2804 receptae
2989 2727 3180 2806 vulgo
3210 2732 3543 2794 sentenlite

232 2825 651 2902 Opponimus,
682 2830 746 2884 et
780 2840 926 2900 quas
954 2831 1019 2883 ut
1056 2824 1374 2896 conferas,
1423 2831 1721 2887 auctores
1773 2841 2021 2884 sumus.
2066 2822 2521 2902 Olympiadum
2559 2832 2775 2884 autem
2813 2826 2998 2889 initia
3046 2831 3217 2907 quod
3274 2839 3539 2912 spectat,

233 2916 315 2991 iis
344 2928 822 2991 constituendis
878 2945 1086 3005 neque
1119 2928 1255 3006 ipse
1307 2929 1427 2989 sibi
1485 2928 1639 2989 satis
1695 2928 1856 2988 bene
1914 2932 2164 2987 constat
2215 2925 2559 2998 Eusebius,
2599 2927 2710 3004 qui
2748 2945 2921 2989 nunc
2963 2930 3040 2991 ad
3091 2932 3265 2993 Ozim
3296 2950 3541 2995 annum

232 3032 879 3111 quinquagesimum,
910 3047 1082 3091 nunc
1135 3029 1213 3091 ad
1260 3031 1606 3101 Joathami,
1645 3046 1814 3090 nunc
1860 3029 2140 3107 denique
2186 3030 2264 3091 ad
2299 3028 2532 3089 Achazi
2581 3045 2789 3107 usque
2823 3035 3112 3110 tempora
3140 3036 3543 3115 olympiadas

236 3133 591 3215 protendit;
627 3138 697 3194 ut
734 3133 855 3193 hoc
885 3132 1076 3193 etiam
1114 3132 1348 3193 indicio
1382 3134 1632 3211 probet,
1663 3132 1923 3192 minime
1952 3150 2018 3192 se
2049 3130 2333 3193 Africani
2362 3131 2597 3211 scripta
2622 3132 2687 3192 in
2712 3150 2827 3194 sua
2859 3138 3292 3215 transtulisse,
3326 3157 3401 3202 ac
3433 3160 3549 3219 pro

234 3234 436 3295 lubito
470 3233 929 3311 interpolasse.
964 3231 1083 3292 Sed
1132 3232 1352 3310 utique
1381 3230 1687 3311 Scaliger,
1719 3231 1889 3308 quod
1929 3230 2221 3307 pluribus
2270 3229 2424 3288 locis
2482 3229 2777 3290 Petavius
2819 3234 3134 3307 ostendit,
3171 3234 3546 3299 Africanum

234 3339 400 3399 male
432 3336 698 3413 habuit,
736 3336 917 3414 cujus
973 3333 1311 3395 ratiocinia
1371 3351 1514 3395 cum
1576 3333 1762 3393 nimis
1802 3333 2048 3393 insulse
2102 3331 2178 3391 ad
2232 3330 2609 3391 Latinorum
2654 3330 3144 3412 chronologiam
3190 3341 3542 3409 transtulit,

235 3437 537 3501 absurdis
598 3453 669 3497 se
716 3442 778 3497 et
826 3435 1214 3515 portentosis
1277 3435 1611 3495 erroribus
1666 3434 2037 3512 implicavil.
2102 3431 2345 3493 Addam
2380 3436 2453 3509 ,et
2505 3431 2625 3492 hoc
2679 3433 2911 3507 obiter,
2958 3452 3169 3512 neque
3204 3438 3374 3514 quod
3428 3439 3550 3501 hoc

242 3547 373 3602 erat
403 3539 460 3600 ei
499 3538 802 3613 scriptori
844 3539 1343 3616 cognomentum
1386 3536 1748 3614 Africanus,
1782 3533 2175 3611 Scaligerum
2214 3530 2611 3591 intellexisse
2644 3551 2657 3590 :
2699 3538 2883 3591 vocat
2920 3532 3092 3593 enim
3122 3552 3269 3594 eum
3304 3546 3552 3597 συνωνύ-

240 3668 348 3720 pm;
374 3641 667 3713 Poenum,
696 3657 891 3716 quem
928 3638 1125 3699 fuisse
1148 3638 1411 3701 natione
1444 3636 1676 3716 Syrum
1706 3654 1787 3696 ex
1824 3634 2209 3695 Emmaunte
2234 3675 2248 3704 ,
2286 3650 2472 3693 nemo
2505 3638 2597 3693 est
2643 3631 2980 3694 hominum
3022 3635 3219 3711 paulo
3257 3638 3551 3701 erudito-

244 3760 385 3804 rum
411 3743 529 3822 qui
562 3742 839 3822 ignoret.

317 3847 432 3908 Sed
461 3852 561 3906 est
584 3845 791 3907 altera
822 3843 1170 3924 disputatio
1224 3858 1381 3904 sane
1429 3840 1775 3917 difﬁcilior,
1810 3856 2014 3918 eaque
2050 3839 2349 3898 momenti
2416 3838 2606 3916 longe
2658 3838 3021 3915 gravissimi
3079 3840 3155 3899 de
3194 3839 3546 3921 Eusebiani

244 3947 523 4025 ejusdem
559 3947 983 4026 syntagmatis
1023 3944 1418 4021 integritate,
1449 3961 1560 4004 seu
1612 3942 1788 4001 libris
1811 3984 1825 4009 ,
1856 3956 2021 4019 quos
2054 3939 2281 4000 volunt
2311 3942 2473 3997 duos
2523 3937 2754 4004 fuisse,
2787 3956 3065 4015 quorum
3103 3940 3218 4001 iste
3267 3944 3379 4021 qui
3423 3962 3548 4007 su—

242 4052 474 4124 perest,
509 4062 595 4105 ex
628 4045 899 4107 alterius
952 4044 1155 4101 multo
1188 4042 1596 4120 copiosioris,
1630 4040 1738 4115 qui
1779 4038 2125 4110 intercidit,
2167 4036 2417 4099 laciniis
2448 4041 2811 4097 excreverit
2845 4056 2857 4094 :
2896 4039 2981 4099 ita
3036 4048 3247 4103 tamen
3299 4049 3367 4105 ut
3401 4064 3545 4125 qua:

242 4150 305 4208 in
339 4148 461 4209 hoc
494 4147 829 4225 leguntur,
862 4145 920 4204 id
955 4144 1124 4221 quod
1157 4144 1346 4220 periit
1395 4144 1600 4222 magis
1636 4139 1900 4215 deﬂere,
1937 4157 2134 4218 quam
2186 4138 2357 4217 quod
2396 4148 2689 4217 superest
2742 4140 2904 4229 frui,
2959 4143 3142 4204 nobis
3187 4150 3539 4226 prwbeant.

241 4250 480 4310 Prodiit
530 4248 667 4309 haec
720 4263 979 4323 quoque
1015 4245 1305 4322 Opinatio
1343 4243 1766 4323 (quamquam
1800 4259 1876 4305 ea
1909 4242 1986 4304 de
2024 4260 2090 4303 re
2142 4241 2383 4319 pridem
2427 4242 2534 4304 alii
2567 4243 3073 4324 subdubitarint)
3115 4266 3195 4308 ex
3235 4251 3539 4334 Scaligeri

235 4350 521 4421 ofﬁcina,
545 4350 659 4428 qui
691 4354 751 4409 et
786 4348 1072 4408 universi
1103 4348 1314 4426 Operis
1346 4347 1602 4407 titulum
1635 4347 1840 4406 Ιιαντοδ

1936 4359 1984 4412 ἧς
2018 4352 2280 4425 ἱστορίας,
2306 4345 2538 4423 prioris
2572 4345 2718 4406 libri
2756 4353 3137 4427 Χρονολογίας,
3173 4356 3541 4430 posterioris

242 4458 465 4518 Kaso‘m;
499 4450 723 4523 fuisse,
759 4467 918 4529 pene
954 4452 1362 4509 sacramento
1395 4448 1742 4508 contendit.
1779 4447 1954 4509 Adeo
1982 4465 2101 4509 nec
2130 4447 2373 4508 veritus
2402 4456 2495 4507 est
2526 4445 2869 4510 editionem
2903 4468 3088 4513 suam
3114 4455 3546 4519 audacissimo

235 4549 539 4631 exemplo
567 4549 632 4607 in
666 4547 827 4608 duos
876 4548 1075 4608 libros
1121 4547 1429 4622 tribuere,
1459 4548 1837 4624 conquisitis
1873 4547 2322 4625 undecumque
2357 4547 2759 4628 fragmentis,
2792 4569 2938 4630 quas
2996 4572 3114 4632 pro
3165 4555 3547 4622 Eusebianis

238 4654 553 4717 venderet
589 4672 605 4711 :
640 4650 705 4711 in
739 4650 970 4711 Latino
1023 4660 1239 4711 autem
1292 4650 1621 4711 nonnullis
1668 4648 1745 4711 de
1787 4666 1905 4710 suo
1939 4651 2206 4719 assutis,
2248 4650 2571 4729 plerisque
2606 4653 2751 4715 aliis
2787 4656 3087 4720 Omnibus
3128 4664 3413 4738 repetitis
3464 4683 3543 4727 ex

234 4753 629 4833 posteriore,
672 4756 740 4809 ut
794 4756 1001 4823 vocat,
1036 4749 1227 4821 libro,
1280 4750 1401 4810 sub
1461 4749 1586 4810 alia
1637 4748 1895 4826 quidem
1932 4754 2271 4810 contextus
2299 4752 2490 4824 serie,
2532 4753 2638 4814 sed
2693 4753 2915 4816 iisdem
2969 4758 3158 4835 plane
3190 4765 3426 4837 verbis,
3482 4776 3550 4827 ut

233 4855 529 4932 priorem
554 4870 639 4915 ex
666 4853 916 4930 integro
944 4851 1448 4912 consarcinaret.
1481 4851 1826 4912 Rationum
1860 4852 2199 4912 momentis
2225 4853 2552 4927 omnibus,
2582 4869 2727 4933 qute
2759 4857 2822 4917 in
2856 4877 2997 4920 eam
3028 4880 3188 4934 rem,
3221 4882 3539 4946 suumque

234 4959 493 5019 facinus
530 4954 1018 5027 excusandum,
1060 4972 1143 5014 ex
1172 4952 1458 5016 auctoris
1515 4954 1850 5033 ipsiusmet
1885 4957 2077 5030 atque
2114 4953 2481 5031 interpretis
2539 4958 2917 5021 testimoniis
2973 4963 3182 5032 cudit,
3248 4968 3405 5029 satis
3459 4970 3540 5030 ibi

238 5061 376 5121 suis
404 5059 565 5121 locis
598 5056 869 5119 fecimus
903 5077 917 5117 :
951 5056 1480 5133 ostendimusque
1516 5055 1661 5116 luce
1696 5052 2046 5115 meridiana
2087 5056 2353 5133 clarius,
2388 5057 2542 5120 illud
2575 5062 2746 5136 quod
2778 5064 3055 5139 scriptor
3087 5072 3359 5145 uterque
3393 5070 3545 5135 libri

237 5161 587 5225 nomium
625 5166 838 5235 vocat,
866 5165 929 5220 ει
954 5176 1087 5237 quo
1116 5164 1406 5235 tempora
1439 5158 1520 5219 ab
1552 5155 1795 5217 Adamo
1827 5154 1904 5216 ad
1934 5156 2374 5218 Abrahamum
2406 5158 2795 5225 brevissimis
2835 5163 3048 5225 verbis
3087 5171 3542 5251 perstringun-

236 5266 377 5339 tur,
409 5280 545 5323 non
574 5262 774 5322 alium
810 5278 949 5323 esse
984 5261 1065 5320 ab
1096 5258 1220 5319 hoc
1249 5258 1389 5335 ipso
1424 5258 1688 5331 librum,
1719 5258 1829 5319 sed
1868 5256 2031 5335 ejus,
2070 5267 2136 5317 ut
2167 5257 2252 5317 ita
2285 5258 2516 5331 dicam,
2553 5261 2943 5338 proludium,
2985 5269 3400 5343 prommium,
3431 5279 3545 5335 aut

234 5365 395 5447 quid
433 5364 694 5441 simile;
729 5371 799 5423 ut
829 5381 976 5424 cum
1005 5362 1125 5423 sibi
1162 5360 1601 5440 proposuisset
1627 5360 1949 5421 Eusebius
1997 5362 2080 5420 ab
2124 5358 2472 5420 Abrahami
2513 5367 2660 5425 ortu
2690 5362 3052 5426 Chronicon
3087 5387 3274 5429 suum
3320 5376 3545 5453 auspi-

235 5470 403 5548 cari,
428 5484 581 5547 quae
608 5469 1068 5546 precesserant
1107 5470 1397 5542 tempora
1430 5479 1465 5522 a
1498 5463 1715 5523 mundi
1753 5460 2039 5536 conditu,
2065 5466 2261 5538 atque
2296 5462 2457 5521 adeo
2486 5463 2720 5541 quibus
2754 5466 2891 5543 ipsa
2915 5468 3266 5530 Abrahami
3296 5474 3540 5551 epochu

234 5572 694 5650 consignatur,
736 5569 992 5647 penitus
1024 5584 1101 5625 ne
1139 5565 1674 5644 prmtermitteret.
1703 5562 1887 5637 Quod
1914 5581 2058 5624 cum
2115 5565 2334 5641 paucis
2365 5583 2521 5627 sane
2576 5569 2861 5630 versibus
2898 5572 3311 5648 absolvisset,
3341 5597 3535 5657 quam

232 5674 371 5735 ibat
422 5676 874 5748 comparatum
934 5667 1206 5727 invicem
1268 5683 1492 5745 regum
1555 5662 1957 5725 diversorum
2004 5666 2237 5725 seriem
2288 5667 2656 5728 nominibus
2705 5670 2888 5731 (enus
2944 5675 3309 5756 subtexuit,
3362 5687 3547 5761 quasi

236 5772 575 5854 quandam
604 5771 925 5831 nmieriam
952 5771 1173 5849 futuro
1209 5766 1410 5845 operi,
1459 5775 1524 5826 ut
1548 5773 1809 5828 sanctus
1842 5766 2158 5845 interpres
2193 5768 2415 5839 vertit,
2448 5769 2580 5829 sive
2622 5776 2689 5829 ut
2740 5772 2871 5848 ipse
2915 5773 3044 5846 ait,
3082 5782 3208 5845 ὕλας
3256 5790 3541 5862 ἐκπορίζων

254 5886 485 5957 ἐμαυτῲ
531 5884 760 5956 χρόνων.
795 5876 1261 5951 Argumentum
1294 5888 1520 5949 nempe
1554 5869 1783 5931 futurae
1816 5869 1955 5947 ejus
1982 5870 2473 5943 lucubrationis,
2508 5873 2675 5947 quod
2711 5873 2854 5933 item
2889 5879 3153 5955 pagellis
3203 5882 3541 5949 admodum
