4048 6474
489 377 559 440 Ili
987 376 989 379 ’
1934 370 2321 436 ΡΜΕΡΛΤΙΟ.
3717 367 3782 430 ιο

497 488 725 569 paucis
755 488 1078 569 exposuit.
1109 486 1386 550 Fecisset
1410 486 1628 550 multis
1663 504 1788 552 tne
1837 487 1923 552 ita
1967 488 2226 568 quidem
2260 485 2626 566 patiebatur
2653 480 3020 562 scriptionis
3053 481 3302 547 indoles
3333 483 3395 546 et
3425 481 3678 551 natura.
3714 488 3784 542 ut

489 606 616 671 pro
641 589 768 650 alio
819 589 986 650 libro
1019 588 1392 662 haberetur,
1429 587 1970 666 quemadmodum
2022 606 2235 668 neque
2272 587 2451 649 frons
2478 585 2695 665 ampla
2725 584 2957 648 aedium
2985 588 3178 664 atque
3207 587 3583 664 prospectus
3609 580 3782 645 aliud

489 696 588 752 est
611 690 693 750 ab
721 694 1045 751 structura
1077 689 1383 752 universa
1416 688 1773 752 aedificium.
1807 690 2007 751 Porro
2036 707 2154 752 nec
2181 706 2322 752 eam
2345 705 2485 750 esse
2513 687 2792 750 diximus
2818 704 3077 762 vocum,
3103 685 3341 766 libello,
3367 691 3430 748 et
3457 685 3780 766 opusculo,

485 790 725 870 quibus
761 790 1192 869 Hieronymus
1246 790 1477 867 utitur,
1513 789 2071 870 signiﬁcationem,
2123 794 2196 851 ut
2247 791 2466 868 ingens
2513 787 2827 866 volumen,
2865 805 2983 851 ncc
3035 786 3305 848 minoris
3361 801 3519 850 sane
3571 785 3784 865 molis,

487 907 686 969 quam
719 889 1074 952 Chronicus
1111 904 1320 950 canon
1350 890 1512 970 ipse,
1541 888 1710 968 quod
1742 888 2029 970 Scaliger
2064 889 2417 965 contendit,
2449 891 2693 950 notent.
2720 888 2922 949 Immo
2951 903 3107 950 vero
3138 893 3199 948 et
3235 887 3549 966 perbreve
3577 887 3781 950 dicta-

480 994 620 1052 tum
655 996 1068 1072 ὑποκοριστικῶς
1101 994 1362 1065 sonant,
1395 988 1753 1069 cujusmodi
1778 990 2066 1068 epistola:
2098 994 2271 1058 sunt,
2305 1007 2451 1068 quae
2486 989 2596 1050 illo
2625 989 2948 1052 interdum
2971 988 3292 1052 vocabulo
3321 988 3781 1067 nominantur;

482 1099 547 1155 et
581 1095 814 1156 debent
859 1093 1082 1156 Graeco
1110 1093 1354 1168 sensui,
1403 1093 1736 1172 ipsiusque
1770 1093 2056 1155 auctoris
2104 1093 2301 1154 menti
2349 1091 2769 1171 respondere,
2799 1092 2910 1170 qui
2945 1109 3074 1152 non
3104 1099 3156 1151 ἐν
3207 1097 3396 1172 βίϐλῳ,
3438 1097 3553 1155 aut
3600 1097 3783 1172 βιϐλίῳ

478 1195 672 1272 dixit,
704 1194 812 1258 sed
848 1202 900 1258 ἐν
928 1208 989 1277 τῇ
1016 1201 1116 1276 πρὸ
1149 1201 1350 1262 ταύτης
1380 1201 1655 1276 προτάξει,
1692 1195 1758 1256 in
1786 1196 2033 1274 prcevia
2068 1222 2076 1255 t

2187 1195 2274 1256 ris
2307 1193 2708 1257 ordinatione
2734 1217 2753 1256 :
2782 1199 2853 1256 ut
2883 1198 2946 1255 et
2971 1194 3342 1274 perexiguae
3375 1195 3562 1258 molis
3600 1195 3785 1276 apel-

476 1297 633 1372 lam,
663 1303 725 1361 et
757 1297 948 1361 unius
976 1297 1394 1378 ejusdemque
1419 1300 1520 1361 sui
1555 1298 1701 1360 libri
1736 1298 2124 1378 particulam
2156 1315 2300 1362 eam
2327 1317 2495 1377 esse,
2527 1301 2663 1378 ipse
2686 1299 2764 1363 de
2797 1299 3118 1364 industria
3152 1299 3492 1363 indicaret.

473 1403 524 1479 β,
557 1403 700 1464 Iam
736 1418 889 1465 vero
937 1419 1083 1464 cum
1126 1400 1412 1480 Scaliger
1438 1403 1516 1465 ad
1544 1401 1824 1464 aliorum
1870 1402 2240 1465 testimonia
2274 1403 2666 1481 scriptorum
2704 1406 3034 1482 provocet,
3072 1389 3152 1463 ad
3187 1417 3396 1480 eaque
3451 1416 3570 1462 nos
3619 1416 3787 1462 cau-

473 1522 618 1571 sam
646 1504 857 1567 dicere
884 1502 1251 1583 compellat,
1279 1503 1346 1564 in
1373 1503 1610 1582 quibus
1640 1503 1924 1566 maxime
1954 1503 2337 1583 triumphat,
2363 1521 2438 1566 ea
2467 1521 2730 1582 quoque
2759 1503 3066 1567 diluenda
3090 1507 3268 1566 sunt.
3293 1501 3542 1566 Profert
3569 1502 3787 1583 ipsum

472 1608 696 1674 statim
727 1606 1222 1684 Hieronymum,
1256 1603 1370 1683 qui
1403 1621 1531 1666 non
1577 1604 1829 1666 noverit
1858 1605 2072 1686 modo,
2107 1605 2214 1668 sed
2253 1609 2318 1668 et
2343 1606 2408 1667 in
2440 1604 2742 1668 Latinum
2775 1623 3144 1669 sermonem
3182 1605 3581 1670 convertisse
3633 1623 3788 1668 eum

471 1707 716 1772 librum
762 1724 830 1769 se
879 1705 1067 1768 dicat.
1103 1705 1336 1768 Scribit
1369 1707 1541 1768 enim
1588 1707 1654 1768 in
1704 1707 2182 1771 Commentario
2230 1709 2298 1770 in
2343 1709 2679 1772 Danielem
2726 1727 2870 1790 cap.
2920 1729 3042 1772 1x:
3078 1709 3405 1792 Quidquid
3449 1710 3519 1772 in
3555 1709 3784 1790 templo

468 1819 688 1894 postea
721 1811 956 1891 factum
985 1817 1100 1886 est,
1127 1827 1257 1871 non
1283 1809 1410 1890 fuit
1439 1811 1821 1891 sacriﬁcium
1851 1811 2000 1884 Dei,
2036 1810 2143 1872 sed
2173 1809 2380 1872 cultus
2413 1810 2695 1890 diaboli,
2725 1813 2974 1876 cunctis
3000 1814 3070 1875 in
3096 1830 3414 1875 commune
3446 1813 3789 1876 clamanti-

472 1910 589 1974 bus
619 1933 639 1974 :
669 1911 946 1991 Sanguis
978 1910 1118 1990 ejus
1151 1927 1350 1990 super
1380 1928 1500 1974 nos
1533 1917 1598 1974 et
1626 1928 1824 1990 super
1852 1911 2020 1974 filios
2049 1917 2330 1975 nostros.
2367 1913 2462 1973 Et
2488 1913 2605 1976 hoc
2632 1937 2652 1975 :
2677 1915 2816 1977 Non
2841 1914 3154 1978 habemus
3177 1933 3395 1996 regem
3421 1916 3544 1978 nisi
3571 1915 3786 1982 Cassa-

465 2031 638 2089 rem,
668 2031 844 2094 quem
869 2012 1073 2076 locum
1099 2013 1167 2073 in
1189 2011 1504 2076 Chronico
1534 2013 1802 2094 ejusdem
1829 2011 2122 2092 Eusebii,
2149 2013 2320 2094 quod
2340 2022 2484 2076 ante
2504 2033 2706 2077 annos
2727 2015 3040 2096 plurimos
3075 2020 3143 2079 in
3173 2018 3463 2080 Latinam
3496 2017 3789 2099 linguam

466 2116 797 2188 vertimus,
835 2114 1103 2194 diligens
1146 2113 1346 2176 lector
1373 2113 1626 2194 plenius
1656 2115 2024 2176 edissertum
2062 2116 2304 2194 poterit
2341 2116 2645 2180 invenire.
2688 2118 3001 2197 Equidem
3045 2120 3111 2181 in
3148 2121 3295 2195 isto,
3331 2139 3523 2199 quem
3570 2121 3788 2182 habe-

466 2239 616 2287 mus
652 2239 825 2282 nunc
854 2220 1044 2290 libro,
1083 2218 1244 2280 nihil
1275 2219 1352 2282 de
1382 2220 1690 2282 conviciis
1721 2219 1848 2280 illis
1894 2224 1959 2281 et
1989 2219 2344 2283 maledictis
2373 2221 2748 2283 Iudaeorum
2778 2222 2844 2283 in
2871 2220 3195 2284 Christum
3223 2222 3457 2284 dicitur
3486 2244 3502 2286 :
3531 2222 3788 2286 edisse-

465 2325 784 2390 rebantur
818 2323 1015 2403 igitur
1050 2324 1114 2384 in
1146 2323 1360 2402 priore
1388 2325 1542 2398 alio,
1567 2325 1679 2403 qui
1707 2323 1956 2403 jamdiu
1991 2323 2147 2384 olim
2176 2323 2531 2398 intercidit,
2569 2330 2634 2386 et
2662 2342 2794 2403 quo
2827 2323 3165 2385 historiam
3215 2324 3573 2387 continenti
3612 2341 3788 2389 ora-

466 2425 666 2488 tionis
704 2425 812 2487 filo
847 2425 1165 2487 Eusebius
1212 2425 1590 2504 complexus
1630 2427 1777 2487 est?
1804 2425 1975 2486 Nihil
2005 2425 2222 2488 minus
2254 2445 2271 2486 :
2304 2426 2546 2506 quippe
2583 2426 2662 2488 ad
2693 2433 3054 2506 temporum
3100 2425 3462 2490 doctrinam
3504 2427 3670 2488 nihil
3702 2444 3788 2491 ea

465 2529 819 2610 pertinere,
851 2547 1064 2609 neque
1115 2527 1276 2592 adeo
1303 2529 1520 2591 locum
1566 2529 1634 2588 in
1661 2527 2033 2590 Eusebiano
2066 2533 2472 2608 syntagmate
2517 2528 2761 2591 habere
2797 2528 3108 2609 potuisse,
3163 2544 3354 2589 nemo
3410 2543 3540 2588 non
3578 2526 3783 2590 videt.

461 2631 697 2711 Itaque
727 2632 896 2693 alius
930 2631 1281 2693 verborum
1310 2630 1690 2710 Hieronymi
1721 2641 1972 2692 sensus
2005 2635 2125 2701 est,
2157 2647 2353 2708 quem
2408 2630 2674 2693 minime
2723 2635 3130 2712 perspectum
3180 2629 3413 2692 habuit
3464 2629 3785 2710 Scaliger,

464 2734 583 2796 aut
613 2734 1055 2810 prmconcepta
1089 2728 1393 2806 opinione
1421 2728 1728 2807 abreptus
1770 2728 2053 2791 invertit.
2090 2727 2207 2790 Est
2233 2734 2448 2792 autem
2486 2730 2630 2802 iste,
2661 2730 2775 2809 qui
2798 2747 2882 2793 ex
2902 2733 3037 2790 toto
3067 2727 3588 2793 manifestissime
3617 2747 3792 2791 con-

391 2889 393 2893 .
462 2839 655 2900 textu
679 2833 890 2894 elucet
926 2853 941 2891 :
976 2830 1330 2893 Eusebium
1356 2850 1394 2892 a
1417 2838 1597 2892 sexto
1626 2849 1792 2892 anno
1831 2831 2117 2894 Darii...
2149 2830 2401 2912 quando
2433 2831 2650 2911 templi
2695 2847 2888 2910 opera
2917 2835 3350 2892 consummata
3377 2836 3555 2905 sunt,
3586 2848 3793 2912 usque

465 2936 554 2998 ad
605 2935 924 2998 Herodem
957 2942 1014 2996 et
1058 2934 1361 2997 Caesarem
1410 2933 1768 3014 Augustum
1814 2951 2144 2995 numerare
2187 2933 2599 2996 hebdomadas
2652 2941 2877 3014 septem
2924 2943 2978 2995 et
3027 2937 3363 3014 sexaginta
3411 2933 3608 3013 duas,
3648 2953 3796 3016 quas

465 3039 713 3120 faciunt
746 3056 947 3100 annos
974 3035 1470 3117 quadringentos
1513 3035 1842 3114 octoginta
1891 3043 2014 3096 tres
2049 3062 2069 3099 .-
2105 3034 2357 3114 quando
2383 3035 2693 3111 Christus,
2722 3035 2838 3098 hoc
2876 3043 2990 3114 est,
3026 3037 3358 3099 Hircanus
3394 3037 3797 3101 novissimus

463 3144 764 3226 pontifex
792 3141 866 3204 de
891 3157 1108 3221 genere
1136 3135 1671 3214 Machabceorum,
1700 3136 1776 3198 ab
1805 3137 2058 3199 Herode
2071 3136 2415 3217 jugulatus
2445 3146 2557 3211 est,
2592 3145 2653 3199 et
2687 3139 2949 3201 cessavit
2971 3139 3171 3218 juxta
3204 3139 3396 3220 legem
3422 3140 3540 3201 Dei
3562 3141 3799 3220 ponti-

469 3247 660 3326 ﬁcum
677 3242 1010 3304 successio.
1034 3239 1191 3301 Inde
1219 3238 1488 3311 inferre,
1511 3238 1682 3320 quod
1709 3238 1966 3300 Herode
1988 3248 2292 3319 regnante
2313 3239 2486 3319 apud
2507 3239 2820 3322 Iudaeam,
2849 3248 2906 3303 et
2930 3244 3218 3330 Augusto
3246 3242 3419 3323 apud
3443 3243 3798 3320 Romanos,

467 3346 765 3409 Christus
799 3352 986 3405 natus
1011 3343 1118 3409 sit,
1156 3341 1267 3421 qui
1297 3340 1501 3401 tribus
1531 3341 1714 3402 annis
1748 3348 1807 3402 et
1834 3359 1946 3402 sea:
1972 3341 2385 3403 mens-ibus....
2414 3342 2840 3421 Evangelium
2863 3342 3262 3422 praedicavit,
3301 3350 3357 3404 et
3385 3345 3826 3425 conﬁrmavit-

471 3451 610 3512 veri
634 3449 752 3510 Dei
798 3446 1037 3509 cultum
1065 3442 1305 3520 multis,
1334 3441 1503 3505 haud
1543 3442 1802 3505 dubium
1843 3445 1999 3523 quin
2036 3443 2342 3524 apostolis
2374 3452 2433 3504 et
2477 3444 2873 3506 credentibus
2905 3467 2924 3506 :
2955 3444 3206 3526 quando
3241 3453 3384 3525 post
3429 3447 3805 3525 passionem

472 3549 741 3612 Domini
770 3550 838 3610 in
866 3546 1132 3609 dimidia
1159 3561 1415 3606 rursum
1443 3543 1822 3606 hebdomada
1855 3543 2078 3623 defecit
2105 3544 2318 3606 hostia
2356 3554 2414 3605 et
2457 3546 2840 3625 sacriﬁcium
2853 3567 2873 3615 ;
2902 3545 3212 3627 quidquid
3255 3547 3415 3609 enim
3441 3547 3510 3608 in
3555 3549 3802 3630 templo

471 3658 696 3732 postea
716 3651 955 3731 factum
995 3655 1111 3727 est,
1148 3654 1271 3710 etc.
1301 3648 1512 3725 Atque
1539 3646 1712 3707 hunc
1753 3663 1947 3724 porro
1984 3644 2219 3722 locum,
2262 3648 2495 3710 seriem
2530 3666 2759 3728 nempe
2789 3667 3034 3724 rerum,
3069 3667 3186 3729 per
3213 3648 3804 3729 quam'manifesto

473 3758 747 3827 constet,
788 3751 1114 3832 Quidquid
1148 3753 1216 3813 in
1248 3750 1473 3830 templo
1502 3754 1721 3829 postea
1745 3747 1983 3827 factum
2009 3756 2121 3820 est,
2149 3766 2281 3810 non
2304 3750 2501 3830 fuisse
2527 3751 2914 3831 sacriﬁcium
2939 3752 3083 3825 Dei,
3113 3751 3220 3814 sed
3248 3751 3488 3814 cultum
3518 3752 3804 3833 diaboli,

477 3859 552 3919 in
581 3854 895 3918 Chronico
936 3849 1133 3934 (quod
1185 3852 1321 3931 ipse
1364 3855 1429 3912 in
1473 3849 1776 3912 Latinum
1837 3848 2138 3932 verterat)
2185 3849 2440 3930 plenius
2496 3851 2861 3914 edissertum
2916 3855 3216 3915 inveniri.
3269 3853 3611 3918 Invenitur
3664 3858 3807 3922 hoc

478 3960 814 4025 enimvero
849 3956 1196 4035 palamque
1229 3959 1327 4017 est
1360 3959 1723 4033 temporum
1756 3951 2243 4030 comparatione
2267 3952 2782 4016 demonstratum
2811 3971 2928 4033 per
2955 3970 3164 4017 annos
3214 3953 3506 4036 singulos
3531 3955 3620 4020 ab
3658 3977 3811 4023 nu—

477 4077 663 4125 mero
690 4058 1199 4135 Abrahamitico,
1229 4074 1361 4136 quo
1399 4055 1710 4136 templum
1735 4059 2259 4118 consummatum
2294 4059 2417 4130 est,
2444 4073 2565 4117 mm
2591 4054 2669 4118 ad
2701 4055 2937 4120 Christi
2968 4073 3177 4136 usque
3223 4063 3496 4120 mortem
3526 4063 3590 4120 et
3623 4078 3814 4139 pras-

480 4162 874 4224 dicationem
901 4177 1014 4239 per
1044 4164 1514 4236 consequentes
1552 4157 1882 4229 historias,
1911 4157 2302 4233 quibuscum
2336 4155 2463 4216 illae
2490 4157 2682 4219 etiam
2712 4155 3259 4220 hebdomadarum
3293 4159 3579 4222 Danielis
3621 4169 3813 4228 notas

485 4263 788 4344 componi
822 4266 1115 4342 possunt.
1159 4259 1330 4320 Nihil
1362 4259 1560 4339 igitur
1587 4257 1761 4319 aliud
1792 4257 1916 4319 loci
1935 4258 2194 4336 plenius
2220 4258 2510 4319 edisserti
2540 4259 2801 4321 nomine
2836 4260 3179 4336 intellexit,
3215 4278 3410 4341 quam
3447 4264 3627 4342 quod
3661 4273 3820 4332 erat.
3922 4269 3924 4271 ’

482 4385 604 4451 per
630 4372 991 4444 temporum
1019 4362 1426 4426 characteres
1465 4361 1758 4440 pluribus
1786 4366 2146 4435 ostensum,
2181 4379 2312 4440 quo
2340 4367 2632 4441 tempore
2657 4362 3027 4425 Iudaeorum
3062 4364 3315 4442 religio,
3347 4369 3410 4426 et
3452 4364 3520 4426 in
3549 4370 3818 4450 templo

485 4471 626 4533 veri
655 4469 766 4532 Dei
794 4467 1179 4531 sacrificium
1207 4469 1272 4527 et
1296 4465 1508 4528 cultus
1532 4464 1717 4528 desil.
1757 4464 2050 4528 Graecum
2094 4462 2358 4528 Eusebii
2393 4466 2644 4540 locum,
2691 4483 2886 4544 quem
2917 4463 3135 4528 laudat
3178 4465 3466 4548 Scaliger
3509 4469 3594 4532 ab
3630 4469 3821 4536 Hie-

486 4590 768 4652 ronymo
801 4572 1318 4649 interpretatum,
1349 4567 1513 4628 nihil
1561 4585 1805 4640 moror,
1845 4567 2085 4647 quippe
2117 4585 2312 4648 quem
2365 4585 2636 4646 prorsus
2679 4568 3113 4648 incongruum
3147 4587 3418 4656 :lneque
3464 4570 3648 4634 enim
3693 4583 3823 4642 aut

487 4677 736 4750 verbis,
765 4677 880 4738 aut
905 4673 1071 4735 serie
1097 4671 1412 4734 orationis
1441 4671 1608 4749 ipsa,
1637 4675 1701 4732 et
1729 4669 2006 4733 laudatis
2036 4688 2115 4732 ex
2157 4669 2488 4749 Scriptura
2526 4668 2909 4733 testimoniis
2940 4673 3276 4748 consonat,
3315 4670 3424 4734 sed
3456 4674 3823 4744 sententias

487 4781 603 4843 vix
637 4778 891 4842 tandem
920 4776 1043 4858 ipsi
1079 4792 1345 4856 quoquo
1373 4773 1564 4836 modo
1599 4773 1967 4852 respondet.

576 4881 868 4954 Alterum
902 4877 1075 4958 quod
1110 4879 1296 4955 urget
1341 4873 1626 4953 Scaliger
1660 4873 2131 4949 testimonium,
2179 4873 2302 4937 hoc
2335 4879 2432 4937 est
2466 4873 2826 4938 Marcellini
2873 4875 3124 4940 comitis
3179 4898 3194 4938 :
3239 4876 3396 4940 Post
3437 4878 3826 4948 mirandum

496 5003 681 5065 opus,
721 4981 890 5063 quod
933 5000 971 5042 a
1016 4979 1237 5042 mundi
1271 4979 1519 5060 fabrica
1551 4995 1746 5058 usque
1790 4979 1858 5039 in
1903 4976 2388 5040 Constantinum
2417 4980 2774 5061 principem
2806 4981 3127 5045 Eusebius
3170 4982 3569 5047 Cwsariensis
3611 4987 3828 5070 hujus

494 5083 710 5147 seaculi
740 5083 1072 5161 originem,
1097 5086 1397 5158 tempora,
1424 5096 1650 5152 annos,
1681 5094 1896 5158 regna,
1921 5079 2308 5160 virtutesque
2336 5081 2700 5146 mortalium
2728 5090 2783 5144 et
2811 5086 3138 5146 variarum
3159 5087 3396 5147 artium
3418 5095 3826 5168 repertores,

494 5181 892 5261 omniumque
903 5195 1056 5258 pene
1075 5177 1552 5257 provinciarum
1575 5182 1978 5238 monumenta
2001 5194 2510 5260 commemorans,
2533 5179 2749 5244 Graeco
2778 5182 2978 5244 edidit
3003 5183 3195 5264 stylo,
3213 5191 3542 5264 nosterque
3566 5187 3831 5258 Hiero.

499 5300 726 5364 nymus
762 5277 1092 5341 transtulit
1127 5278 1190 5338 in
1219 5277 1540 5352 Latinum,
1575 5286 1632 5339 et
1657 5295 1850 5358 usque
1885 5279 1953 5339 in
1984 5277 2291 5340 Valentem
2319 5279 2620 5344 Casarem
2653 5285 2932 5346 Romano
2961 5283 3189 5365 adjecit
3217 5283 3488 5366 eloquio.
3533 5285 3648 5352 Ex
3680 5312 3830 5373 quo

500 5386 723 5461 infert,
752 5398 882 5444 non
911 5380 1123 5442 solum
1159 5379 1354 5442 fuisse
1388 5379 1671 5462 priorem
1719 5397 1870 5443 eum
1917 5380 2158 5442 librum
2201 5381 2284 5443 ab
2325 5381 2607 5446 Eusebio
2647 5384 3078 5462 compositum
3132 5388 3197 5446 et
3255 5385 3338 5447 ab
3393 5385 3832 5472 Hieronymo

496 5486 728 5551 Latine
755 5499 1166 5560 conversum,
1195 5482 1304 5544 sed
1337 5482 1530 5545 etiam
1555 5477 1727 5561 quod
1753 5485 1894 5562 ejus
1916 5487 2367 5563 argumentum
2399 5485 2620 5560 fuerit,
2654 5490 2716 5547 et
2743 5486 2986 5564 qutc'jn
3016 5503 3095 5548 eo
3132 5488 3622 5572 tractabanturf,
3667 5499 3832 5561 stri-

503 5592 655 5655 ctim
686 5607 800 5652 nos
828 5587 1064 5651 doceri.
1107 5585 1369 5649 Miseret
1398 5603 1495 5649 me
1527 5586 1664 5665 ejus
1693 5585 2037 5649 levissimas
2058 5587 2660 5667 argumentationis.
2693 5589 2834 5648 Non
2865 5587 2996 5651 alia
3023 5587 3100 5650 de
3129 5605 3329 5651 causa
3359 5589 3601 5667 repetit
3638 5593 3834 5662 Mar-

498 5694 775 5758 cellinus
805 5708 1018 5759 comes
1048 5710 1086 5751 a
1110 5672 1596 5768 mundi’fabriea
1623 5687 1880 5750 initium
1916 5687 2298 5750 Eusebianaa
2337 5688 2796 5768 chronologize,
2829 5705 3028 5767 quam
3055 5687 3230 5767 quod
3263 5689 3356 5754 ita
3399 5687 3564 5750 ferat
3602 5711 3835 5757 exor.

500 5799 675 5860 dium
709 5794 882 5869 libri,
926 5798 996 5856 ut
1032 5793 1338 5873 prologue
1381 5790 1490 5852 ille
1525 5790 1920 5866 inscribitur,
1957 5807 2086 5870 quo
2135 5807 2250 5870 per
2279 5790 2475 5852 unius
2525 5790 2878 5854 alteriusve
2910 5793 3181 5873 pagellea
3212 5794 3493 5873 spatium
3525 5812 3834 5874 genera-

494 5906 701 5971 tiones
751 5903 833 5971 ab
864 5899 1111 5980 Adamo
1154 5898 1235 5966 ad
1271 5896 1620 5967 Abrahami
1653 5899 1870 5962 ortum
1906 5895 2168 5976 digestae
2213 5898 2389 5975 sunt,
2428 5895 2583 5975 ipsis
2615 5895 2748 5963 fere
2776 5897 3124 5979 Scriptura:
3180 5897 3414 5967 divinae
3443 5901 3715 5986 verbis,
3751 5928 3794 5974 ε
