4064 6436
333 348 391 406 ῃ
1773 337 2164 398 ramulo.
3548 349 3619 406 is

326 462 402 524 ad
423 460 699 542 prcevice,
736 463 810 524 ut
859 460 1253 536 dicebamus,
1289 471 1630 544 temporum
1688 460 2115 524 ordinationis
2145 465 2208 523 et
2238 463 2525 541 prommii
2559 462 2795 537 instar,
2833 481 2911 526 ne
2942 464 3047 527 illa
3091 473 3382 548 ἀκέφαλος,
3413 488 3615 549 quam

326 567 798 646 perscripturus
828 571 990 638 erat,
1024 565 1293 628 historia
1327 567 1669 627 videretur.
1705 563 1949 626 Laudat
1983 582 2133 626 vero
2165 565 2300 642 ipse
2337 566 2529 626 etiam
2578 566 2992 628 Marcellinus
3041 568 3373 646 singulare
3417 589 3608 651 opus,

323 672 381 728 et
406 667 723 747 singulari
752 667 1288 748 comprehensum
1317 669 1484 730 libro
1528 669 1764 730 indicat
1802 667 2254 744 complexione
2288 667 2398 728 illa
2429 666 2796 740 verborum,
2827 666 3131 746 a/‘abrica
3166 668 3384 730 mundi
3415 688 3615 751 usque

323 767 385 826 in
411 766 902 828 Constantinum
944 769 1338 847 principem;
1385 773 1447 828 et
1481 785 1748 843 rursus,
1781 766 1856 826 de
1891 766 2400 845 Hieronymiana
2443 766 2862 827 translatione
2907 774 3102 846 atque
3145 767 3607 847 additamenta,

323 885 508 946 usque
537 867 606 927 in
649 869 964 928 Valentem
993 868 1334 938 Cwsarem;
1369 885 1514 930 nam
1545 870 1598 929 si
1629 868 1850 930 iisdem
1869 873 2062 944 atque
2085 873 2334 939 auctor,
2367 868 2427 928 S.
2455 868 2778 948 lnterpres
2809 870 3091 947 vestigiis
3123 872 3328 947 haasit,
3357 880 3610 936 certum

317 978 638 1047 estquam
668 969 840 1050 quod
868 971 1170 1044 maxime,
1212 971 1383 1032 hunc
1421 988 1551 1032 non
1580 970 1931 1048 duplicem,
1979 985 2190 1045 neque
2226 969 2415 1032 aliam
2453 987 2649 1048 quam
2697 988 2842 1048 quae
2886 979 3205 1052 superest,
3239 971 3611 1037 Eusebiano

312 1076 703 1152 syntagmali
737 1076 1296 1138 continuationem
1328 1075 1403 1136 de
1438 1092 1558 1136 suo
1589 1073 1922 1151 adjecisse.
1953 1067 2090 1149 Ego
2123 1073 2338 1134 nullus
2373 1073 2620 1146 dubito,
2647 1073 3118 1146 Marcellinum,
3153 1093 3301 1136 cum
3332 1093 3410 1139 ea
3441 1079 3613 1142 scri-

315 1177 514 1254 beret,
569 1177 905 1256 exemplar
929 1178 1164 1239 nostris
1193 1194 1322 1238 non
1352 1175 1668 1248 absimile,
1700 1189 2080 1254 germanum
2111 1172 2269 1234 adeo
2296 1179 2491 1252 atque
2519 1174 2868 1252 integrum,
2897 1177 2979 1235 ob
3001 1175 3221 1237 oculos
3252 1177 3557 1240 habuisse
3587 1221 3610 1253 ,

312 1281 372 1339 in
403 1299 539 1357 quo
567 1298 770 1342 unum
799 1280 1051 1344 videtur
1088 1299 1214 1342 non
1245 1281 1398 1341 satis
1433 1277 1780 1340 attendisse
1817 1279 2037 1346 caule,
2071 1277 2241 1353 quod
2277 1276 2532 1356 proprie
2569 1276 2649 1337 ab
2683 1276 2792 1335 illo
2828 1274 3093 1336 exordio
3128 1275 3300 1348 libri,
3328 1295 3456 1338 non
3495 1293 3613 1359 pa-

309 1382 490 1460 gellis
527 1383 674 1446 inde
705 1384 827 1446 loci
870 1385 1120 1464 paucis,
1154 1383 1438 1460 incipere
1475 1379 1842 1442 Chronicon
1871 1393 2032 1452 opus
2071 1377 2486 1436 existimavit.
2517 1378 2860 1452 Praetereo,
2891 1377 3062 1454 quod
3116 1384 3436 1455 postremo
3464 1379 3610 1441 loco

308 1483 500 1544 habet
537 1482 848 1564 Scaliger,
880 1489 1336 1566 argumentum
1365 1499 1402 1545 a
1438 1481 1734 1559 Prosperi
1769 1478 2074 1557 Aquitani
2107 1479 2431 1556 exemplo,
2465 1479 2576 1557 qui
2612 1497 2722 1557 per
2757 1480 2974 1542 omnia
2997 1498 3137 1542 sese
3171 1481 3434 1543 Eusebii
3467 1483 3610 1544 imi-

305 1590 580 1646 tatorem
619 1585 947 1664 professus
975 1631 990 1659 ,
1029 1592 1224 1664 atque
1257 1602 1340 1646 ex
1368 1585 1506 1662 ejus
1537 1581 1910 1643 omnimoda
1943 1581 2212 1643 historia
2247 1582 2614 1644 necessaria
2645 1581 2721 1644 ad
2754 1600 2942 1644 suum
2967 1601 3128 1661 opus
3157 1583 3611 1648 instruendum

303 1687 648 1766 colligens,
677 1704 714 1751 a
744 1689 932 1766 primi
965 1687 1242 1749 hominis
1273 1687 1604 1748 creatione
1635 1701 1846 1756 orsus,
1878 1688 2228 1744 consecuta
2280 1686 2570 1762 tempora
2627 1682 2703 1744 ad
2741 1686 2995 1761 captam
3031 1701 3240 1760 usque
3275 1701 3313 1748 a
3359 1685 3612 1748 Gense-

303 1791 436 1850 rico
466 1792 768 1863 Romam,
805 1792 1127 1855 Chronico
1181 1790 1295 1852 illo
1350 1793 1625 1867 integro,
1676 1794 1744 1848 ut
1794 1793 2052 1860 vocant,
2112 1785 2246 1846 sive
2302 1786 2646 1847 Labbeano
2702 1785 2985 1864 digessit.
3035 1787 3213 1849 Facit
3265 1789 3436 1849 enim
3491 1790 3614 1851 hoc

300 1897 591 1956 maxime
622 1895 989 1973 exemplum
1039 1898 1264 1955 contra
1302 1893 1695 1971 Scaligerum
1737 1910 1751 1949 :
1784 1905 1932 1950 nam
1969 1906 2114 1966 qua:
2145 1889 2417 1966 Prosper
2443 1905 2518 1948 eo
2552 1889 2759 1968 Spatio
2792 1889 2874 1950 ab
2921 1889 3163 1951 Adamo
3195 1890 3272 1952 ad
3298 1891 3609 1956 Abraha«

299 2016 477 2057 mum
519 1998 994 2076 complectitur,
1032 2003 1158 2056 tam
1198 1997 1420 2057 brevia
1453 1999 1604 2055 sunt
1641 1999 1702 2053 et
1744 2010 2055 2055 versuum
2107 1992 2674 2068 paucissimorum,
2708 1997 2774 2053 ut
2827 2011 2906 2054 ne
2947 1993 3291 2072 quadranti
3347 1998 3608 2076 quidem

298 2101 742 2162 enarrationis
773 2099 1155 2161 Eusebianae
1197 2097 1663 2177 respondeant;
1697 2111 1841 2172 quae
1874 2093 1925 2153 si
1967 2097 2146 2153 tanto
2185 2094 2451 2155 uberius
2504 2093 2760 2155 fuerant
2813 2095 2896 2156 ab
2929 2089 3212 2157 Eusebio
3263 2098 3415 2158 olim
3463 2117 3608 2178 per-

305 2207 612 2273 tractata,
640 2203 795 2281 quid
824 2219 1034 2264 causa:
1061 2205 1176 2274 est,
1207 2218 1321 2262 cur
1352 2200 1528 2277 prior
1559 2196 1752 2275 hujus
1779 2194 2066 2256 historiae
2099 2200 2441 2257 contextus
2463 2213 2593 2273 prm
2624 2196 2856 2275 reliqui
2887 2197 3080 2260 etiam
3109 2197 3408 2261 Chronici
3432 2215 3606 2261 com-

308 2305 628 2384 pilatione
658 2305 1085 2382 Prosperiana
1116 2304 1198 2362 sit
1231 2302 1537 2364 brevior?

382 2404 666 2464 Omnino
711 2404 908 2483 igitur
939 2403 1415 2464 commentitius
1447 2401 1624 2481 prior
1655 2400 1761 2460 ille
1790 2399 2199 2460 Eusebianus
2237 2399 2401 2460 liber
2450 2405 2581 2475 est;
2624 2419 2741 2463 nec
2787 2401 3131 2481 plusquam
3168 2402 3356 2466 hodie
3395 2404 3609 2467 habe-

293 2525 446 2567 mus
483 2507 952 2570 Chronicorum
987 2507 1323 2568 Canonum
1356 2504 1502 2582 (nisi
1550 2505 1601 2563 si
1651 2502 1805 2581 quid
1847 2502 2115 2575 alicubi,
2155 2503 2324 2581 quod
2374 2510 2662 2565 veterum
2701 2505 2882 2566 libris
2923 2507 3224 2568 omnibus
3273 2510 3604 2585 usuvenit,

290 2613 412 2667 ant
445 2607 867 2669 librariorum
904 2607 1270 2680 oscitantia,
1309 2612 1422 2666 aut
1457 2605 1830 2666 criticorum
1875 2606 2223 2682 dempserit
2261 2623 2566 2685 perversa
2618 2606 2798 2682 cura)
2855 2611 3314 2671 concinnatum
3349 2613 3431 2672 ab
3462 2612 3606 2673 Cae-

288 2713 593 2772 sareensi
627 2712 965 2791 episcOpo;
997 2711 1161 2771 nihil
1211 2711 1376 2772 ultra
1417 2715 1639 2770 notum
1672 2709 1826 2768 olim
1874 2709 2295 2788 Hieronymo,
2333 2711 2415 2770 ab
2449 2726 2653 2788 eoque
2689 2711 2933 2774 Latinis
2981 2713 3245 2773 auribus
3290 2713 3603 2775 donatum

288 2815 417 2869 est.
461 2811 606 2882 Aio,
648 2809 933 2871 futurum
968 2810 1163 2871 fuisse
1207 2810 1398 2871 etiam
1439 2809 1730 2870 laborem
1762 2809 1945 2870 illum
1997 2815 2228 2887 praeter
2255 2828 2416 2883 rem,
2461 2810 2657 2870 immo
2711 2817 2774 2871 et
2826 2812 3276 2888 deridiculum,
3317 2816 3369 2874 si
3419 2815 3596 2894 quod

287 2911 541 2970 centies
579 2911 909 2989 professus
957 2917 1056 2972 est
1097 2917 1347 2982 auctor,
1381 2912 1461 2971 ab
1492 2910 1862 2972 Abrahamo
1892 2928 2056 2988 opus
2094 2929 2285 2973 suum
2315 2913 2667 2990 auspicari,
2703 2914 3050 2994 primordia
3085 2935 3346 2996 quoque
3382 2937 3606 2982 rerum

286 3017 360 3073 et
391 3014 774 3076 vetustiores
823 3014 1104 3093 origines
1153 3013 1231 3074 ad
1279 3013 1569 3075 eamdem
1622 3014 1928 3091 temporis
1965 3015 2273 3076 amussim
2322 3033 2441 3076 nec
2483 3016 2680 3077 semel
2734 3018 3104 3096 exegisset:
3146 3021 3204 3080 id
3237 3021 3408 3098 quod
3465 3027 3599 3083 tam

286 3114 701 3176 demonstrat
747 3115 1012 3176 minime
1050 3115 1315 3188 factum,
1360 3120 1430 3175 ut
1467 3133 1676 3192 neque
1721 3115 1856 3175 ﬁeri
1898 3116 2180 3194 potuisse
2221 3133 2260 3178 a
2304 3119 2617 3197 scriptore
2665 3119 2834 3180 haud
2891 3121 3131 3201 inepto,
3176 3124 3334 3201 quin
3387 3125 3600 3202 potius

287 3217 888 3278 consideratissimo
923 3218 1202 3278 evincat.
1247 3219 1410 3277 Tum
1447 3217 1600 3277 illud
1637 3233 1831 3294 quam
1880 3223 2346 3297 prmposterum
2387 3227 2585 3298 atque
2629 3221 2881 3300 inutile,
2914 3224 3009 3285 bis
3055 3224 3300 3299 eadem,
3340 3226 3598 3290 diverso

287 3317 637 3380 dumtaxat
669 3320 921 3396 ordine,
959 3326 1070 3381 aut
1101 3320 1266 3399 stylo
1304 3320 1648 3397 persequi?
1675 3320 1840 3381 Illud
1873 3337 2022 3380 vero
2053 3337 2251 3398 supra
2287 3338 2541 3384 omnem
2581 3327 2896 3401 quantum
2936 3331 3029 3386 est
3077 3327 3415 3390 hominum
3444 3347 3600 3392 eru-

288 3418 578 3482 diturum
616 3422 830 3498 tidem,
868 3423 920 3483 si
958 3423 1211 3482 duobus
1246 3421 1555 3499 ejusmodi
1604 3422 1781 3481 libris
1809 3439 1971 3499 opus
2001 3440 2191 3484 omne
2221 3427 2584 3498 constabat,
2618 3429 2705 3491 ita
2741 3445 2886 3505 qua:
2918 3429 3132 3506 priore
3165 3433 3596 3494 contineban-

289 3529 430 3597 tur,
468 3530 796 3600 tamquam
831 3540 910 3582 ex
957 3521 1273 3593 condicto,
1305 3528 1365 3582 et
1401 3522 1477 3581 ad
1530 3520 1915 3584 Mithridatis
1973 3524 2244 3598 litteras,
2277 3525 2594 3589 excidisse
2650 3531 2895 3606 pariter
2926 3531 3094 3609 apud
3127 3532 3480 3595 Eusebium
3535 3540 3602 3596 et

288 3624 796 3704 Hieronymum,
832 3632 903 3684 ut
935 3642 1013 3686 ne
1057 3624 1485 3703 fragmentum
1531 3625 1815 3700 quidem,
1853 3629 2048 3702 atque
2083 3625 2238 3686 illud
2270 3644 2348 3686 ex
2387 3628 2616 3690 Latina
2654 3630 2878 3692 saltem
2910 3634 3469 3714 interpretatione,
3512 3637 3598 3699 ad

290 3728 664 3791 faciendum
714 3727 985 3807 jacturaa
1037 3727 1372 3802 indicium,
1415 3727 1586 3804 apud
1631 3744 1832 3786 unum
1869 3727 2153 3804 aliquem
2206 3730 2583 3806 scriptorem
2638 3739 2921 3810 superet.
2971 3735 3318 3798 Enimvero
3355 3740 3406 3799 si
3443 3742 3593 3817 quis

291 3830 452 3892 Velit
485 3833 784 3889 auctores
821 3834 1092 3900 veteres,
1133 3828 1244 3906 qui
1285 3845 1363 3887 ex
1393 3827 1512 3887 isto
1546 3827 1852 3889 Chronico
1884 3847 2081 3907 opere
2117 3829 2510 3909 delibarunt,
2551 3834 2872 3911 conferre,
2905 3838 3136 3898 sentiet
3174 3839 3346 3900 haud
3375 3840 3594 3920 dubie,

289 3938 555 3994 nostros
590 3931 839 3994 codices
877 3948 1007 3991 non
1038 3931 1242 4010 magis
1281 3947 1417 3991 esse
1448 3931 1802 4002 mutilatos,
1837 3947 2034 4007 quam
2087 3931 2231 3992 illos
2263 3934 2499 4009 quibus
2548 3936 2665 4013 ipsi
2711 3941 2957 3998 veteres
3002 3937 3246 4015 jamdiu
3283 3943 3436 4002 olim
3489 3946 3596 4007 usi

290 4038 470 4096 sunt.
510 4035 670 4095 Tota
705 4038 1016 4113 praeterea
1045 4032 1238 4094 facies
1269 4033 1508 4112 Operis,
1542 4032 1828 4109 praefatio
1857 4032 1919 4091 S.
1951 4032 2325 4110 lnterpretis
2357 4040 2552 4112 atque
2583 4037 2692 4100 illa
2721 4041 3004 4101 auctoris
3040 4042 3374 4119 ipsiusmet
3395 4063 3597 4124 quam

291 4138 433 4198 suis
475 4135 733 4196 sedibus
782 4152 899 4212 per
925 4136 1057 4197 vim
1108 4135 1403 4197 avulsam
1447 4134 1579 4196 alio
1633 4133 1986 4196 transferre
2020 4151 2218 4196 ausus
2269 4143 2365 4198 est
2417 4137 2723 4218 Scaliger,
2777 4147 2870 4203 tot
2896 4141 3123 4206 deinde
3176 4146 3593 4210 collectiones

291 4244 661 4316 temporum
699 4234 776 4295 ad
808 4235 1190 4296 illustriores
1223 4236 1524 4313 epochas,
1557 4235 1861 4313 genuinae
1893 4234 2070 4316 (nam
2109 4253 2237 4300 una
2268 4238 2362 4299 est
2394 4238 2562 4302 inter
2591 4258 2701 4304 eas
2727 4247 2922 4322 atque
2953 4246 3181 4319 altera,
3209 4268 3373 4328 quas
3407 4253 3593 4313 scioli

288 4339 781 4418 interpolatoris
820 4355 1054 4399 manus
1095 4336 1404 4418 intrusit),
1441 4341 1532 4397 tot
1573 4338 1852 4416 denique
1885 4337 2175 4400 formula:
2207 4342 2628 4402 connectendi
2662 4347 3022 4423 posteriora
3071 4349 3425 4427 prioribus,
3456 4371 3593 4416 uno

287 4442 494 4502 verbo
530 4439 838 4518 quidquid
877 4442 998 4501 hoc
1041 4446 1136 4500 est
1171 4440 1382 4519 operis
1413 4441 1673 4515 clamat,
1705 4439 2033 4518 singulare
2061 4439 2258 4502 fuisse
2289 4442 2560 4516 librum,
2600 4454 2792 4522 prout
2829 4465 3004 4512 nunc
3037 4457 3157 4527 est,
3202 4455 3284 4516 ab
3310 4454 3595 4518 Eusebio

287 4544 754 4623 conscriptum,
795 4543 1086 4620 nihilque
1115 4558 1271 4609 esse,
1307 4541 1478 4620 quod
1523 4540 1808 4619 Scaliger
1843 4541 2132 4619 deploret
2161 4543 2478 4604 excisum.
2517 4547 2716 4607 Porro
2751 4555 2967 4611 autem
3003 4552 3171 4614 hanc
3203 4555 3341 4616 viro
3375 4559 3594 4619 erudi-

285 4652 544 4712 tissimo
572 4649 1147 4710 hallucinationem
1188 4650 1431 4710 creavit
1468 4649 1602 4719 illa,
1638 4665 1833 4726 quam
1873 4649 2069 4728 paulo
2106 4655 2257 4712 ante
2294 4651 2728 4728 explodimus,
2761 4662 3208 4736 prteconcepta
3246 4660 3466 4738 Opinio
3511 4660 3592 4722 de

291 4752 592 4814 ail'eclata
622 4752 704 4813 ab
732 4756 995 4812 auctore
1026 4754 1248 4811 nostro
1284 4749 1567 4810 Africani
1608 4747 1906 4809 methodo
1937 4766 1950 4808 :
1987 4750 2097 4826 qui
2131 4751 2674 4830 chronographia»
2705 4773 2838 4816 suae
2867 4758 2973 4817 καθ’
3005 4761 3210 4837 ὁμάδας
3239 4766 3446 4839 χρόνων
3475 4780 3592 4822 ex-

302 4856 553 4934 positae,
586 4871 902 4917 canonem
948 4853 1182 4914 dicitur
1229 4853 1643 4914 subtexuisse
1677 4859 1807 4912 κατὰ
1842 4858 2073 4928 πλάτος,
2113 4854 2245 4914 sive
2282 4853 2349 4913 in
2389 4871 2597 4915 annos
2648 4872 2974 4934 expansos
3020 4859 3361 4938 digestum.
3426 4861 3595 4924 Tum

293 4975 453 5019 vero
507 4956 725 5018 fucum
759 4973 1021 5034 quoque
1059 4953 1202 5016 fecit
1253 4955 1400 5028 illa,
1437 4954 1672 5030 quibus
1711 4953 2151 5014 Eusebianum
2204 4971 2364 5032 opus
2415 4957 2815 5030 inscribitur,
2867 4960 3202 5021 nominum
3259 4961 3586 5026 varietas:

285 5077 442 5122 nam
470 5064 532 5119 et
565 5060 912 5121 Παντοδαπὴν
948 5064 1206 5138 ἱστορίαν,
1235 5062 1294 5116 et
1326 5063 1553 5136 Κρονικά
1583 5063 1890 5134 συγγράμμι

1974 5083 1999 5120 ε.
2019 5061 2082 5117 et
2110 5066 2394 5135 Χρονικούς
2421 5063 2636 5123 κανόνας
2673 5059 2826 5119 alibi
2851 5060 3170 5124 Eusebius
3196 5063 3333 5143 ipse
3365 5071 3579 5128 vocat:

285 5163 628 5244 Syncellus
660 5169 877 5224 autem
912 5178 1080 5238 saepe
1122 5167 1394 5240 Χρονικὸν,
1436 5165 1497 5220 et
1534 5166 1622 5218 τὸν
1670 5163 1890 5229 Κανόνα,

1986 5157 2036 5218 is
2075 5160 2271 5219 etiam
2317 5165 2396 5218 Τὰ
2425 5166 2560 5218 κατὰ
2606 5166 2800 5227 πλάτος
2843 5162 3160 5241 appellat;
3197 5164 3477 5245 denique
3525 5170 3590 5229 et

296 5275 528 5334 Κανόνας
556 5275 867 5346 χρονικοὺς,
891 5273 953 5326 et
975 5265 1265 5344 Ἐπιτομὴ-θ
1286 5270 1493 5344 χρόνων
1528 5261 1660 5323 alii.
1698 5262 1815 5322 Sed
1846 5267 1901 5322 et

1985 5261 2122 5338 :pud
2163 5261 2654 5339 Hieronymum,
2702 5267 2771 5323 ut
2815 5263 3080 5326 Latinos
3125 5267 3288 5329 alios
3330 5268 3590 5329 interim

287 5375 563 5438 taceam,
605 5385 776 5428 nunc
811 5366 1092 5444 Digestio
1138 5373 1506 5442 temporum,
1548 5366 1606 5422 et
1651 5359 1878 5428 Liber;
1925 5377 2099 5420 nunc
2147 5359 2427 5420 Canones
2469 5367 2844 5439 temporum,
2881 5368 2943 5424 et
2981 5363 3444 5428 Chronicorum
3474 5367 3591 5430 Ca-

286 5485 526 5530 nonum
557 5463 910 5527 omnimodo
936 5463 1238 5533 historia;
1269 5480 1439 5523 nunc
1464 5461 1796 5533 Chronica,
1834 5463 1896 5520 et
1927 5457 2281 5520 Chronicon
2308 5459 2536 5535 audiit,
2587 5461 2722 5526 visa
2759 5466 2910 5523 sunt
2934 5464 3277 5526 confidenti
3309 5468 3588 5532 nimium

291 5570 554 5650 ingenio
583 5585 702 5629 suo
730 5567 1002 5645 homini,
1041 5585 1142 5628 res
1178 5565 1467 5626 diversas
1498 5563 1751 5625 diversa
1791 5560 2104 5622 vocabula
2157 5566 2544 5636 conuolare;
2597 5561 2707 5623 sed
2753 5563 2908 5624 illud
2947 5567 3266 5647 praecipue
3303 5566 3588 5648 Syncelli

287 5682 354 5733 τά
377 5676 509 5731 κατὰ
529 5676 722 5736 πλάτος
753 5669 992 5731 erroris
1020 5685 1217 5730 causa
1251 5667 1391 5743 fuit,
1427 5669 1496 5726 ut
1522 5668 1892 5742 congruenti

1975 5685 1982 5722 l
2015 5663 2070 5723 ei
2100 5662 2339 5724 librum
2371 5665 2644 5726 alterum
2674 5677 2786 5724 Τῶν
2811 5667 2921 5727 καθ’
2953 5671 3160 5748 ὁμάδας
3197 5672 3580 5731 comminis-

289 5778 580 5833 ceretur:
607 5788 753 5832 cum
781 5788 984 5832 unum
1008 5775 1218 5832 tamen
1249 5768 1355 5828 ille
1387 5783 1500 5845 per
1520 5781 1725 5826 annos
1754 5780 2074 5841 expansos
2107 5764 2420 5841 nominet,
2444 5763 2721 5826 alterum
2751 5766 2802 5828 si
2825 5770 3178 5831 exstitisset
3203 5771 3583 5848 aliquando,

289 5873 460 5953 quod
508 5872 883 5937 relationem
932 5873 1011 5937 ad
1055 5889 1204 5935 eum
1238 5870 1529 5945 haberet,
1577 5868 1840 5929 minime
1877 5868 2455 5948 praetermissurus.
2510 5869 2822 5949 Imposuit
2866 5872 3064 5951 igitur
3101 5874 3436 5936 nominum
3469 5875 3584 5942 illa
