4064 6436
507 353 570 406 19
1951 357 2338 416 ΡΒΑΕΡΑῊΟ.
3736 367 3803 426 90

505 469 786 531 varietas
815 467 1136 548 Scaligero
1169 489 1182 527 :
1218 468 1354 547 ipse
1383 468 1650 547 reliquis
1682 475 1823 549 post
1853 489 1918 532 se
1952 474 2248 534 omnibus
2287 474 2430 536 fecit
2457 478 2837 538 auctoritate
2869 497 2983 541 sua
3012 479 3300 541 ol'fucias.
3337 481 3412 539 Et
3443 482 3672 544 mirum
3706 483 3795 546 ita

503 589 649 632 eum
689 572 975 648 potuisse
1009 575 1446 634 commentum
1478 571 1598 633 hoc
1643 589 1832 634 suum
1876 573 2078 636 doctis
2115 577 2415 652 probare,
2448 579 2534 639 ita
2584 581 2873 640 omnium
2913 583 3266 659 pervadere
3299 587 3548 645 mentes
3581 584 3802 644 1101111-

501 686 689 750 1111111,
725 678 798 735 111
830 690 1020 735 1181110
1052 672 1271 749 fuerit,
1319 678 1431 733 aut
1478 691 1652 740 nunc
1686 674 1794 750 sit,
1831 676 1940 752 qui
1978 693 2103 737 non
2153 675 2375 738 iisdem
2407 685 2600 757 atque
2635 681 2739 740 ille
2791 684 3003 746 verbis
3045 684 3419 762 pronuntiet
3453 702 3529 746 ac
3561 683 3801 760 doleat,

503 781 786 854 priorem
822 774 1124 838 Chronici
1149 773 1287 852 ejus
1321 773 1607 835 thesauri
1643 780 1886 854 partem
1915 778 1974 836 et
2005 775 2241 836 librum
2275 781 2401 838 tam
2431 777 2494 838 in
2525 777 2776 856 δτι-11180,
2811 798 3007 859 quam
3039 800 3124 843 ex
3153 783 3662 863 Hieronymiana
3698 785 3806 844 in-

501 873 965 952 terpretatione
1019 871 1240 951 putide
1283 872 1804 950 antiquariorum
1863 871 2114 933 fastidio
2149 873 2522 954 deperiisse.
2561 877 2868 940 Laudabo
2917 897 3036 958 par
3076 888 3468 963 βιϐλιογράφων
3511 883 3804 945 omnium

498 975 1055 1048 recentissimum,
1084 981 1146 1035 et
1181 975 1395 1054 magni
1428 974 1730 1036 nominis.
1761 975 1854 1059 Cl.
1897 975 2234 1037 Fabricius
2274 977 2685 1040 Bibliotheca:
2723 980 2958 1043 Graecae
2988 982 3097 1042 lib.
3134 1001 3195 1060 ν,
3229 1000 3370 1062 cap.
3403 982 3463 1056 11,
3492 986 3570 1047 118
3596 985 3801 1046 Ε1188-

498 1078 697 1139 biano
721 1076 842 1137 hoc
868 1076 1171 1136 nimirum
1206 1091 1400 1155 opere
1429 1094 1444 1134 :
1477 1075 1559 1136 In
1604 1073 1825 1149 libros,
1855 1076 2091 1154 inquit,
2121 1076 2280 1138 duos
2307 1078 2578 1140 divisum
2605 1081 2734 1159 fuit
2779 1081 2854 1142 ab
2909 1091 3186 1156 auctore,
3216 1102 3487 1165 quorum
3519 1087 3802 1167 priorem

498 1187 916 1260 Χρονογραφίαν,
935 1177 1347 1256 posteriorem
1362 1184 1614 1258 Χρονικὸν
1641 1184 1862 1239 Κανόνα.
1887 1177 2093 1258 Atque

2203 1197 2281 1240 nc
2309 1180 2650 1260 Epitomen
2689 1190 2868 1243 uocat
2895 1184 3353 1264 Hieronymus,
3383 1193 3504 1248 etc.
3529 1187 3804 1252 Schurz-

499 1282 831 1342 lleischius
871 1289 1085 1341 autem
1139 1282 1200 1341 in
1236 1282 1472 1342 Notitia
1519 1283 1933 1344 Bibliotheca)
1970 1283 2247 1363 Princip.
2284 1285 2690 1349 Vinariensis
2734 1309 2749 1348 :
2789 1287 3078 1361 Constat,
3138 1290 3386 1367 inquit,
3438 1289 3602 1353 illud
3630 1289 3803 1371 quod

495 1401 671 1443 nemo
699 1382 920 1448 nescit,
959 1380 1225 1452 duabus,
1257 1389 1331 1440 ut
1357 1381 1604 1461 quidem
1629 1381 1808 1444 hodie
1839 1382 2073 1443 eruditi
2109 1384 2351 1451 volunt,
2395 1385 2709 1464 partibus,
2759 1404 3027 1467 quarum
3059 1389 3244 1466 prior
3289 1400 3534 1471 Xpowxoi
3577 1397 3802 1459 Κανόνες

498 1489 844 1552 παντοδαπῆς
883 1494 1114 1565 ἱστορίας
1157 1484 1490 1564 inscripta,
1522 1487 1635 1546 καθ’
1667 1488 1842 1566 ὁμὰδα
1869 1507 1889 1547 :
1919 1495 2103 1567 poste:

2196 1506 2238 1547 ‘1'
2273 1499 2451 1550 Κανών
2483 1499 2756 1571 Χρονικός.
2789 1500 2946 1571 puta
3011 1500 3142 1554 κατά
3172 1499 3395 1569 πλάτος,
3425 1501 3500 1554 ut
3521 1492 3801 1574 loquun—

500 1598 634 1665 tur,
672 1597 1065 1666 ἐστοιχιίωται.
1108 1587 1249 1663 Qua
1283 1586 1356 1647 de
1388 1605 1480 1661 re,
1509 1586 1565 1647 si
1588 1596 1734 1667 post
1769 1589 2184 1668 Scaligerum,
2211 1590 2402 1669 plura
2433 1591 2724 1667 dicerem,
2759 1611 3006 1673 operam
3039 1594 3288 1656 omnino
3324 1602 3382 1655 et
3419 1596 3620 1658 oleum
3646 1611 3800 1674 per—-

497 1693 723 1752 dercm.
762 1691 996 1752 Saltem
1028 1691 1409 1752 successerit
1437 1709 1472 1752 e
1503 1692 1821 1754 sententia
1856 1693 2062 1762 nobis,
2103 1693 2214 1770 qui
2238 1701 2464 1756 contra
2495 1692 2893 1773 Scaligerum
2923 1695 3322 1758 diximuszet
3351 1697 3518 1774 quod
3548 1697 3797 1757 certum

496 1794 812 1854 hactenus
849 1793 1053 1853 visum
1087 1796 1185 1852 est
1223 1793 1376 1852 viris
1430 1793 1842 1869 doctissimis,
1895 1811 2036 1854 esse
2069 1793 2514 1872 falsissimum,
2562 1797 2844 1875 invictis,
2893 1803 2962 1858 ut
2997 1799 3181 1859 nobis
3215 1798 3472 1874 quidem
3521 1797 3799 1871 videtur,

498 1894 898 1973 argumentis
931 1894 1350 1955 ostendimus.

580 2000 789 2078 Atque
822 2000 954 2060 haec
983 1999 1059 2059 de
1088 2000 1366 2061 Eusebio
1398 1997 1669 2077 ejusque
1697 2015 1891 2076 Opere
1923 1999 2044 2060 isto
2077 1999 2380 2061 chronico
2426 2002 2592 2064 dicta
2634 2001 2982 2076 sufﬁciant,
3041 2010 3112 2065 ut
3140 2021 3258 2064 sua
3297 2003 3352 2062 ei
3389 2003 3554 2062 ratio
3601 2007 3803 2079 atque

495 2105 830 2184 integritas
865 2112 1179 2166 constent.
1235 2107 1306 2165 lu
1365 2105 1652 2183 reliquis,
1685 2121 1829 2182 qua:
1882 2121 2038 2165 sane
2090 2107 2288 2166 multa
2323 2106 2614 2186 Scaliger
2647 2111 2844 2185 alque
2881 2108 2945 2167 in
2991 2126 3191 2168 unum
3248 2107 3514 2167 collecta
3572 2104 3802 2183 grandi

499 2211 686 2286 quasi
727 2215 1040 2288 apparatu
1081 2209 1142 2267 in
1177 2207 1547 2286 praefatione
1578 2208 1881 2284 explicat,
1940 2216 2004 2268 et
2054 2210 2262 2286 culpae
2313 2211 2498 2270 vertit
2551 2210 2852 2286 Eusebio,
2909 2210 3200 2270 conferre
3255 2209 3356 2271 hic
3404 2208 3625 2286 pedem
3683 2224 3804 2267 nec

497 2317 680 2386 libet,
731 2334 845 2378 nec
902 2332 1114 2392 Operae
1152 2317 1426 2394 pretium
1479 2321 1599 2389 est,
1637 2311 1898 2390 quando
1953 2315 2330 2394 singillatim
2390 2317 2452 2376 in
2492 2317 2669 2376 Notis
2705 2318 2838 2378 suis
2873 2333 3148 2394 qumque
3202 2316 3358 2376 locis
3407 2314 3804 2376 eventilavi—

498 2433 670 2487 mus,
711 2434 855 2494 qua?
887 2417 991 2476 ille
1021 2417 1144 2477 huc
1184 2414 1431 2475 videtur
1459 2414 1535 2474 ad
1584 2414 1888 2474 invidiam
1925 2414 2309 2477 Eusebianze
2371 2415 2706 2476 industriae
2759 2416 3104 2476 creandam
3147 2415 3362 2477 denuo
3420 2415 3802 2476 contulisse.

502 2519 663 2580 Sunt
706 2521 958 2596 quidem
998 2539 1077 2580 ex
1117 2520 1220 2595 iis,
1253 2535 1397 2596 qua:
1427 2517 1533 2578 ille
1571 2525 1918 2598 παροράματα
1952 2524 2014 2580 81
2053 2545 2107 2596 σε]

2199 2545 2360 2590 ματα,
2399 2518 2936 2578 hallucinationes
2990 2524 3047 2579 et
3091 2536 3344 2579 errores
3385 2524 3594 2591 vocat,
3641 2533 3804 2576 non-

501 2621 707 2696 nulla,
737 2637 881 2698 quae
909 2621 1073 2680 tueri
1127 2618 1446 2678 mordicus
1495 2618 1694 2677 nolim
1728 2639 1742 2676 :
1776 2635 2175 2695 quamquam
2223 2621 2392 2678 enim
2438 2619 2788 2680 Eusebium
2835 2620 3168 2698 egregium
3209 2618 3438 2679 veteris
3478 2618 3810 2678 memoriae

498 2719 1022 2796 investigatorem
1083 2717 1490 2796 suspicimus,
1547 2715 1786 2777 scimus
1837 2721 2046 2777 tamen
2097 2716 2394 2778 humanae
2432 2718 2695 2779 incuriae
2749 2718 3082 2778 erroribus
3137 2735 3320 2797 aequo
3370 2736 3445 2780 ac
3506 2737 3620 2779 nos
3677 2720 3814 2779 ob-

500 2821 772 2880 noxium
810 2842 824 2880 :
865 2821 929 2879 in
960 2819 1284 2896 plerisque
1317 2826 1529 2879 autem
1561 2817 1702 2879 aliis
1733 2819 1813 2877 ab
1860 2818 1999 2896 ejus
2034 2818 2320 2896 partibus
2349 2828 2617 2881 stamus.

586 2920 937 2981 Veniamus
977 2920 1053 2981 ad
1090 2939 1265 2995 eum,
1292 2920 1477 2999 cujus
1509 2920 1642 2982 haec
1669 2921 1953 2981 maxime
1982 2936 2181 2983 causa
2211 2921 2534 3000 disputata
2564 2930 2738 2995 sunt,
2763 2932 3056 2986 sanctum
3078 2926 3334 2988 Eusebii
3365 2927 3814 3003 interpretem,

503 3032 700 3104 atque
730 3024 941 3100 Operis
981 3023 1055 3083 ad
1087 3041 1204 3085 sua
1256 3041 1460 3100 usque
1508 3027 1799 3099 tempora
1827 3022 2350 3084 continualorem
2396 3025 2868 3105 Hieronymum
2908 3048 2922 3086 :
2961 3047 3154 3105 quem
3196 3029 3453 3106 quidem
3495 3046 3574 3088 ex
3613 3028 3814 3106 hujus

499 3127 1032 3206 interpretatione
1065 3127 1239 3198 libri,
1281 3134 1348 3185 ut
1385 3132 1445 3184 et
1497 3125 1764 3186 alterius
1802 3124 2152 3187 Eusebiani
2190 3127 2266 3186 de
2312 3127 2698 3196 Nominibus
2763 3130 3078 3201 locorum,
3134 3131 3401 3191 Eusebii
3438 3148 3813 3210 praenomen

501 3231 801 3292 sortitum
826 3229 1021 3288 fuisse
1049 3228 1202 3308 (non
1241 3229 1410 3307 quod
1447 3231 1679 3292 scitum
1721 3234 1916 3312 vulgo
1943 3236 2065 3306 est,
2101 3250 2135 3294 a
2175 3235 2363 3295 Patre
2398 3236 2702 3314 Eusebio)
2745 3236 3082 3315 Menagius
3116 3237 3192 3298 ad
3236 3239 3563 3298 Laertium
3604 3242 3816 3296 autu-

499 3336 676 3391 mat:
708 3329 892 3392 nobis
928 3336 1142 3390 autem
1173 3331 1428 3408 nugari,
1485 3334 1692 3408 potius
1731 3351 1927 3405 quam
1963 3335 2134 3394 serio
2177 3333 2388 3394 dicere
2439 3335 2612 3397 visus
2646 3342 2739 3394 est
2775 3356 2789 3394 :
2830 3335 2948 3395 Sed
2988 3336 3123 3397 haec
3151 3337 3334 3397 alias.
3392 3336 3805 3414 Propositum

500 3434 678 3495 hunc
707 3433 845 3511 ejus
888 3434 1170 3492 laborem
1204 3433 1373 3512 quod
1423 3443 1687 3511 spectat,
1733 3435 1966 3496 fatetur
2016 3436 2152 3514 ipse
2194 3437 2388 3498 etiam
2427 3437 2737 3515 Scaliger,
2766 3434 3024 3496 nullum
3062 3438 3138 3496 de
3188 3435 3429 3497 Latinis
3476 3435 3808 3514 scriptori-

500 3535 625 3596 bus
667 3540 951 3602 exstare,
992 3537 1092 3594 cui
1139 3535 1278 3610 plus
1329 3552 1525 3612 quam
1561 3535 1958 3616 Hieronymo
2009 3537 2283 3600 debeant
2317 3539 3050 3605 ecclesiasticzelilterze.
3093 3547 3220 3601 tam
3257 3539 3324 3598 in
3367 3539 3490 3610 his,
3537 3557 3684 3618 quae
3726 3540 3804 3600 ad

499 3635 784 3713 origines
813 3650 1054 3707 sacras,
1092 3653 1288 3712 quam
1322 3652 1469 3713 quas
1508 3636 1584 3697 ad
1626 3638 2224 3714 interpretationem
2259 3640 2628 3717 divinorum
2665 3641 2982 3701 librorum
3029 3644 3351 3719 pertinent
3387 3663 3402 3701 :
3441 3659 3649 3718 neque.
3693 3643 3805 3702 illo

497 3737 736 3798 saeculo
768 3735 1051 3796 Eusebio
1106 3738 1306 3815 magis
1345 3739 1643 3800 idoneum
1699 3721 2116 3817 interpretem
2173 3743 2550 3820 contingere
2589 3742 2898 3821 potuisse,
2948 3759 3144 3820 quam
3185 3760 3331 3802 eum
3380 3743 3492 3820 qui
3541 3742 3802 3803 Eusebii

496 3838 1034 3912 studiosissimus,
1072 3845 1135 3898 et
1167 3857 1392 3899 eorum
1424 3858 1568 3918 quae
1615 3842 1696 3902 ab
1732 3841 2016 3902 Eusebio
2067 3847 2452 3913 tractantur,
2491 3844 2920 3920 peritissimus
2955 3842 3094 3904 fuit.
3136 3845 3346 3921 Atque
3391 3846 3657 3917 utinam,
3697 3846 3802 3904 in-

495 3937 664 4014 quit,
698 3956 810 4014 per
838 3937 981 4016 ejus
1012 3940 1489 4017 occupationes,
1521 3940 1639 4000 ista
1673 3959 1800 4004 nou
1828 3942 2069 4002 dictare
2093 3943 2372 4015 notario,
2411 3943 2519 4003 sed
2554 3944 2836 4004 scribere
2872 3945 2958 4005 illi
3002 3953 3312 4006 vacasset.
3344 3947 3526 4021 Quod
3559 3948 3729 4008 enim
3757 3964 3796 4010 a

495 4039 720 4102 multis
761 4038 856 4100 vel
887 4040 1192 4102 invitatus
1220 4043 1318 4101 vel
1352 4042 1689 4102 lacessitus
1723 4046 2112 4122 respondere
2143 4053 2506 4124 cogeretur,
2556 4064 2766 4124 neque
2801 4046 2935 4107 ulla
2963 4046 3019 4107 ei
3054 4063 3093 4108 a
3121 4047 3344 4108 labore
3382 4047 3636 4126 requies
3668 4048 3796 4110 da-

495 4144 705 4211 retur,
747 4141 1052 4221 temporis
1081 4149 1297 4202 autem
1326 4143 1646 4220 jacturam
1688 4145 1784 4204 vel
1827 4145 2159 4207 minimam
2207 4146 2417 4206 facere
2459 4163 2667 4225 neque
2705 4151 2953 4226 posSet,
2999 4167 3209 4226 neque
3260 4151 3485 4221 vellet;
3523 4155 3795 4229 apparet

501 4257 686 4312 eum,
721 4260 864 4302 cum
895 4239 1090 4319 hujus
1119 4240 1418 4303 Chronici
1451 4243 2047 4321 interpretationem
2077 4243 2370 4318 dictaret,
2404 4247 2738 4323 scriptioni
2777 4249 3054 4309 aliarum
3096 4267 3310 4310 rerum
3343 4251 3533 4311 simul
3584 4259 3646 4312 et
3677 4269 3786 4310 no-

497 4343 670 4403 tario
695 4342 915 4404 eodem
943 4349 1225 4423 tempore
1258 4358 1521 4419 operam
1543 4343 1816 4415 dedisse,
1849 4350 1917 4403 111
1942 4349 2280 4423 propterea
2315 4362 2576 4406 necesse
2610 4347 2827 4423 fuerit,
2865 4349 3184 4426 quredam,
3227 4350 3397 4427 quod
3440 4351 3634 4410 vetari
3669 4366 3797 4408 non

502 4451 785 4523 poterat,
817 4450 996 4508 tanto
1026 4447 1164 4506 viro
1195 4446 1567 4508 humanitus
1593 4448 1926 4510 excidisse.
1965 4449 2107 4510 Non
2158 4454 2255 4511 est
2302 4451 2562 4511 animus
2595 4468 2698 4528 ea,
2733 4467 2878 4530 qua
2916 4452 3012 4512 his
3058 4453 3257 4513 multa
3309 4452 3595 4531 Scaliger
3643 4453 3804 4512 sub-

500 4550 702 4611 nectit
733 4550 797 4608 in
831 4548 893 4609 S.
931 4549 1220 4610 Doctoris
1248 4549 1843 4628 reprehensionem,
1885 4567 2115 4612 vocare
2152 4552 2384 4612 iterum
2421 4553 2482 4610 in
2515 4559 2727 4629 partes
2765 4569 2781 4610 :
2830 4552 3148 4629 siquidem
3178 4553 3311 4614 suis
3343 4570 3619 4631 quasque
3643 4552 3800 4614 locis

503 4649 960 4726 expendimus,
991 4664 1159 4726 saepe
1186 4649 1379 4712 etiam
1413 4649 1676 4728 sapius,
1713 4655 1931 4727 utpote
1956 4649 2146 4712 falsas
2191 4650 2696 4722 criminationes,
2727 4656 2840 4714 aut
2867 4653 3031 4715 levia
3061 4654 3264 4715 critici
3299 4654 3644 4733 vitilitigia,
3685 4673 3800 4715 re-

508 4750 813 4813 fellimus.
846 4749 1024 4812 Unus
1058 4757 1272 4811 autem
1317 4752 1493 4811 locus
1530 4759 1652 4827 est,
1702 4768 1894 4828 quem
1929 4758 1993 4812 et
2027 4753 2149 4812 sibi
2180 4758 2451 4814 testatur
2485 4752 2773 4831 Scaliger
2799 4753 2953 4812 olim
2997 4754 3406 4832 imposuisse,
3438 4763 3498 4816 et
3537 4757 3698 4816 alios
3734 4755 3799 4816 in

498 4849 632 4915 alia
665 4851 882 4911 omnia
913 4851 1064 4929 egit,
1096 4868 1288 4928 quem
1321 4852 1628 4914 intactum
1669 4853 2152 4930 prastermittere
2188 4853 2359 4917 haud
2394 4856 2560 4916 licet.
2607 4855 2766 4918 Cum
2805 4855 3043 4932 passim
3074 4857 3224 4916 alibi
3270 4856 3332 4917 S.
3373 4859 3560 4920 Pater
3583 4858 3798 4919 Chrov

495 4952 744 5026 nicum,
779 4958 892 5012 aut
916 4950 1211 5013 Canones
1240 4952 1596 5015 Chronicos
1629 4959 1807 5022 ἁπλῶς
1846 4956 2015 5017 dicat
2046 4956 2245 5018 fuisse
2277 4963 2360 5018 ab
2387 4958 2671 5019 Eusebio
2701 4959 3141 5030 elucubralos,
3189 4961 3251 5018 in
3290 4977 3391 5031 eo,
3427 4978 3619 5038 quem
3655 4967 3796 5036 post

495 5051 867 5113 versionem
905 5051 1071 5114 hanc
1119 5067 1306 5112 suam
1344 5053 1628 5130 scripsit,
1683 5055 1852 5115 libro
1880 5055 1956 5116 de
1987 5057 2160 5117 Viris
2193 5058 2586 5132 lllustribus,
2625 5059 2836 5134 capite
2866 5057 2966 5129 81,
2994 5076 3124 5136 quo
3157 5059 3482 5135 hujusmet
3511 5061 3797 5121 auctoris

493 5170 699 5233 opera
726 5153 1100 5232 singillatim
1131 5160 1444 5226 recenset,
1470 5172 1618 5214 eum
1640 5155 1860 5229 refert,
1885 5156 2338 5219 Chronicorum
2351 5158 2677 5219 Cortonam.
2703 5156 3121 5219 cinnimodam
3146 5157 3498 5228 historiam,
3517 5165 3802 5220 eteorum

505 5265 787 5334 Επιτομήν
825 5255 1309 5332 conscripsisse.
1365 5255 1673 5318 'Nolatum
1723 5259 1910 5319 nobis
1939 5259 2014 5319 ad
2047 5277 2197 5320 eum
2253 5262 2490 5334 locum,
2524 5279 2666 5324 eam
2709 5259 2932 5324 videri.
2986 5260 3036 5320 si
3079 5277 3386 5336 umquam
3423 5260 3690 5334 exstitit,
3737 5271 3801 5322 et

485 5361 811 5437 cujusque
847 5356 1013 5417 modi
1053 5357 1272 5430 fuerit,
1307 5358 1647 5436 Epitomen
1699 5379 1828 5422 non
1861 5363 2086 5424 tulisse
2129 5368 2406 5427 aetatem.
2472 5364 2589 5424 Sed
2632 5382 2760 5424 non
2813 5363 3235 5424 succurrebat
3281 5370 3433 5424 tunc
3493 5365 3798 5444 temporis

483 5461 717 5537 menti,
747 5476 941 5538 quam
973 5463 1250 5522 vexa-tus
1281 5461 1463 5522 locus
1495 5462 1602 5525 ille
1628 5464 1999 5525 criticorum
2023 5465 2602 5545 disceptationibus
2635 5467 2849 5526 fuerit.
2903 5465 3193 5541 Scaliger
3225 5483 3404 5544 ergo,
3439 5473 3506 5526 ut
3528 5464 3797 5526 diceba-

373 5550 380 5566 ’
481 5578 660 5636 mus,
694 5577 843 5622 cum
880 5559 1001 5620 sibi
1027 5561 1102 5620 iis
1131 5560 1342 5621 verbis
1376 5562 1751 5640 persuaderi
1787 5581 2016 5642 passus
2051 5573 2218 5628 esset
2261 5567 2640 5644 aliquando,
2677 5567 2910 5626 librum
2953 5566 3427 5628 Chronicorum
3481 5567 3794 5645 posterio-

477 5681 619 5728 rem
655 5663 852 5726 fuisse
886 5665 968 5726 ab
1000 5663 1280 5726 Eusebio
1321 5665 1383 5726 in
1423 5666 1763 5746 Epitomen
1793 5670 2149 5744 redactum,
2179 5671 2302 5732 hoc
2350 5672 2428 5732 de
2457 5688 2678 5734 errore
2706 5674 2766 5731 in
2805 5671 3175 5751 prmfatione
3215 5673 3434 5734 multis
3463 5691 3531 5734 se
3581 5672 3790 5733 verbis

479 5766 681 5829 doctis
718 5768 1070 5829 excusavit.
1108 5767 1501 5845 lmposuisse
1531 5777 1745 5831 autem
1775 5771 2518 5852 contenditHieronymo
2570 5773 2826 5834 Eusebii
2858 5774 3071 5835 locum
3108 5791 3249 5854 cap.
3283 5775 3314 5832 1
3361 5793 3474 5837 seu
3525 5773 3791 5856 prologo

477 5869 780 5932 Historias
806 5869 1268 5933 Ecclesiaslicm
1302 5880 1688 5950 praepostere
1723 5881 2082 5955 acceptum,

2184 5906 2210 5942 η
2251 5886 2344 5955 μὲν
2376 5877 2467 5936 οὖν
2508 5886 2696 5936 τοῦτον
2731 5885 2817 5937 καὶ
2851 5882 3134 5958 πρότερον,
3171 5886 3222 5938 ἐν
3269 5879 3354 5946 οἷς
3382 5881 3789 5957 durant-mimus
