4048 6416
262 359 318 415 ιι
1718 356 1860 417 FBA

1975 357 2110 415 ⁸1⁵10.
3503 359 3572 417 εν

268 484 521 552 χρονικοῖς
538 478 789 547 κανόσιν,
821 481 1079 554 ἐπιτομὴν
1100 486 1530 557 κατεστησάμην*
1562 483 1924 557 πληρεστάτην
1951 475 2000 535 δ’
2022 474 2114 535 οὖν
2143 475 2287 553 ὅμως
2313 480 2485 534 αὐτῶν
2516 482 2603 535 ἐπὶ
2627 486 2721 535 τοῦ
2752 482 3010 557 παρόντος
3042 486 3288 560 ὡρμήθην
3318 488 3411 543 τήν
3439 485 3575 557 ἀφή-

268 603 410 659 γησιν
430 586 795 642 ποιήσασθαι.
836 578 901 640 ld
931 589 1050 656 est,
1088 584 1179 643 Ac
1206 591 1385 642 antea
1416 582 1665 663 quidem
1695 584 1762 643 in
1796 583 1866 643 iis

1977 600 2086 640 uos
2118 582 2469 659 conscripsi
2502 579 2846 643 Chronico:
2876 584 3190 658 Canoncs,
3224 602 3435 646 sarum
3458 604 3570 646 re-

268 696 398 745 rum
421 679 604 757 quasi
642 682 1086 761 compendium
1118 683 1387 763 quodam
1423 684 1698 764 con/cci:
1736 701 1889 763 quas
1920 699 2089 744 nu‘nc
2119 681 2399 743 uberiori
2425 684 2796 745 narratione
2837 688 3156 767 explicare
3207 688 3565 771 aggredior.

270 786 525 849 Ruﬁnus
560 805 836 867 quoque
871 797 1172 864 verterat,
1226 789 1525 865 Quamvis
1544 790 1682 869 jam
1713 788 1785 849 dc
1818 787 1916 849 his
1944 787 2101 866 ipsis
2144 785 2455 847 nonnulla
2507 787 2787 849 etiamin
2830 788 3266 853 Chronicis....
3300 791 3571 853 breviter

269 890 703 969 succinctaque
748 892 1265 970 perstrinxerim.
1298 890 1488 952 Nulla
1537 907 1697 952 sane
1733 889 1834 951 hic
1872 890 2112 950 mentio
2146 888 2502 967 Epitomes,
2541 903 2619 948 eo
2664 890 2926 964 saltem,
2962 908 3092 970 quo
3127 892 3567 973 Hieronymus

271 1007 458 1051 sensu
489 991 743 1070 accepit
774 1013 790 1052 :
832 997 900 1052 ut
938 995 987 1054 si
1018 992 1178 1054 adeo
1212 994 1541 1074 Scaligero
1562 991 1909 1064 credimus,
1941 1009 2059 1053 nec
2089 992 2358 1055 exstarit
2385 1009 2693 1070 umquam
2723 992 3036 1071 ejusmodi
3064 997 3567 1075 scriptio,quam

269 1092 385 1153 sibi
420 1092 682 1165 Noster,
724 1094 1301 1157 ballucinationem
1357 1096 1637 1156 nominis
1674 1093 2097 1173 ambiguitate
2133 1110 2389 1172 passus,
2428 1091 2763 1156 conﬁnxit.
2817 1092 3154 1158 Fabricius
3192 1100 3409 1159 autem
3450 1096 3573 1156 Bi-

273 1196 605 1258 bliotheca
638 1196 879 1258 Grtecie
924 1198 1065 1258 loco
1114 1196 1353 1259 dudum
1388 1197 1674 1268 laudato,
1727 1197 1899 1258 hunc
1948 1198 2162 1274 i-psum
2198 1196 2529 1258 contendit
2563 1196 2955 1259 Chronicum
2987 1198 3338 1272 Canonem,
3371 1215 3568 1275 quem

270 1314 466 1375 porro
493 1297 747 1359 edimus
775 1344 792 1375 ,
824 1299 1164 1376 Epitomm
1204 1298 1422 1361 vocari
1472 1300 1555 1359 ab
1600 1297 1868 1376 Hieron}

1968 1314 2023 1363 o,
2059 1297 2482 1374 posteriorem
2524 1296 2769 1357 scilicet
2811 1298 3153 1365 παντοδαπῆς
3189 1304 3424 1377 ἱστορίας
3475 1296 3566 1356 Ιί-

270 1398 481 1472 brum,
514 1415 649 1476 quo
686 1407 863 1477 gesta
895 1398 973 1460 ad
1003 1416 1155 1460 suos
1186 1416 1462 1478 qumque
1490 1415 1696 1461 annos
1732 1416 1862 1459 una
1893 1398 2062 1461 serie
2090 1400 2173 1460 ab
2204 1397 2554 1459 Abrahami
2594 1399 2933 1460 vocatione
2967 1399 3341 1463 referuntur
3369 1417 3562 1462 zeum

268 1502 504 1579 priore,
569 1509 640 1562 ut
679 1500 1007 1562 somniare
1054 1518 1165 1561 eos
1219 1506 1393 1560 certo
1439 1499 1749 1575 diximus,
1806 1497 2023 1559 omnia
2058 1498 2141 1559 ab
2185 1498 2342 1557 orbe
2396 1494 2678 1570 condito,
2722 1514 2835 1573 per
2878 1498 3061 1560 varia
3112 1499 3348 1577 capita,
3380 1498 3570 1576 juxta

270 1619 624 1679 regnorum
676 1604 963 1682 origines
1001 1608 1063 1664 et
1100 1604 1539 1665 successiones
1584 1600 2054 1681 digererentur.
2108 1598 2224 1661 Sed
2282 1615 2437 1676 pace
2481 1596 2758 1659 dixerim
2803 1598 2922 1661 viri
2965 1597 3347 1676 doctissimi,
3404 1599 3569 1661 nihil

270 1714 520 1786 poterat
554 1708 847 1786 ineptum
901 1708 1103 1788 magis
1133 1714 1327 1786 atque
1375 1710 1695 1770 absonum
1749 1721 1904 1767 vero
1954 1701 2383 1777 comminisci,
2420 1717 2546 1762 non
2598 1718 2741 1763 eam
2785 1699 3123 1763 dumtaxat
3159 1700 3241 1761 ob
3275 1716 3572 1776 causam,

266 1807 433 1889 quod
472 1810 653 1886 prior
708 1810 814 1870 ille
852 1810 1109 1870 Eusebii
1167 1808 1360 1887 plane
1417 1804 1899 1869 commentitius
1945 1804 2028 1867 sit
2060 1804 2249 1874 liber,
2296 1819 2523 1863 verum
2579 1802 2771 1865 etiam
2799 1798 2971 1878 quod
3032 1800 3166 1880 ipse
3222 1802 3285 1862 in
3343 1802 3566 1866 eadem

268 1910 635 1990 pmjudicia
696 1928 812 1971 sua
854 1915 1089 1988 peccet.
1150 1910 1308 1970 Nam
1364 1909 1417 1970 si
1468 1908 1939 1971 Chronicorum
1968 1906 2306 1968 Canonum
2362 1902 2701 1981 Epitomen
2760 1903 3074 1965 Eusebius
3125 1904 3569 1983 concinnavit,

261 2016 389 2094 jam
452 2033 583 2076 non
651 2015 786 2077 hinc
848 2015 1055 2093 potuit
1113 2014 1220 2074 ille
1275 2012 1441 2074 idem
1492 2012 1654 2072 liber
1709 2029 1850 2072 esse
1902 2009 2015 2088 qui
2084 2011 2350 2085 ipsumet
2396 2004 2613 2084 judice
2663 2004 2964 2069 Fabricio
3033 2004 3378 2069 Chronicus
3444 2007 3571 2069 Ca—

264 2133 389 2176 non
438 2115 707 2195 proprio
755 2114 941 2176 titulo
980 2121 1413 2193 nuncupatur.
1472 2114 1634 2174 Tum
1690 2129 1840 2174 vero
1882 2128 2028 2189 qum
2082 2109 2334 2172 tandem
2389 2108 2500 2170 illa
2542 2109 2789 2170 exstitit
2833 2107 3085 2169 conﬁcti
3135 2109 3279 2171 libri
3329 2110 3566 2187 prioris

263 2218 692 2289 immensitas,
725 2219 774 2278 si
832 2236 974 2295 quae
1028 2236 1202 2279 nunc
1240 2220 1371 2277 toto
1401 2223 1463 2277 et
1486 2216 1659 2295 justo
1694 2214 2061 2275 Eusebiano
2100 2219 2503 2290 syntagmate
2534 2209 2929 2283 continetur,
2959 2209 3257 2289 Epitomc
3296 2208 3566 2275 dicenda

260 2319 395 2379 est?
424 2320 659 2379 Peccat
687 2316 1257 2378 Schurztleischius
1289 2332 1551 2395 quoque
1579 2312 1866 2376 eamdem
1892 2312 2148 2391 quidem
2181 2313 2265 2372 ob
2293 2327 2581 2379 causam,
2615 2310 2722 2371 sed
2756 2311 3021 2389 propius
3050 2319 3262 2372 tamen
3302 2310 3380 2372 ad
3429 2315 3567 2376 veri

258 2421 537 2497 speciem
576 2417 930 2494 contendit,
959 2424 1183 2480 contra
1212 2425 1407 2496 atque
1438 2418 1800 2489 Fabricius,
1832 2415 2115 2493 priorem
2144 2413 2350 2492 potius
2383 2414 2645 2484 librum,
2690 2429 2848 2490 quo,
2880 2419 3038 2475 teste
3067 2414 3459 2495 Hieronymo
3495 2418 3561 2478 in

258 2522 658 2603 praefatione,
690 2522 1007 2582 Eusebius
1044 2521 1227 2600 quasi
1259 2518 1591 2600 quamdam
1618 2517 1947 2578 nmtcriam
1970 2516 2195 2595 futuro
2235 2514 2409 2593 operi
2433 2518 2854 2591 pra-notarat,
2896 2510 3091 2573 fuisse
3129 2513 3282 2575 olim
3316 2513 3562 2581 dictum

252 2628 549 2707 Ἐπιτομήν
574 2636 842 2705 Χρονικῶν
884 2629 1118 2683 Κανόνων
1150 2645 1170 2683 :
1208 2621 1269 2683 id
1303 2623 1473 2702 quod
1526 2620 1735 2683 Suitlaa
1771 2626 1850 2680 ιεε

1965 2618 2141 2678 ionio
2170 2615 2592 2693 comprobare
2648 2612 2898 2690 nititur,
2946 2614 3056 2691 qui
3110 2631 3237 2677 non
3286 2615 3563 2677 duarum

253 2728 556 2792 Chronici
598 2728 877 2805 partium
909 2726 1223 2798 meminit,
1253 2726 1361 2785 sed
1395 2723 1613 2798 refert,
1639 2722 1851 2783 Euseb

1969 2739 1990 2780 ι
2026 2731 2290 2798 Χρονικῶν
2328 2724 2564 2779 Κανόνων
2593 2721 2932 2781 παντοδαπὴν
2963 2727 3222 2797 ἱστορίαν,
3245 2729 3330 2781 καὶ
3363 2728 3567 2781 τούτων

252 2840 508 2910 ἐπιτομήν
554 2829 859 2892 edidisse.
900 2827 1013 2887 Sed
1050 2827 1219 2887 enim
1269 2843 1463 2905 quam
1493 2827 1573 2885 sit
1606 2825 1791 2903 pauci
1823 2823 1943 2883 hoc
1970 2824 2197 2883 saltem
2229 2822 2369 2883 loco
2406 2820 2697 2883 facienda
2727 2820 2935 2883 Suidte
2980 2823 3357 2896 auctoritas,
3394 2823 3565 2885 haud

255 2937 413 2996 satis
455 2936 598 3013 ipse
628 2931 976 3004 intellexit,
1014 2931 1255 3009 quippe
1282 2930 1393 3008 qui
1424 2948 1549 2990 non
1584 2926 2062 2999 animadvertit,
2098 2926 2318 2990 eadem
2370 2926 2477 2987 illa
2525 2926 2605 2987 ab
2632 2924 3124 3003 Hieronymiani
3156 2924 3427 3003 catalogi
3467 2924 3569 2986 in-

257 3044 543 3115 lerprete
588 3034 954 3114 Sephronio
995 3034 1187 3094 verba
1226 3032 1501 3093 describi
1549 3051 1563 3091 :
1609 3048 1752 3109 quas
1787 3028 1950 3092 adeo
1986 3047 2101 3091 nec
2150 3027 2416 3107 majoris
2453 3026 2858 3089 auctoritatis
2892 3042 3031 3087 esse
3067 3027 3337 3103 debent,
3365 3044 3566 3103 quam

251 3140 389 3221 ipsa
418 3140 501 3200 sit
527 3137 702 3216 apud
734 3135 1015 3197 eruditos
1068 3134 1292 3197 Grasca
1350 3132 1717 3201 translatio,
1753 3148 1881 3192 non
1919 3148 2076 3195 sane
2124 3126 2468 3192 admodum
2500 3131 2797 3207 antiqua,
2831 3145 2949 3189 nec
2974 3126 3051 3189 de
3084 3127 3349 3193 meliore
3384 3136 3563 3202 uota,

250 3251 321 3305 ut
352 3243 541 3304 nobis
574 3242 728 3303 olim
761 3244 826 3303 in
852 3244 991 3321 ejus
1019 3243 1316 3305 editionis
1343 3242 1718 3322 prmiatione
1746 3242 2160 3301 observatum
2190 3243 2305 3298 est.
2339 3236 2432 3297 Ad
2459 3236 2592 3298 haec
2620 3236 2727 3297 ille
2756 3241 2817 3297 et
2846 3235 3229 3313 secumipsis
3267 3252 3563 3315 pugnan-

252 3347 339 3408 tia
372 3348 699 3425 loquitur;
728 3364 876 3408 nam
906 3350 957 3408 si
984 3352 1124 3409 erat
1148 3347 1327 3427 prior
1356 3346 1463 3404 ille
1507 3345 1668 3404 liber
1711 3342 2006 3421 Epitome
2048 3339 2517 3402 Chronicorum
2553 3339 2890 3401 Canonum
2947 3336 3081 3415 (qui
3120 3337 3365 3401 scilicet
3410 3339 3564 3419 late,

253 3465 497 3526 perque
522 3465 731 3509 annos
760 3464 1083 3527 expansos
1117 3450 1321 3510 altero
1368 3447 1532 3508 libro
1583 3444 2165 3522 describebantur),
2193 3442 2325 3522 jam
2358 3460 2487 3502 non
2525 3444 2634 3502 ille
2670 3443 2933 3520 grandis
2972 3443 3136 3503 liber
3168 3447 3308 3503 erat
3343 3443 3563 3525 omni-

252 3546 508 3611 modam
550 3547 888 3610 historiam
920 3551 1373 3619 complectens,
1404 3555 1599 3625 atque
1633 3549 1951 3609 universas
1982 3544 2363 3607 eruditionis
2393 3546 2740 3607 thesaurus
2774 3565 2790 3605 :
2832 3545 2966 3617 sed,
2999 3552 3067 3604 ut
3090 3550 3184 3606 est
3213 3544 3559 3622 Epitomu-

253 3668 396 3711 rum
430 3651 765 3726 ingenium
813 3656 1008 3730 atque
1040 3653 1429 3723 institutum,
1465 3651 1835 3728 perexiguis
1872 3648 2057 3710 molis
2092 3656 2286 3727 atque
2316 3666 2530 3727 operm
2568 3648 2849 3719 libellus,
2880 3663 2953 3708 ea
3000 3647 3193 3709 etiam
3235 3645 3312 3708 de
3360 3664 3561 3711 causa

253 3750 399 3811 aliis
448 3750 765 3830 ejusmodi
802 3754 1143 3816 breviariis
1193 3754 1450 3822 exilior,
1483 3750 1655 3829 quod
1690 3751 1843 3812 anni
1874 3751 2148 3829 expansi
2203 3751 2459 3830 penitus
2500 3751 2917 3825 retineantur,
2953 3749 3370 3811 historiarum
3402 3765 3558 3811 vero

253 3869 506 3913 summa
545 3851 757 3932 capita
791 3852 1178 3915 delibentur.
1226 3851 1611 3914 Translucet
1651 3851 2069 3917 nihilosecius
2106 3868 2188 3911 ex
2240 3866 2314 3911 ea
2364 3850 2627 3910 minime
2670 3848 2791 3908 sibi
2830 3852 3165 3909 constante
3210 3848 3558 3919 sententia,

256 3954 385 4015 veri
434 3953 685 4032 species
719 3953 1035 4031 quaedam,
1074 3958 1147 4018 ut
1193 3953 1374 4017 facile
1420 3952 1714 4015 videatur
1766 3952 1875 4013 ille
1923 3951 2210 4031 potuisse
2248 3968 2383 4010 rem
2435 3966 2555 4011 acu
2604 3956 2895 4028 tangere,
2943 3950 3063 4011 nisi
3114 3955 3561 4028 prteconceptn

252 4058 475 4137 Opinio
507 4055 590 4120 de
622 4056 861 4135 duplici
894 4057 1261 4120 Eusebiano
1309 4057 1474 4117 libro
1506 4055 1699 4118 menti
1734 4054 2034 4115 tenebras
2071 4047 2427 4113 offudisset.
2458 4051 2809 4113 Enimvero
2850 4051 2943 4113 sic
2979 4052 3283 4115 existimo
3310 4051 3558 4133 (siqui-

252 4161 394 4235 dem
432 4176 503 4221 re
534 4160 675 4236 ipsa
711 4160 1102 4222 concinnata
1135 4166 1231 4221 est
1277 4158 1387 4220 illa
1424 4156 1752 4236 Epitomc,
1787 4172 1903 4217 nec
1934 4154 2251 4232 suspicari
2305 4154 2479 4226 licet,
2536 4154 2996 4232 interpolatum
3039 4155 3416 4236 Hieronymi
3458 4158 3553 4218 lo-

254 4260 427 4341 cum)
457 4278 589 4325 non
628 4261 823 4325 aliam
854 4277 996 4323 eam
1024 4276 1193 4334 esse,
1227 4275 1422 4336 quam
1452 4276 1597 4337 quae
1630 4260 1690 4318 in
1721 4256 1960 4336 prmia
2005 4255 2304 4318 Chronici
2346 4254 2749 4318 ordinatione
2778 4257 3171 4329 continetur,
3211 4261 3272 4319 et
3314 4257 3561 4319 Hiero-a

254 4379 450 4442 nymo
481 4359 722 4426 dicitur
751 4361 1033 4441 quietiam
1072 4361 1282 4440 futuri
1306 4361 1510 4439 operis
1540 4358 1805 4419 materia
1836 4381 1855 4420 :
1885 4358 2165 4435 denique
2194 4356 2315 4419 hoc
2354 4356 2438 4419 ibi
2475 4357 2660 4420 titulo
2709 4365 3127 4436 praenotatur,
3177 4360 3415 4438 Regum
3462 4378 3567 4421 sc-

252 4466 409 4537 ries,
440 4472 498 4526 ct
534 4472 774 4544 quanto
807 4466 1067 4545 quisque
1109 4471 1382 4542 tempore
1412 4464 1792 4542 regnaverit.
1829 4461 1995 4524 Satis
2031 4466 2153 4535 est,
2193 4468 2261 4523 ut
2293 4458 2467 4538 quod
2495 4462 2705 4522 sentio
2748 4459 3153 4525 verissimum
3191 4461 3446 4538 probes,
3505 4460 3562 4523 si

254 4584 398 4629 eam
431 4567 771 4630 nominum
811 4568 1043 4629 seriem
1084 4572 1589 4641 contextumque
1637 4580 1674 4626 a
1714 4564 1904 4638 Nino,
1933 4563 2013 4624 ad
2051 4562 2547 4625 Constantinum
2582 4561 2785 4624 oculis
2818 4578 3115 4638 usurpes,
3158 4550 3245 4623 et.
3278 4579 3414 4625 rem
3444 4570 3561 4627 tuo

252 4665 462 4744 ipsius
492 4665 761 4742 judicio,
796 4682 924 4725 non
954 4666 1167 4729 aliena
1200 4664 1320 4725 (ide
1353 4666 1653 4728 mstimes.
1687 4664 2022 4725 Neminem
2060 4662 2343 4739 profecto
2372 4664 2653 4727 arbitror
2679 4665 2916 4727 morari
2949 4680 3116 4734 eam,
3151 4680 3299 4741 qum
3325 4682 3361 4731 a
3393 4666 3562 4729 Can-

257 4766 361 4842 gio
396 4765 623 4829 Graece
656 4782 733 4830 ac
781 4766 1010 4828 Latine
1039 4764 1207 4829 edita
1234 4765 1674 4845 οεί,Ἐπιτομήν
1704 4770 1911 4843 χρόνων
1962 4767 2043 4826 ab
2098 4764 2344 4827 Adamo
2388 4766 2471 4828 ad
2519 4766 2823 4829 Alexium
2881 4782 3090 4842 usque
3134 4764 3565 4838 Comneuu‘m.

256 4870 511 4931 tametsi
540 4868 728 4935 titulo
748 4867 1064 4947 prmierat,
1083 4879 1262 4931 Ταῦτα
1298 4874 1500 4946 ἱστορεῖ
1517 4872 1543 4927 ὁ
1577 4874 1854 4947 Καισαριεῦ

1956 4872 2183 4933 ιύσὲϐιος
2210 4871 2237 4927 ὁ
2270 4873 2553 4946 Παμφίλου
2588 4875 2641 4927 ἄν
2663 4880 2738 4946 τῷ
2779 4862 2915 4946 λόγῲ
2946 4870 3002 4934 ὃς
3039 4873 3223 4933 ἐκλήθη
3255 4872 3554 4948 βασιλικὸς,

256 4968 566 5042 Quinimo
602 4974 693 5030 est
726 4968 902 5033 fraus
927 4969 1147 5031 isthmc
1180 4968 1441 5041 indicio,
1474 4985 1693 5031 veram
1726 4968 1852 5030 fuis

1963 4969 2109 5030 olim
2146 4971 2226 5030 ab
2253 4970 2533 5031 Eusebio
2557 4970 2854 5050 Ἐπιτομὴν
2893 4976 3123 5049 χρόνων,
3169 4987 3285 5033 seu
3315 4970 3561 5045 verius,

260 5075 327 5130 ut
348 5069 789 5149 Hieronymus
820 5070 932 5141 ait,
964 5069 1425 5131 Chronicorum
1449 5069 1795 5143 Cortonam,
1820 5071 2290 5133 concinnatam.
2322 5072 2461 5133 Non
2489 5071 2682 5150 igitur
2715 5089 2861 5135 cum
2896 5072 3016 5133 hoc
3048 5074 3337 5147 sentiret,
3360 5073 3561 5139 falsus

260 5170 724 5251 estScaliger:
762 5169 871 5235 sed
908 5172 1131 5251 utique
1183 5189 1329 5233 cum
1362 5189 1431 5233 se
1483 5172 1539 5231 id
1588 5172 1948 5245 sentiendo,
2004 5188 2259 5235 errasse
2304 5174 2722 5247 existimavit,
2754 5178 3018 5236 strenue
3055 5174 3252 5238 falsus
3301 5182 3395 5238 est
3429 5199 3444 5239 :
3502 5183 3569 5239 et

262 5275 525 5354 culpam
556 5275 677 5335 sibi
708 5274 1112 5351 deprecatus,
1148 5274 1211 5333 in
1251 5274 1716 5352 Hieronymum
1752 5274 2172 5349 transferens,
2204 5275 2506 5351 ostendit,
2538 5294 2605 5338 se
2637 5294 2847 5355 neque
2884 5285 3106 5351 antea,
3142 5295 3354 5356 neque
3393 5285 3560 5357 post,

262 5394 526 5440 sensum
557 5375 702 5456 ejus
730 5380 1125 5447 assecutum,
1155 5377 1221 5435 et
1247 5390 1416 5434 novo
1445 5391 1575 5434 non
1609 5382 1735 5435 tam
1764 5391 1829 5436 se
1860 5392 2112 5449 errore,
2136 5390 2331 5452 quam
2359 5373 2420 5433 S.
2460 5375 2796 5437 Ductorem
2829 5377 3070 5456 injuria
3099 5378 3476 5441 cumulavit.

348 5479 497 5538 Fuit
526 5478 663 5540 haec
689 5483 906 5541 autem
949 5476 1253 5537 solemnis
1286 5475 1616 5555 Scaligero
1645 5476 1886 5537 erroris
1926 5491 2123 5538 causa
2174 5474 2236 5535 in
2277 5474 2792 5554 Hieronymiana
2833 5478 3261 5540 translatione
3311 5496 3559 5558 expen-

270 5579 516 5655 denda,
548 5580 723 5659 quod
771 5586 1000 5641 nactus
1046 5579 1346 5641 laciniam
1379 5578 1750 5657 quampiam
1788 5580 1853 5638 in
1890 5577 2155 5649 Griecis,
2212 5595 2359 5656 quae
2399 5578 2643 5642 Latinas
2679 5581 3013 5642 sententias
3063 5586 3415 5662 utcumque
3462 5598 3563 5644 re-

268 5683 639 5761 sponderet,
668 5699 707 5744 e
733 5681 1005 5759 vestigio
1036 5680 1460 5759 pronuntiare
1495 5698 1622 5739 non
1666 5686 1761 5740 est
1794 5680 2061 5752 veritus,
2090 5698 2238 5741 eum
2288 5682 2557 5742 omnino
2588 5682 2801 5743 locum
2857 5683 3081 5760 fuisse,
3120 5700 3327 5763 eaque
3374 5685 3565 5764 plane

271 5788 463 5848 verba
501 5786 565 5846 in
598 5785 970 5847 Eusebiano
1000 5786 1379 5863 exemplari.
1414 5800 1559 5860 qua:
1598 5782 1661 5843 S.
1701 5784 1889 5845 Pater
1932 5784 2162 5845 Latine
2190 5783 2605 5847 refunderet:
2660 5791 2727 5845 ut
2760 5802 2909 5847 cum
2946 5792 3162 5847 tamen
3200 5787 3282 5848 ab
3336 5787 3412 5847 iis
3455 5793 3572 5851 aut

274 5905 499 5962 sensu,
529 5892 645 5949 aut
676 5888 934 5953 nomine
966 5894 1150 5948 tenus
1186 5885 1455 5959 abludit,
1485 5885 1868 5946 conclusum
1904 5892 2030 5958 eat,
2061 5902 2210 5947 eum
2246 5902 2420 5946 nunc
2447 5885 2720 5947 dictandi
2754 5887 3193 5963 prOperantia,
3228 5902 3401 5949 nunc
3426 5887 3566 5949 hat.
