4048 6424
433 351 504 409 93
1848 352 2240 413 ΡΒᾸΞῈᾹΤΙΟ.
3665 365 3735 424 24

433 464 856 543 lucinatione,
894 466 1066 546 quod
1120 467 1438 547 penitiore
1479 472 1729 532 careret
1773 469 2008 532 Graca
2043 471 2283 551 lingua
2317 470 2582 535 scientia
2615 518 2630 550 ,
2664 488 2986 553 peccasse.
3012 475 3222 538 Nolim
3270 494 3390 558 ego
3426 477 3733 559 Scaligeri

433 571 671 635 famam
699 573 1018 646 imminui,
1047 590 1244 653 quam
1272 574 1392 635 sibi
1425 575 1492 635 in
1517 591 1593 638 ea
1621 575 1812 637 etiam
1843 574 2227 637 eruditionis
2261 579 2446 654 parte
2480 576 2651 656 apud
2679 595 2939 639 omnem
2971 581 3410 658 posteritatem
3440 582 3588 660 jure
3625 600 3736 660 pe-

431 674 600 754 perit
632 694 648 734 :
677 675 945 736 ﬁdenter
976 681 1188 737 tamen
1217 675 1348 752 aio,
1377 680 1628 738 tantum
1672 677 1766 737 illi
1797 677 2168 739 Gracarum
2202 678 2563 740 litterarum
2597 680 2829 758 peritia
2872 687 3213 760 prastasse
3241 683 3737 764 Hieronymum,

433 779 754 851 quantum
780 775 837 835 ei
873 773 984 852 qui
1013 773 1306 854 linguam
1337 775 1554 836 multis
1590 775 1723 855 jam
1766 776 2020 838 saculis
2056 777 2440 854 obsoletam,
2476 777 2690 840 studio
2722 779 3021 859 improbo
3045 781 3325 860 edidicit,
3377 783 3488 844 ille
3517 786 3629 863 qui
3662 802 3741 848 eo

432 874 578 954 ipso
613 874 872 946 saculo,
902 891 1182 952 cumque
1214 875 1290 936 iis
1327 875 1510 949 vixit,
1541 877 1775 955 quibus
1803 895 2017 940 sermo
2045 878 2155 940 ille
2185 879 2571 941 vernaculus
2607 878 2746 940 fuit.
2788 881 2867 941 At
2896 881 3299 961 Syncellum,
3347 883 3586 962 inquit,
3627 885 3743 948 ha-

434 977 560 1039 beo
593 977 976 1040 Eusebiana
1006 978 1342 1057 scriptura
1369 979 1834 1060 ﬁdejussorem.
1891 981 1985 1042 Sit
2020 983 2127 1044 ille
2165 981 2423 1062 quidem
2456 982 2616 1044 locis
2653 986 2816 1044 bene
2855 983 3070 1044 multis
3103 1003 3120 1044 :
3153 1001 3308 1046 num
3337 987 3501 1047 adeo
3531 988 3742 1048 omni-

435 1078 582 1152 bus,
606 1081 670 1141 et
695 1080 1048 1141 continenti
1079 1080 1246 1142 serie
1270 1081 1620 1144 Eusebium
1651 1089 1783 1144 κατὰ
1807 1088 1945 1153 λέξιν
1970 1081 2566 1157 descripsit?lmmo
2592 1100 2744 1146 vero
2777 1101 2926 1145 cum
2956 1084 3290 1146 inimicum
3323 1105 3393 1149 se
3422 1087 3515 1148 illi
3541 1086 3742 1168 proﬁ-

433 1193 672 1261 teatur,
707 1189 1041 1266 multaque
1076 1189 1139 1249 in
1171 1188 1347 1252 aliud
1378 1191 1571 1266 atque
1601 1188 1710 1250 ille
1742 1194 1991 1270 tempus
2024 1187 2372 1252 transferat
2395 1233 2410 1261 ,
2443 1189 2691 1250 tametsi
2741 1190 3077 1251 materiam
3129 1191 3211 1252 ab
3257 1207 3335 1252 eo
3386 1190 3738 1256 suffuratus

435 1298 556 1370 est,
589 1292 786 1355 verba
836 1289 1178 1352 identidem
1212 1289 1580 1365 demutarit,
1622 1295 1691 1352 ut
1735 1290 1813 1353 de
1861 1309 1980 1353 suo
2006 1290 2252 1370 aliquid
2287 1307 2488 1354 ausus
2520 1290 2776 1352 tandem
2825 1289 3174 1353 videretur.
3219 1292 3567 1355 Enimvero
3605 1313 3736 1357 non

434 1392 768 1472 Syncellus
798 1390 984 1452 modo
1015 1391 1367 1453 Eusebium
1397 1392 1762 1469 descripsit,
1798 1393 1910 1455 sed
1946 1399 2007 1454 et
2033 1392 2338 1454 Chronici
2379 1392 2708 1454 Paschalis
2735 1399 2964 1455 auctor
2992 1411 3186 1472 sape,
3212 1393 3542 1458 Cedrenus
3564 1397 3743 1476 item,

436 1504 634 1574 atque
669 1493 804 1567 alii,
836 1495 948 1570 qui
977 1499 1188 1556 tamen
1222 1492 1287 1553 in
1321 1509 1451 1555 una
1486 1494 1839 1574 eademque
1875 1493 2211 1557 referenda
2254 1494 2526 1556 historia
2572 1495 2782 1556 verbis
2815 1493 3204 1556 dissentiunt
3254 1498 3422 1558 inter
3467 1515 3560 1561 se.
3601 1500 3743 1562 Non

436 1604 534 1661 est
579 1600 798 1679 itaque
849 1599 1143 1678 deﬁnitu,
1175 1601 1345 1680 apud
1395 1619 1589 1680 quem
1620 1594 1785 1682 p‘ura
1837 1602 2056 1664 dictati
2103 1601 2452 1664 Eusebiani
2493 1603 2764 1677 veritas,
2811 1602 3081 1682 ipsaque
3137 1603 3340 1665 series
3398 1606 3742 1668 verborum

439 1709 718 1781 constet,
769 1709 840 1765 ut
877 1709 1123 1766 certum
1163 1721 1243 1764 ex
1291 1721 1518 1766 eorum
1551 1705 1925 1785 fragmentis
1980 1705 2230 1766 institui
2263 1705 2342 1766 de
2385 1703 2760 1783 Hieronymi
2811 1705 3115 1765 versione
3145 1703 3455 1782 judicium
3493 1707 3741 1783 possit:

437 1803 594 1882 quin
628 1806 844 1883 potius
872 1804 949 1867 ad
997 1805 1296 1868 Latinum
1327 1822 1446 1884 par
1486 1811 1607 1884 est,
1633 1805 1964 1868 dissimilis
2009 1805 2213 1868 Graci
2266 1809 2607 1866 contextus
2659 1803 2848 1865 ﬁdem
2895 1804 3204 1882 experiri,
3239 1810 3309 1866 ut
3359 1822 3505 1884 qua
3537 1807 3740 1886 magis

433 1906 844 1968 translationi
889 1913 1277 1982 consonant,
1315 1906 1683 1970 Eusebiana
1721 1907 1950 1988 potiori
1979 1905 2127 1986 jure
2159 1905 2518 1967 vidcantur.
2558 1907 2840 1977 Possem,
2878 1904 2999 1965 hoc
3025 1904 3223 1984 probe
3263 1905 3742 1984 animadverso,

437 2027 552 2091 per
583 2008 872 2087 singulas
905 2007 999 2067 ire
1031 2007 1518 2068 criminationes
1553 2007 1889 2087 Scaligeri,
1923 2008 2163 2086 quibus
2197 2007 2451 2069 nullum
2481 2005 2882 2068 obtrectandi
2911 2006 3308 2086 Hieronymo
3343 2007 3536 2070 ﬁnem
3568 2011 3741 2086 facit,

435 2117 501 2172 et
537 2127 680 2190 qua
723 2124 1037 2172 conversa
1073 2110 1155 2171 ab
1201 2125 1276 2170 eo
1331 2126 1697 2188 perperam,
1743 2115 1855 2171 aut
1911 2110 2043 2171 alio
2080 2109 2412 2187 explicatu
2461 2105 2900 2186 reprehendit,
2938 2108 3160 2169 Graco
3195 2110 3548 2188 exemplari
3583 2111 3747 2174 ﬁde-

433 2214 628 2287 liora,
662 2218 724 2275 et
750 2212 953 2273 multo
986 2211 1246 2290 quidem
1279 2212 1714 2275 verosimilius
1747 2209 2111 2274 ostendere.
2149 2209 2269 2272 Sed
2303 2215 2364 2271 et
2393 2210 2522 2272 alia
2554 2225 2753 2271 causa
2780 2215 2900 2283 est,
2945 2211 3027 2270 ob
3057 2226 3254 2288 quam
3312 2212 3499 2273 nobis
3532 2230 3741 2276 excu-

436 2315 570 2377 sari
601 2315 664 2375 S.
703 2315 1026 2393 lnterpres
1062 2312 1285 2392 debet;
1331 2318 1562 2374 nactus
1595 2318 1693 2374 est
1747 2313 1917 2372 enim
1959 2309 2401 2372 Eusebianum
2437 2309 2776 2387 exemplar
2833 2307 3075 2370 alicubi
3133 2308 3640 2383 inemendatum,
3674 2316 3748 2374 ut

435 2414 780 2476 manifesto
815 2414 1052 2476 indicio
1087 2413 1277 2474 unius
1322 2413 1674 2475 alteriusve
1707 2411 1833 2473 loci
1882 2416 2138 2472 constat
2169 2434 2184 2472 ε
2223 2427 2433 2488 neque
2465 2409 2524 2471 ei
2560 2409 2742 2470 licuit
2777 2425 2894 2490 pro
2933 2409 3241 2489 temporis
3288 2415 3590 2490 angustia
3645 2413 3749 2476 fa-

438 2535 586 2583 cere
617 2518 898 2580 libraria
935 2518 1282 2597 diligentia
1318 2516 1696 2594 periculum.
1748 2515 1914 2576 Hinc
1947 2530 2140 2591 porro
2194 2512 2302 2574 ille
2349 2519 2531 2574 ortus
2573 2513 2868 2592 Παράδιος,
2917 2512 3029 2591 qui
3059 2513 3136 2574 de
3189 2513 3408 2576 Minoe
3457 2517 3743 2596 scripsit,

444 2638 682 2694 novus,
711 2621 911 2682 immo
941 2621 1419 2682 commentitius
1462 2619 1655 2697 plane
1694 2624 1945 2689 auctor,
1997 2616 2106 2677 sed
2141 2615 2452 2696 Scaligeri
2480 2614 2758 2677 dicteriis
2804 2615 2937 2694 jam
2992 2615 3123 2677 fere
3175 2618 3413 2692 notior,
3442 2635 3638 2696 quam
3685 2621 3740 2682 si

442 2740 599 2786 vere
649 2723 804 2783 olim
833 2722 1208 2784 exstitisset.
1244 2720 1617 2802 Legendum
1653 2719 1850 2781 fuisse
1878 2719 2040 2781 distil

2145 2719 2197 2779 is
2231 2719 2446 2781 verbis
2475 2726 2618 2799 παρά
2665 2725 2812 2789 Διὸς,
2847 2735 2974 2778 non
3017 2717 3410 2795 conjunctim
3449 2726 3742 2804 Παρὰδιος,

439 2841 634 2887 nemo
662 2823 781 2884 ibit
811 2821 1103 2884 inﬁcias:
1153 2821 1343 2882 simul
1375 2827 1590 2884 autem
1621 2821 1902 2898 culpam,
1937 2819 2060 2880 nisi
2095 2819 2147 2879 si
2179 2820 2242 2879 in
2289 2819 2760 2899 Hieronymum
2797 2819 3088 2898 iniquior
3139 2825 3261 2896 est,
3299 2821 3522 2884 Graco
3563 2841 3749 2888 ama-

440 2925 676 2988 nuensi
711 2942 900 2986 nemo
930 2941 1058 2985 non
1089 2923 1381 3002 imputet.
1428 2923 1594 2986 Sane
1628 2927 1700 2985 ut
1727 2924 1874 3003 iste,
1905 2923 1992 2986 ita
2025 2922 2318 3003 plerique
2347 2922 2481 2996 alii,
2512 2922 2622 3000 qui
2661 2922 2726 2983 in
2755 2921 3070 3001 judicium
3111 2933 3451 2999 vocantur,
3502 2929 3746 2990 cateris

452 3028 779 3108 explicatu
807 3024 1199 3088 difﬁciliores
1233 3027 1353 3088 loci
1386 3043 1514 3088 non
1546 3031 1700 3088 sunt
1730 3046 1748 3086 :
1785 3044 1949 3104 quos
1979 3028 2286 3088 nimirum
2333 3026 2786 3100 scientissime,
2842 3027 2983 3107 ipso
3019 3030 3340 3092 interdum
3387 3029 3745 3092 admirante

446 3132 800 3214 Scaligero,
833 3135 928 3192 est
963 3131 1443 3210 interpretatus.
1499 3131 1697 3193 Linea
1735 3129 2046 3192 exciderit
2076 3131 2139 3190 in
2174 3129 2302 3191 fere
2335 3129 2621 3207 protritis
2652 3135 2849 3208 atque
2876 3131 3105 3206 obviis,
3145 3135 3254 3211 qui
3293 3130 3498 3196 ardua
3528 3133 3736 3194 felici-

438 3240 542 3298 ter
577 3251 874 3296 emensus
907 3238 1029 3310 est,
1061 3239 1122 3294 et
1149 3239 1322 3294 recta
1355 3232 1636 3306 incessit,
1672 3249 1804 3310 qua
1839 3231 2020 3294 nulla
2064 3237 2198 3292 erat
2249 3231 2350 3292 via
2372 3233 2400 3290 ‘.’
2450 3231 2578 3292 Nec
2610 3233 3222 3308 pratermittendum
3254 3234 3382 3296 alia
3417 3253 3500 3296 ex
3538 3239 3739 3314 parte,

443 3337 616 3417 quod
655 3355 882 3400 errore
913 3335 1234 3398 interdum
1264 3352 1516 3412 eorum,
1549 3335 1660 3414 qui
1691 3335 2161 3413 Hieronymum
2195 3332 2702 3412 descripserunt,
2748 3332 3065 3396 adversus
3097 3352 3244 3396 eum
3290 3335 3517 3396 nititur
3558 3351 3749 3398 accu-

445 3442 614 3504 satio
646 3459 660 3498 :
709 3439 894 3518 cujus
929 3437 1111 3500 nulla
1141 3435 1300 3499 adeo
1332 3435 1427 3496 vis
1451 3437 1594 3508 erit,
1628 3437 1679 3495 si
1719 3435 2005 3515 pristina
2038 3433 2390 3512 integritati
2430 3439 2700 3494 vexatus
2727 3431 2909 3494 locus
2952 3434 3355 3496 restituatur.
3403 3436 3546 3497 Non
3594 3453 3749 3498 raro

443 3546 662 3604 autem
695 3539 1046 3616 depravata
1081 3537 1395 3617 ejusmodi
1428 3537 1618 3598 lectio
1649 3535 2047 3614 Scaligerum
2079 3533 2325 3606 fefellit,
2355 3535 2464 3612 qui
2500 3534 2692 3597 etiam
2720 3551 2952 3598 cavere
2988 3536 3290 3598 mendum
3329 3556 3475 3600 cum
3505 3545 3748 3620 posset,

441 3647 509 3709 id
537 3646 764 3707 maluit
795 3645 856 3706 S.
896 3645 1264 3724 Interpreti,
1289 3644 1502 3722 potius
1536 3658 1732 3720 quam
1779 3641 2142 3703 scribarum
2190 3641 2459 3703 incuria
2493 3642 2712 3702 tribui.
2759 3644 2838 3703 Et
2869 3651 3163 3708 senserat
3213 3651 3456 3721 tamen,
3497 3650 3749 3712 nullum

440 3751 685 3814 librum
715 3754 809 3812 tot
837 3768 1135 3812 errorum
1169 3749 1471 3811 monstris
1502 3747 1954 3820 deformatum,
1994 3752 2084 3808 tot
2120 3747 2292 3809 vitiis
2327 3748 2623 3820 oblitum,
2659 3754 2789 3809 tam
2839 3748 3205 3828 prodigiose
3237 3751 3748 3814 contaminatum

443 3853 513 3916 in
550 3869 703 3915 suas
736 3869 964 3917 manus
993 3852 1356 3929 devenisse,
1383 3867 1580 3931 quam
1611 3851 1799 3911 erant
1832 3847 2083 3914 codices
2115 3848 2309 3929 hujus
2341 3849 2643 3911 Chronici
2675 3853 2807 3911 tam
2838 3848 3014 3924 editi,
3053 3867 3250 3928 quam
3279 3851 3501 3929 scripti
3541 3872 3556 3911 :
3593 3859 3663 3915 ut
3693 3857 3748 3916 si

444 3955 527 4019 ad
560 3960 796 4018 rectam
833 3955 1084 4017 critices
1124 3970 1417 4015 normam
1451 3951 1694 4032 judicia
1727 3965 1846 4014 sua
1884 3949 2177 4013 conferre
2208 3952 2541 4024 voluisset,
2573 3951 2655 4012 ab
2683 3951 2968 4012 auctoris
2992 3953 3089 4013 sui
3125 3952 3416 4030 partibus
3448 3953 3748 4016 standum

443 4057 539 4117 illi
573 4057 956 4135 plerumque
1003 4061 1196 4131 esset,
1226 4060 1288 4115 et
1321 4055 1397 4115 de
1449 4053 1694 4114 inolitis
1749 4070 1864 4132 per
1918 4053 2447 4132 antiquariorum
2502 4053 2914 4114 oscitantiam
2966 4053 3210 4115 mendis
3265 4056 3746 4133 suSpicandum.

441 4157 738 4237 Denique
783 4167 846 4220 et
892 4174 1080 4219 suum
1120 4157 1544 4235 Hieronymo,
1583 4153 1756 4232 quod
1801 4154 2120 4231 optimum
2172 4152 2535 4229 videbatur,
2596 4171 2800 4231 genus
2852 4153 3316 4233 interpretandi
3369 4160 3508 4215 erat
3561 4175 3577 4215 :
3635 4174 3753 4220 nec

445 4257 720 4317 verbum
749 4257 948 4318 verbo
975 4253 1240 4317 reddere
1277 4253 1440 4314 ﬁdus
1465 4254 1739 4322 curavit,
1773 4252 1882 4313 sed
1915 4252 2112 4314 veluti
2141 4254 2436 4330 captivas
2472 4253 2823 4315 sententias
2848 4252 2996 4330 jure
3028 4253 3486 4333 triumphantis
3520 4256 3584 4316 in
3615 4257 3752 4318 La-

449 4361 659 4422 tinum
707 4358 1039 4421 transtulit
1071 4378 1084 4417 :
1117 4363 1186 4418 ut
1215 4373 1408 4436 porro
1439 4371 1568 4416 non
1598 4354 1675 4416 ad
1707 4354 1895 4429 alias,
1926 4371 2121 4432 quam
2157 4355 2234 4417 ad
2274 4355 2637 4434 pr0positas
2665 4355 2784 4416 sibi
2819 4355 3076 4434 regulas
3107 4355 3210 4416 hic
3242 4357 3382 4436 ejus
3413 4359 3598 4421 labor
3631 4379 3754 4421 (οχ-

448 4463 642 4544 pendi
673 4461 925 4524 debeat.
960 4468 1302 4540 Παραφράζει
1329 4463 1544 4521 autem
1582 4457 1857 4535 sapius:
1894 4463 1956 4517 et
2001 4456 2330 4534 professus
2364 4456 2500 4534 ipse
2530 4460 2626 4516 est
2655 4456 2718 4515 in
2758 4455 2901 4516 libri
2935 4456 3333 4534 prafatione,
3367 4479 3427 4520 se
3456 4471 3511 4522 et
3555 4462 3753 4524 inter-

442 4567 671 4647 pretis,
703 4572 763 4626 et
783 4563 1120 4644 scriptoris
1152 4581 1229 4622 ex
1252 4567 1433 4641 parte
1467 4560 1678 4642 ofﬁcio
1707 4578 1931 4621 usum:
1959 4558 2131 4639 quia,
2171 4559 2410 4637 inquit,
2446 4567 2510 4618 et
2536 4558 2756 4620 Graca
2785 4558 3138 4638 ﬁdelissime
3166 4562 3469 4640 expressi,
3503 4570 3558 4624 et
3593 4553 3754 4623 non-

445 4667 630 4729 nulla
652 4686 786 4747 qua
814 4665 965 4728 mihi
1003 4664 1358 4726 intermissa
1403 4661 1806 4737 videbantur,
1858 4661 2084 4743 adjeci,
2120 4663 2192 4723 in
2220 4663 2502 4723 Romana
2555 4662 2822 4723 maxime
2869 4661 3160 4735 historia,
3207 4669 3392 4744 quam
3440 4665 3755 4726 Eusebius

445 4771 640 4852 hujus
669 4769 961 4831 conditor
986 4767 1161 4845 libri,
1191 4785 1320 4828 non
1354 4775 1478 4827 tam
1507 4768 1854 4846 ignorasse,
1890 4772 2108 4846 utpote
2135 4765 2624 4842 eruditissimus,
2654 4783 2836 4846 quam
2861 4774 2930 4826 ut
2960 4765 3172 4826 Greece
3198 4766 3497 4836 scribens,
3527 4785 3756 4847 parum

443 4873 580 4934 suis
605 4868 1010 4931 necessariam
1041 4866 1518 4948 perstrinxisse,
1571 4865 1724 4930 mihi
1751 4865 2021 4929 videtur.
2056 4865 2278 4944 Itaque
2307 4885 2344 4925 a
2377 4865 2546 4928 Nino
2578 4872 2641 4924 et
2673 4863 2987 4925 Abraham
3020 4873 3220 4944 usque
3241 4865 3322 4926 ad
3361 4867 3570 4947 Trojce
3603 4886 3758 4948 cap—
3861 4939 3868 4944 η

449 4971 761 5037 tivitatem
783 4989 951 5050 pura
977 4971 1193 5033 Graeca
1223 4971 1560 5033 translatio
1596 4978 1706 5031 est.
1741 4973 1793 5032 A
1822 4970 2018 5050 Troja
2045 4988 2236 5050 usque
2257 4970 2337 5030 ad
2362 4970 2724 5030 vicesimum
2751 4970 3164 5032 Constantini
3194 4988 3431 5032 annum
3449 4990 3620 5034 nunc
3645 4973 3757 5034 ad-

447 5075 609 5152 dita,
645 5093 812 5136 nunc
842 5076 1045 5137 mixta
1070 5083 1219 5135 sunt
1242 5075 1544 5154 plurima,
1579 5091 1714 5153 qua
1744 5074 1815 5135 de
1843 5071 2212 5152 Tranquillo
2239 5079 2298 5132 et
2328 5071 2565 5134 cateris
2595 5071 2957 5133 illustribus
2984 5070 3312 5132 historicis
3333 5073 3780 5135 euriosissime'

448 5177 894 5257 excerpsimus.
925 5177 980 5238 Α
1010 5176 1418 5240 Constantini
1452 5184 1660 5237 autem
1688 5175 2058 5255 supradicto
2092 5191 2286 5250 anno,
2327 5191 2520 5254 usque
2550 5173 2631 5235 ad
2660 5173 3061 5235 consulatum
3107 5173 3564 5251 Augustorum,
3619 5176 3756 5238 Va-

446 5280 633 5343 lentis
669 5296 733 5340 Vl
766 5286 821 5340 et
862 5278 1293 5340 Valentiniani
1324 5279 1579 5354 iterum,
1611 5285 1812 5340 totum
1842 5296 2043 5339 meum
2065 5284 2178 5338 est.

522 5382 708 5442 Nunc
737 5380 815 5443 de
844 5398 1044 5459 anno,
1072 5382 1174 5443 cui
1222 5382 1450 5444 Versio
1498 5383 1637 5460 ipsa
1667 5379 2048 5446 ascribenda
2074 5380 2392 5444 videatur.
2426 5382 2715 5462 Scaliger
2752 5398 2870 5462 pro
2897 5385 3074 5443 certo
3109 5381 3365 5458 asserit,
3404 5380 3466 5442 S.
3500 5383 3755 5444 Patrem

450 5482 1020 5563 quadragesimum
1053 5500 1299 5545 nonum
1327 5485 1531 5546 atatis
1562 5499 1696 5546 sua
1728 5488 1882 5544 tunc
1922 5483 2156 5562 egisse,
2192 5484 2492 5562 Prosperi
2527 5483 2966 5544 testimonium
2997 5486 3284 5556 secutus,
3323 5483 3434 5560 qui
3473 5484 3554 5545 ab
3583 5501 3755 5546 anno

440 5583 732 5664 vulgaris
757 5603 903 5648 ara
929 5586 1070 5658 331,
1107 5586 1308 5647 Basso
1337 5591 1398 5646 et
1433 5585 1708 5648 Ablavio
1742 5603 1939 5659 coss.,
1981 5587 2264 5649 natalem
2295 5589 2432 5666 ejus
2481 5587 2650 5647 diem
2701 5586 2955 5663 repetit.
2993 5584 3196 5647 Valde
3231 5592 3447 5648 autem
3479 5594 3630 5649 sunt
3679 5607 3754 5654 ea

444 5687 523 5748 de
552 5705 622 5748 re
652 5686 923 5750 diversa
952 5688 1287 5750 doctorum
1319 5688 1650 5749 hominum
1692 5688 2051 5763 sententia,
2084 5705 2228 5766 qua
2259 5705 2469 5766 neque
2504 5687 2629 5748 huc
2682 5689 3025 5767 pertinent,
3065 5705 3280 5766 neque
3310 5695 3516 5749 rectas
3550 5707 3627 5750 ex
3680 5707 3756 5754 ca

443 5792 631 5868 parte
666 5788 952 5850 rationes
979 5789 1145 5849 inire
1179 5806 1296 5850 nos
1331 5789 1571 5849 sinunt.
1607 5789 1790 5863 Quod
1833 5793 1970 5848 tuto
2005 5787 2332 5851 afﬁrmare
2384 5789 2558 5864 licet,
2614 5797 2969 5869 antequam
3001 5790 3315 5852 Homilias
3343 5789 3641 5870 Origenis
3688 5791 3753 5853 in

435 5887 779 5954 Jeremiam
807 5897 869 5954 et
895 5889 959 5952 in
996 5889 1396 5955 Ezechielem
1427 5888 1506 5954 de
1543 5889 1766 5953 Graco
1795 5891 2070 5989 verteret
2119 5889 2184 5951 in
2233 5891 2558 5970 Latinum,
2616 5893 2789 5956 hunc
2821 5893 3046 5957 eodem
3104 5895 3398 5957 Romano
3429 5893 3610 5956 cultu
3661 5892 3744 5954 li-
