4064 6428
245 330 318 389 25
1703 330 1850 390 ΡΒᾹ

1978 329 2098 389 1⁵10.
2680 324 2688 336 ’
3510 327 3583 387 Ξϐ

245 445 459 507 brum
496 442 870 509 donaverat.
909 443 1319 524 Compertum
1356 445 1477 508 hoc
1503 450 1599 508 est
1631 463 1711 507 ex
1738 446 1987 522 ordine,
2020 461 2213 523 quem
2248 444 2506 505 instruit
2542 445 2679 524 ipse
2720 459 2991 507 suorum
3027 459 3325 524 operum,
3361 445 3570 524 capite

244 544 504 608 ultimo
532 547 680 608 libri
712 548 787 609 de
818 546 990 608 Viris
1018 546 1413 623 lllustribus,
1440 547 1550 608 ubi
1588 548 1882 625 proxime
1912 563 1947 608 a
1979 545 2288 610 Chronico
2342 546 2706 609 omnimodo:
2739 546 3044 620 historiae,
3084 546 3388 610 homilias
3421 547 3567 609 illas

244 654 582 710 recenset.
613 648 943 710 Pertinent
982 665 1133 709 vero
1176 648 1300 709 illae
1333 646 1529 729 (quod
1558 647 1742 708 bonis
1771 664 1891 708 suo
1934 646 2075 707 loco
2107 646 2505 725 argumentis
2537 645 2874 725 evicimus)
2915 645 2992 707 ad
3020 663 3271 708 annum
3308 652 3569 709 trecen-

246 752 564 813 tesimum
594 750 1089 831 octogesimum,
1121 750 1220 811 vel
1248 751 1699 828 insequentem
1739 769 1754 809 :
1794 768 1876 811 ex
1920 767 2052 828 quo
2084 748 2185 811 vel
2223 748 2302 812 ad
2332 747 2630 810 eumdem
2675 748 2857 810 illum
2890 765 3134 810 annum
3165 749 3265 811 vel
3295 748 3373 812 ad
3406 766 3577 830 prte-

244 854 601 917 cedentem
651 855 973 935 proxime,
1014 857 1536 918 trecentesimum
1584 856 2137 938 septuagesimum
2175 872 2443 930 nonum,
2495 854 2911 917 referendum
2944 855 3119 918 hunc
3173 873 3347 933 esse,
3394 854 3582 917 facile

248 957 627 1037 intelligas.
687 958 862 1019 Idem
914 959 1217 1038 colligere
1264 966 1361 1022 est
1395 946 1476 1021 ei
1535 960 1994 1040 chronologica
2045 966 2201 1024 nota
2253 959 2539 1040 epistola:
2569 959 2632 1020 in
2664 963 2886 1023 nostra
2939 960 3319 1022 recensione
3370 958 3450 1019 57
3493 959 3574 1022 ad

244 1061 779 1140 Pammachinm,
809 1062 887 1124 de
922 1064 1165 1142 optimo
1194 1081 1431 1143 genere
1469 1062 1961 1143 interpretandi,
1993 1079 2171 1122 num.
2202 1060 2265 1136 5,
2306 1061 2439 1137 ubi,
2482 1078 2599 1139 pro
2634 1060 2895 1141 vulgata
2940 1061 3213 1124 lectione
3242 1060 3404 1123 falsa
3434 1071 3581 1123 ante

244 1179 462 1222 annos
488 1164 749 1225 circiter
778 1164 1035 1243 viginti,
1071 1164 1561 1228 rescribendum
1611 1164 2012 1239 monuimus,
2045 1170 2189 1224 ante
2225 1180 2428 1223 annos
2476 1181 2590 1237 xv,
2640 1180 2787 1242 qum
2816 1165 3165 1227 numeriete
3192 1171 3359 1225 notua
3392 1162 3580 1225 facile

244 1263 310 1323 in
344 1281 450 1325 xx
481 1264 848 1342 persimiles
888 1262 1256 1343 depravata:
1288 1265 1674 1327 videbantur
1706 1284 1719 1325 :
1760 1264 1820 1323 id
1861 1262 2030 1342 quod
2069 1266 2317 1324 tantum
2345 1263 2553 1339 abest,
2588 1268 2657 1323 ut
2685 1280 2859 1324 nunc
2889 1264 3131 1325 dictum
3170 1279 3575 1337 revocemus,

245 1363 412 1441 quin
449 1364 674 1442 potius
722 1381 917 1441 novo,
945 1371 1016 1426 ut
1044 1366 1211 1426 ratio
1244 1370 1603 1444 temporum
1640 1370 1913 1442 constet,
1942 1364 2193 1427 calculo
2225 1364 2748 1444 comprobamus.
2775 1364 3144 1445 Obganniat
3175 1365 3415 1428 furiose
3448 1384 3569 1428 ue-

246 1465 386 1525 scio
421 1464 579 1542 quis
617 1482 652 1526 e
686 1464 1248 1528 Benedictinorum
1275 1466 1741 1528 Parisiensium
1773 1465 2038 1539 familia,
2074 1482 2307 1526 nomen
2347 1470 2406 1527 et
2438 1482 2624 1527 omen
2656 1465 2899 1528 habens
2937 1466 3515 1529 Frater-Martinus
3546 1487 3565 1527 :

245 1564 371 1625 rite
414 1581 539 1644 per
564 1581 685 1627 nos
714 1566 825 1628 illa
860 1583 1038 1629 anno
1065 1566 1517 1629 trecentesimo
1548 1567 1973 1647 nonagesimo
2001 1566 2229 1645 quinto
2252 1565 2524 1645 epistola
2553 1568 2934 1646 consignata
2971 1575 3092 1644 est,
3129 1572 3192 1630 et
3222 1568 3343 1630 loci
3375 1584 3573 1646 quam

245 1667 729 1745 preposuimus
769 1668 1313 1744 emendationem,
1345 1686 1555 1731 annus
1591 1667 1669 1731 ad
1711 1685 1905 1746 quem
1952 1666 2292 1730 referenda
2340 1667 2608 1729 omnino
2635 1673 2732 1730 est
2762 1668 3064 1732 Chronici
3099 1668 3576 1747 interpretatio,

248 1771 700 1842 verissimam,
728 1787 856 1832 non
896 1771 1135 1850 putidis
1168 1769 1427 1849 quidem
1480 1768 1723 1833 invidia
1772 1770 2079 1843 cerebris,
2115 1769 2222 1830 sed
2259 1768 2424 1831 bene
2472 1768 2857 1831 habentibus
2895 1769 3149 1849 probat.
3207 1769 3393 1831 Brevi
3425 1768 3574 1842 erit,

244 1872 357 1950 qui
396 1872 604 1934 simul
638 1874 856 1936 omnia
887 1874 1171 1955 religiosi
1202 1874 1481 1936 hominis
1509 1871 1841 1936 mendacia
1878 1874 2115 1953 (neque
2150 1876 2322 1936 enim
2358 1874 2533 1953 quod
2566 1891 2682 1936 nos
2714 1878 2985 1955 spectet,
3015 1876 3192 1941 aliud
3223 1874 3354 1937 fere
3387 1874 3470 1936 ab
3497 1888 3577 1934 eo

246 1983 343 2049 est
375 1976 635 2039 chartis
694 1977 953 2058 illitum)
988 1982 1236 2058 relegat
1267 1979 1486 2057 vulgo,
1521 1982 1581 2038 et
1608 1979 1659 2039 si
1698 1994 1829 2056 qua
1861 1977 1953 2039 illi
2008 1977 2183 2039 frons
2210 1982 2499 2054 superat,
2533 1976 2839 2055 pudorem
2872 1978 3165 2039 incutiat.
3210 1976 3340 2037 Nos
3379 1990 3581 2035 unum

248 2079 424 2140 istud
460 2086 746 2159 cogente
778 2081 1113 2159 proposito
1141 2080 1470 2161 attigimus
1505 2100 1520 2140 :
1559 2087 1790 2143 caetera
1822 2079 2027 2157 iniqui
2061 2080 2125 2140 in
2162 2096 2277 2142 nos
2311 2078 2543 2156 simus,
2573 2078 2625 2140 si
2655 2096 2849 2158 quem
2880 2078 3063 2140 nihili
3110 2076 3406 2152 facimus,
3436 2074 3577 2154 ejus

245 2195 646 2242 moveamur
676 2181 927 2243 insanis
963 2181 1566 2252 obtrectationibus,
1605 2186 1668 2240 et
1693 2178 2063 2241 calumniis.

324 2282 423 2343 De
450 2283 809 2361 Prospero,
836 2282 1022 2363 cujus
1052 2284 1603 2346 continuationem
1629 2283 1822 2361 juxta
1852 2286 2181 2362 receptum
2213 2281 2525 2345 hactenus
2565 2283 2882 2345 editorum
2928 2299 3175 2345 morem
3209 2281 3578 2344 subnecti-

244 2400 428 2454 mus,
459 2383 721 2461 praefari
759 2384 924 2445 nihil
948 2401 1110 2461 opus
1146 2388 1263 2444 est.
1294 2383 1775 2464 Prteoccupavit
1801 2384 1965 2445 bene
2003 2382 2205 2443 multa
2232 2383 2551 2442 Pontacus
2582 2382 2648 2441 in
2685 2383 3045 2460 Apparatu,
3092 2399 3289 2461 quem
3325 2397 3571 2443 consu-

244 2480 389 2555 las;
436 2489 575 2543 tum
609 2482 919 2561 pleraque
942 2482 1072 2544 alia
1100 2483 1379 2543 Jacobus
1412 2482 1772 2561 Basnagius
1799 2482 1864 2542 in
1892 2479 2577 2543 Animadversionibus
2607 2480 2669 2540 in
2686 2480 3052 2543 Cbronicon
3077 2481 3219 2559 ejus
3247 2481 3575 2560 integrum

246 2587 438 2643 temo
470 2583 681 2661 primo
717 2582 1155 2659 Antiquarum
1190 2580 1429 2644 Canisii
1460 2581 1834 2643 Lectionum
1864 2603 1881 2657 ;
1929 2579 2207 2658 denique
2243 2580 2329 2641 ita
2366 2578 2611 2641 czeteris
2644 2578 3016 2658 diligentior
3043 2581 3345 2640 omnibus
3377 2576 3573 2657 quid-

247 2686 418 2760 quid
468 2690 613 2746 erat
667 2688 890 2747 uolatu
935 2684 1200 2765 dignum
1255 2683 1609 2762 explicavit
1660 2689 1810 2745 ante
1864 2700 2072 2744 annos
2118 2681 2314 2743 ferme
2359 2685 2603 2760 septem
2649 2678 3106 2743 Amstelodami
3168 2679 3576 2743 doctissimus

250 2787 559 2848 Joannes
595 2785 1216 2865 Vanderhaagenius
1258 2786 1455 2867 (quod
1489 2802 1725 2847 nomen
1762 2803 1952 2846 suum
1982 2783 2247 2859 addidit,
2276 2802 2421 2844 cum
2451 2800 2605 2845 suos
2633 2782 3173 2845 Observationum
3213 2783 3576 2845 Chronolo—

253 2889 567 2967 gicarum
602 2889 817 2957 libros,
836 2888 916 2950 ad
947 2905 1062 2950 nos
1092 2888 1262 2949 dono
1316 2886 1511 2970 misit)
1551 2893 1619 2949 ut
1647 2887 1810 2949 nihil
1842 2888 2028 2948 nobis
2074 2886 2396 2964 reliquum
2450 2884 2691 2946 fecerit.
2744 2886 3359 2965 Przeterquamquod
3394 2904 3580 2965 spec-

247 2996 400 3053 tant
434 2992 551 3054 illa
585 2991 664 3054 ad
717 2993 1112 3070 prepositum
1144 2998 1433 3053 nostrum
1470 3006 1698 3069 parum
1733 3011 1748 3050 :
1787 2996 1848 3053 et
1884 3007 2027 3068 quae
2056 2989 2315 3050 lectoris
2355 2988 2663 3050 intererat
2717 3005 2846 3048 non
2884 2988 3241 3067 ignorasse,
3276 2988 3343 3048 in
3390 2988 3573 3049 Notis

257 3094 338 3153 ad
379 3092 677 3155 eamdem
713 3092 1278 3156 Continuationem
1318 3092 1917 3155 animadvertimus.
1978 3091 2196 3152 Restat
2227 3088 2424 3167 igitur
2475 3087 2897 3167 expendenda
2949 3105 3179 3150 eorum
3229 3087 3570 3162 industria,

250 3197 371 3272 qui
400 3197 469 3257 in
508 3196 933 3274 recensendo,
966 3216 1178 3278 eoque
1208 3198 1413 3278 magis
1460 3193 1845 3257 illustrando
1874 3196 2027 3256 ante
2058 3209 2175 3253 nos
2209 3192 3040 3271 Eusebio-Hieronymiano
3067 3192 3387 3256 Chronico
3412 3210 3579 3273 0pc-

247 3316 395 3361 ram
433 3316 626 3362 suam
658 3301 1084 3362 collocarunt.
1137 3299 1457 3377 Dupinius
1491 3300 1769 3377 primum
1811 3317 1987 3362 anno
2032 3298 2186 3359 1ἵι70
2236 3298 2402 3377 typis
2447 3298 2825 3377 evulgatum
2859 3303 3127 3374 narrat;
3167 3298 3301 3371 alii,
3336 3298 3577 3376 quibus

250 3405 315 3461 et
346 3400 578 3461 malim
608 3401 914 3463 adhibere
945 3401 1158 3478 fidem,
1202 3400 1557 3480 principem
1588 3400 1934 3461 editionem
1987 3416 2132 3462 eam
2166 3399 2413 3474 dicunt,
2444 3417 2591 3480 quae
2635 3415 2811 3461 anno
2854 3399 3028 3466 1M5,
3063 3399 3313 3463 tametsi
3346 3415 3557 3463 annus

250 3510 616 3565 annotatus
662 3522 791 3565 non
821 3509 941 3580 est,
980 3477 1351 3582 Mediolani,
1387 3477 1658 3566 curante
1702 3504 1955 3564 Bonino
2003 3502 2393 3573 Mombritio,
2434 3477 2688 3580 phro'diit.
2748 3502 2908 3564 Eam
2950 3501 3242 3563 Valesius
3273 3517 3572 3578 quoque,

250 3612 487 3685 utpote
524 3606 818 3667 omnium
850 3606 1377 3678 vetustissimam,
1409 3607 1475 3666 iu
1505 3605 1682 3666 Nolis
1713 3603 1793 3668 ad
1828 3605 2088 3667 Eusebii
2120 3606 2473 3668 Historiam
2520 3605 2742 3669 laudat
2775 3625 2790 3665 :
2838 3605 2940 3667 cui
2975 3605 3096 3667 hoc
3126 3607 3318 3667 etiam
3355 3621 3555 3666 acce-

250 3706 342 3769 dit
378 3709 606 3787 pretii,
637 3708 808 3787 quod
847 3725 1015 3786 pone
1039 3708 1271 3769 secutis
1302 3707 1653 3769 editoribus
1691 3707 1910 3785 ignota
1948 3706 2162 3785 fuerit,
2199 3726 2412 3786 neque
2446 3708 2568 3787 ipsi
2602 3706 2888 3769 Arnaldo
2914 3708 3218 3776 Pontaco,
3244 3703 3561 3784 ejusmodi

249 3813 554 3873 codicum
589 3812 952 3891 indagatori
993 3810 1511 3891 diligentissimo,
1558 3810 1625 3871 iu
1672 3810 2017 3873 consilium
2053 3810 2361 3873 adhibita.
2417 3811 2727 3888 Reliquas
2771 3807 2850 3870 ad
2902 3823 3090 3868 suam
3140 3824 3347 3884 usque
3399 3805 3567 3866 idem

249 3915 580 3977 Pontacus
613 3921 972 3987 enumerat,
1004 3914 1434 3995 expenditque
1471 3915 1535 3974 in
1566 3916 1921 3993 Apparatu,
1972 3919 2042 3975 ut
2079 3913 2353 3974 otiosum
2386 3912 2521 3991 jam
2552 3913 2632 3971 sit
2666 3911 2741 3970 iis
2780 3907 3162 3969 reiterandis
3200 3908 3555 3968 immorari.

248 4015 491 4078 Fertur
539 4017 732 4079 etiam
783 4017 1098 4096 Alphonsi
1156 4018 1401 4079 Tostati
1458 4015 1979 4078 Commentaries
2036 4016 2101 4075 in
2158 4014 2419 4076 Eusebii
2472 4014 2866 4084 Chronicon,
2925 4011 3276 4091 Hispanica
3339 4011 3563 4091 lingua

249 4117 564 4195 scriptus,
593 4122 791 4196 atque
835 4116 1043 4179 editus
1083 4118 1390 4197 impensis
1419 4116 1767 4179 cardinalis
1796 4118 2080 4179 Ximenii
2104 4116 2511 4181 Salmanticaa
2541 4133 2714 4177 anno
2745 4115 2918 4188 1506,
2951 4114 3240 4194 quinque
3272 4113 3565 4175 in-Folio

248 4217 563 4289 tomis,de
586 4220 823 4297 quibus
844 4220 998 4298 quia
1022 4237 1138 4281 nec
1152 4220 1363 4282 videre
1389 4220 1572 4281 nobis
1597 4236 1903 4298 umquam
1920 4220 2283 4298 contigerit,
2296 4219 2610 4299 judicium
2630 4236 2823 4297 penes
2838 4235 2947 4280 eos
2962 4218 3072 4297 qui
3097 4217 3376 4297 legerint
3398 4224 3492 4278 est
3515 4237 3557 4276 ι.

327 4321 457 4382 Sed
489 4340 699 4402 neque
719 4322 795 4384 de
816 4324 1184 4385 Pontacena
1211 4323 1492 4385 editione
1517 4324 1658 4403 ipsa
1692 4324 1984 4402 pluribus
2013 4324 2332 4405 agendum
2369 4324 2555 4385 nobis
2581 4329 2703 4400 est,
2739 4324 3061 4402 siquidem
3092 4327 3221 4384 tota
3253 4321 3389 4401 jam
3412 4339 3563 4383 ocu-

245 4421 326 4485 lis
364 4422 661 4502 subjecta
689 4424 985 4487 ﬁdelibus
1018 4425 1393 4505 recensione
1424 4425 1547 4487 hac
1600 4432 1821 4491 nostra
1848 4427 2241 4490 continetur.
2274 4429 2538 4500 Auctor,
2570 4427 2683 4506 qui
2710 4427 3135 4490 Vasatensem
3184 4426 3249 4486 in
3289 4426 3568 4504 Aquila-

248 4527 361 4587 nia
396 4526 777 4606 episcOpum
805 4528 1062 4606 agebat,
1093 4534 1345 4589 tantum
1375 4528 1442 4589 in
1478 4529 1589 4592 illa
1631 4528 1709 4591 ad
1757 4534 2003 4593 veteres
2052 4533 2533 4610 manuscriptos
2579 4530 3086 4611 duodetriginta,
3120 4534 3317 4609 atque
3364 4530 3566 4592 editos

245 4624 501 4703 pridem
532 4632 677 4686 octo
707 4626 904 4687 libros
932 4626 1275 4707 exigenda,
1306 4626 1526 4703 studii,
1558 4628 1892 4702 doctrinae,
1944 4631 2323 4709 laborisque
2377 4632 2654 4709 improbi
2706 4632 3002 4703 contulit,
3041 4635 3111 4691 ut
3140 4629 3349 4693 ausim
3379 4628 3563 4693 afﬁr-

244 4743 456 4800 mare,
490 4744 638 4788 cum
664 4728 843 4789 nullo
880 4729 1249 4808 praeclarius
1286 4736 1548 4791 auctore
1587 4732 1884 4811 antiquo,
1916 4734 1968 4792 si
2008 4730 2196 4793 ﬁdem
2231 4740 2293 4794 et
2328 4733 2759 4813 diligentiam,
2812 4751 2960 4814 quin
3008 4732 3352 4813 praecipuae
3409 4737 3564 4793 sunt
3624 4774 3633 4781 ο

247 4836 472 4907 partes
510 4830 797 4906 editoris,
827 4838 1103 4909 spectes,
1127 4849 1321 4910 quam
1352 4850 1497 4893 cum
1525 4832 1924 4913 Hieronymo
1957 4839 2198 4908 actum,
2221 4842 2294 4896 ut
2321 4837 2513 4914 quale
2545 4838 2698 4899 olim
2727 4838 3077 4918 eXplicavit
3108 4837 3333 4898 Latine
3361 4835 3567 4898 Chro-

247 4930 468 5001 nicon,
513 4932 860 5010 legeretur.
894 4932 1283 4995 Moliebatur
1312 4940 1374 4994 et
1402 4932 1691 5013 Scaliger
1728 4953 1840 5013 per
1871 4934 1934 4995 id
1970 4936 2273 5013 temporis
2312 4938 2658 5000 editionem
2693 4955 2909 5015 suam,
2944 4957 3090 5018 qua;
3118 4938 3251 5017 jam
3285 4939 3562 5000 alterum

246 5030 315 5091 in
352 5048 601 5091 annum
632 5032 1086 5110 premebatur;
1120 5037 1606 5111 etquamquam
1636 5033 1757 5095 hoc
1793 5034 1985 5095 habet
2016 5035 2274 5096 invidias
2306 5036 2687 5114 plurimum,
2734 5038 2905 5115 quod
2941 5038 3317 5099 viderentur
3350 5054 3557 5099 temu-

245 5132 493 5194 latione
530 5133 747 5194 nescio
779 5150 936 5213 qua,
969 5135 1258 5197 eamdem
1284 5142 1559 5217 uterque
1590 5139 1868 5200 subiisse
1901 5140 2296 5219 provinciam
2334 5161 2348 5200 :
2384 5145 2605 5202 essent
2653 5140 2845 5201 etiam
2882 5141 2991 5220 qui
3051 5140 3248 5221 hujus
3290 5142 3351 5204 in
3392 5144 3563 5203 Pon-

246 5240 469 5296 tacum
500 5235 748 5297 animos
776 5245 1086 5300 acuerent
1126 5260 1140 5299 :
1180 5238 1459 5318 denique
1488 5251 1718 5320 sponte
1756 5258 1877 5305 sua
1906 5248 2075 5306 esset
2109 5244 2218 5305 ille
2244 5245 2311 5305 in
2341 5244 2556 5308 aliena
2586 5244 2902 5309 industria
2951 5246 3272 5310 laudanda
3318 5249 3561 5326 parcis-

246 5338 455 5401 simus
493 5359 509 5398 :
545 5338 632 5400 ita
667 5344 881 5402 tamen
916 5342 1220 5418 praeclare
1251 5341 1327 5403 de
1354 5342 1464 5405 illa
1509 5348 1572 5405 et
1609 5344 1949 5423 magnifice
1977 5346 2205 5422 sensit,
2244 5349 2466 5424 totque
2519 5345 2824 5410 laudibus
2882 5348 3143 5410 editoris
3202 5347 3557 5411 doctissimi

248 5440 613 5518 ingenium,
642 5439 854 5515 ﬁdem,
878 5441 1275 5521 diligentiam
1306 5449 1686 5523 prosecutus
1716 5453 1835 5518 est,
1866 5464 2012 5508 cum
2038 5447 2102 5506 in
2135 5450 2665 5512 annotationibus
2700 5451 2860 5526 suis,
2889 5456 3029 5513 tum
3056 5452 3221 5514 datis
3255 5451 3331 5514 ad
3365 5451 3553 5513 Isaac

246 5541 704 5604 Casaubonum
741 5544 1059 5624 epistolis,
1082 5552 1152 5607 ut
1180 5563 1389 5624 neque
1437 5548 1578 5625 ipse
1621 5547 1741 5608 sibi
1772 5554 1997 5625 optare
2037 5549 2357 5611 Pontacus
2402 5551 2796 5613 luculentius
2830 5554 3267 5615 testimonium
3299 5554 3382 5616 ab
3411 5570 3561 5614 sua-

246 5655 388 5702 rum
423 5646 705 5721 partium
744 5644 1003 5708 homine
1036 5649 1371 5727 potuisset.
1405 5647 1684 5723 Videnda
1714 5666 1861 5710 cum
1890 5650 2110 5728 primis
2144 5656 2238 5712 est
2266 5651 2706 5732 Scaligeriana
2736 5655 3008 5733 epistola
3046 5654 3184 5729 10's,
3217 5672 3394 5734 quae,
3427 5656 3554 5715 nisi

250 5742 543 5806 brevitati
580 5746 793 5822 litare,
825 5747 1026 5811 modis
1056 5750 1355 5811 omnibus
1394 5752 1789 5832 propositum
1823 5753 2006 5814 nobis
2038 5758 2230 5832 esset,
2268 5753 2394 5817 huc
2441 5763 2578 5819 erat
2614 5757 2948 5821 referenda
2985 5779 2999 5818 :
3054 5765 3190 5822 tum
3238 5760 3383 5823 alite
3420 5762 3550 5821 tres

248 5844 640 5931 Casauboni,
668 5868 813 5931 qua:
842 5850 985 5931 #50,
1021 5851 1383 5937 529ptg560
1425 5855 1710 5919 numeris
1743 5862 2210 5939 praenotantur,
2261 5864 2333 5921 ut
2378 5876 2524 5938 quae
2557 5860 2698 5939 ejus
2747 5861 2939 5925 fuerit
2979 5864 3254 5944 aquilas
3297 5862 3554 5945 judicii,
