4048 6464
459 353 527 410 si
799 420 810 427 ,
1884 359 2274 419 eamme.
3325 380 3334 393 ε
3684 362 3754 421 se

461 469 876 548 perspiciunt,
933 488 1008 534 ac
1045 488 1240 551 porro
1275 475 1599 538 addiscant
1629 477 1711 537 ab
1743 477 1878 547 illo,
1911 479 2020 557 qui
2057 478 2256 539 nostri
2295 480 2598 560 temporis
2630 481 2911 561 religiosi
2945 481 3239 542 homines
3271 480 3562 543 audiunt.
3623 481 3757 544 Ab-

460 568 668 628 soluta
704 570 958 632 demum
994 583 1090 632 est
1125 575 1484 636 Pontacena
1519 578 1712 637 editio
1739 579 2096 657 Burdigala:
2131 580 2299 640 circa
2338 582 2489 641 anni
2537 581 2688 640 16οἡ
2727 581 2918 642 [luem
2962 607 2977 646 :
3026 585 3162 662 ipse
3194 587 3384 662 paulo
3422 588 3586 666 post,
3621 583 3760 646 sive

461 670 613 730 anni
672 671 1070 749 insequentis
1126 675 1307 735 initio
1360 685 1610 749 auctor,
1645 679 2017 742 Vasatensis
2054 683 2419 760 episc0pus,
2458 700 2836 764 supremum
2865 687 3029 748 diem
3080 687 3260 748 obiit.
3295 686 3452 767 Ejus
3496 704 3761 766 quoque

459 770 604 834 libri
641 774 937 852 exempla
968 781 1078 834 aut
1113 775 1574 857 improsperam
1607 781 1808 841 vicem
1845 782 2130 859 aliquam
2162 785 2525 857 subierunt,
2557 792 2669 846 aut
2697 804 2856 850 sane
2887 805 3209 868 perpauca
3254 790 3410 851 olim
3445 791 3762 870 impressa

461 880 658 936 sunt:
695 877 803 938 vix
836 876 1005 936 enim
1041 895 1239 940 unum
1293 880 1554 958 aliquod
1593 882 1654 941 in
1707 882 1889 945 Italia
1944 886 2297 962 prassertim
2345 885 2465 948 hac
2503 894 2723 950 nostra
2772 889 3094 966 invenias,
3135 889 3306 969 quod
3336 907 3499 952 auro
3537 894 3766 953 contra

463 993 841 1055 comparare
878 980 1107 1057 possis.
1134 980 1498 1058 Quaajnobis
1535 1001 1661 1044 non
1705 985 1928 1046 ultima
1957 1003 2153 1047 causa
2187 986 2326 1058 fuit,
2351 1004 2468 1048 cur
2496 1005 2697 1048 unum
2724 989 2891 1049 nacti
2923 989 2989 1051 in
3022 991 3282 1052 Patrum
3299 990 3768 1052 Theatinorum

469 1085 708 1144 nostris
738 1080 929 1162 hujus
957 1083 1137 1144 urbis
1169 1085 1576 1160 bibliotheca,
1610 1086 1895 1166 illudque
1923 1107 2146 1150 eorum
2202 1090 2508 1150 beneficio
2543 1100 2604 1151 et
2638 1092 3060 1163 humanitate,
3114 1109 3258 1170 quas
3306 1093 3388 1153 sit
3432 1093 3494 1152 in
3532 1108 3772 1152 exem-

470 1184 669 1261 plum,
709 1189 1012 1259 assecuti,
1043 1193 1239 1249 totum
1274 1191 1444 1265 quod
1481 1197 1619 1251 erat
1653 1191 1792 1270 ejus
1823 1193 2119 1254 editionis
2166 1194 2520 1273 proprium,
2559 1200 2939 1273 apparatus,
2983 1197 3460 1268 annotationes,
3500 1197 3564 1257 et
3607 1192 3773 1255 reli-

471 1303 599 1363 qua
632 1286 782 1348 huic
814 1294 1051 1350 nostra:
1081 1296 1145 1349 ut
1189 1291 1590 1364 accederent,
1635 1293 2083 1356 curaverimus
2129 1313 2144 1354 :
2185 1302 2249 1355 ut
2298 1295 2408 1372 qui
2450 1295 2616 1355 hanc
2659 1294 3098 1372 compararit,
3149 1295 3326 1355 illam
3383 1311 3464 1355 ex
3519 1293 3774 1372 integro

478 1388 735 1453 habeat.
786 1423 788 1425 >

564 1493 1064 1555 Postbiennium
1108 1511 1142 1557 a
1180 1497 1542 1559 Pontacena
1577 1497 1810 1576 prodiit
1856 1499 2149 1580 Lugduni
2197 1501 2584 1561 Batavorum
2633 1499 2938 1579 Scaligeri
2976 1499 3195 1571 editio,
3225 1514 3370 1577 quas
3415 1495 3774 1559 incredibili

487 1593 822 1654 doctorum
861 1597 1090 1674 plausu
1124 1606 1389 1675 excepta
1424 1603 1556 1659 est:
1597 1600 1714 1677 ipsi
1755 1609 1970 1661 autem
2003 1600 2225 1664 editori
2268 1620 2393 1663 non
2431 1618 2636 1680 usque
2663 1602 2821 1664 adeo
2855 1604 2986 1662 visa
3018 1606 3115 1663 est
3158 1600 3444 1662 numeris
3475 1598 3778 1660 omnibus

485 1698 811 1774 absoluta,
851 1706 915 1758 ut
943 1700 1249 1760 continuo
1285 1702 1360 1761 de
1393 1703 1498 1762 illa
1539 1702 1912 1764 renovanda
1947 1704 2274 1783 cogitarit,
2316 1722 2434 1766 nec
2471 1703 2549 1765 ad
2579 1710 2975 1784 postremum
3013 1722 3217 1784 usque
3254 1705 3421 1764 diem
3465 1702 3629 1778 vitai,
3663 1701 3778 1779 qui

477 1803 624 1880 post
657 1800 853 1863 ferme
890 1803 1164 1864 alterum
1199 1805 1528 1866 biennium
1559 1806 1852 1886 contigit,
1883 1808 1964 1869 ab
1989 1825 2060 1869 ea
2093 1824 2248 1869 cura
2297 1807 2628 1869 destiterit.
2670 1809 2792 1868 Diu
2821 1811 3035 1868 autem
3070 1811 3233 1885 post,
3273 1805 3409 1868 sive
3455 1821 3629 1868 anno
3661 1801 3781 1862 de-

483 1919 657 1962 mum
698 1902 876 1976 1658,
909 1909 1176 1972 curante
1212 1906 1348 1965 viro
1393 1903 1762 1966 doctissimo
1802 1907 2172 1970 Alexandro
2205 1907 2412 1985 More,
2449 1908 2558 1986 qui
2609 1912 2672 1969 et
2720 1907 3160 1988 prmfationem
3217 1905 3295 1966 de
3342 1922 3462 1966 suo
3514 1901 3776 1976 addidit,

482 2003 942 2064 Amstelodaml
980 2021 1205 2066 recusa
1258 2015 1351 2066 est
1401 2005 1583 2067 tertia
1624 2006 1753 2068 fere
1807 2015 1986 2085 parte
2034 2010 2311 2081 auctior,
2341 2013 2401 2069 et
2437 2025 2742 2086 suprema
2788 2009 3074 2069 auctoris
3107 2023 3302 2068 manu
3357 2005 3788 2081 emendation

485 2103 744 2166 Praefert
776 2105 960 2165 titulo
991 2105 1377 2166 Thesaurum
1413 2115 1754 2186 temporum
1786 2130 1806 2170 :
1839 2127 2048 2187 neque
2078 2126 2234 2170 sane
2267 2110 2616 2171 Eusebium
2669 2107 2882 2180 modo,
2927 2114 2990 2170 et
3018 2108 3485 2187 Hieronymum
3531 2113 3589 2166 et
3621 2107 3786 2166 Pro-

490 2226 779 2285 sperum,
817 2209 924 2269 sed
958 2215 1018 2268 et
1048 2209 1209 2269 alios
1244 2217 1569 2282 auctores,
1601 2213 1680 2271 ab
1716 2212 1786 2271 iis
1819 2211 2123 2274 derelicta
2153 2214 2630 2288 continuantes,
2662 2214 2971 2292 continet,
3008 2212 3327 2274 Victorem
3357 2210 3601 2272 scilicet
3647 2210 3789 2271 Tn-

492 2327 876 2382 nuuensem,
912 2312 1228 2372 Joannem
1276 2313 1759 2388 Biclariensem,
1794 2312 2094 2390 Idatium,
2119 2315 2570 2377 Marcellinum
2619 2319 2939 2393 comitem,
2972 2323 3033 2377 et
3067 2317 3412 2378 barbarum
3445 2315 3627 2374 illum
3664 2330 3788 2373 ex-

490 2419 858 2492 cerptorum
889 2413 970 2476 ab
999 2413 1304 2488 Eusebio,
1344 2418 1415 2474 ut
1447 2414 1701 2485 dicitur,
1738 2413 2068 2487 Africano,
2103 2423 2297 2494 atque
2328 2417 2472 2478 aliis
2518 2424 2812 2488 auctore;
2866 2417 3145 2496 denique
3191 2426 3253 2478 et
3303 2417 3789 2496 lsagogicorum

492 2514 942 2591 Chronologite
974 2515 1308 2577 Canonum
1339 2519 1467 2577 tres
1503 2517 1675 2587 libri,
1708 2521 1931 2594 utpote
1961 2516 2039 2577 ad
2069 2533 2211 2577 eam
2245 2524 2604 2596 temporum
2641 2519 3001 2580 doctrinam
3037 2519 3380 2578 admodum
3414 2513 3790 2590 necessarii,

494 2627 927 2680 accesserunt.
968 2618 1321 2678 Eusebium
1355 2619 1520 2696 quod
1557 2625 1826 2696 spectat,
1856 2625 1918 2680 et
1949 2619 2039 2679 rei
2073 2628 2270 2698 caput
2299 2629 2418 2691 est,
2455 2638 2579 2682 non
2615 2621 2858 2683 dubitat
2899 2622 3324 2700 pronuntiare
3357 2620 3786 2682 Casaubonus

494 2722 750 2800 epistol.
778 2718 921 2795 libo,
955 2721 1205 2780 tametsi
1245 2721 1542 2782 laudandi
1583 2722 1800 2783 animo
1843 2720 2108 2802 (quippe
2141 2722 2251 2799 qui
2288 2723 2621 2783 immodica
2656 2722 3048 2801 Scaligerani
3099 2721 3337 2800 ingenii
3364 2719 3793 2782 admiratione

496 2821 860 2904 tenebatur)
900 2822 1106 2894 illum,
1145 2841 1270 2882 non
1314 2825 1507 2902 quale
1558 2827 1640 2885 ab
1687 2831 1952 2886 auctore
1997 2827 2460 2905 conscriptum,
2515 2827 2650 2890 sive
2691 2829 2773 2889 ab
2809 2828 3205 2906 Hieronymo
3238 2827 3633 2905 publicatum
3667 2831 3792 2898 est,

500 2927 606 2987 sed
644 2926 838 3003 quale
874 2924 1124 3001 concipi
1153 2926 1234 2984 ab
1261 2943 1338 2985 eo
1367 2927 1993 3002 debuit,Cbronicon
2019 2927 2313 2994 edidisse.
2351 2931 2642 2991 Diximus
2678 2931 2798 2993 hoc
2830 2949 2944 2991 nos
2983 2930 3288 3008 Scaligeri
3325 2942 3531 3010 πρῶτον
3570 2929 3794 3006 ψεύδος,

499 3047 630 3107 quo
672 3029 870 3089 voluit
924 3028 988 3087 in
1042 3026 1200 3087 duos
1238 3028 1431 3088 fuisse
1469 3047 1629 3106 opus
1682 3030 1836 3090 illud
1877 3029 2071 3092 libros
2109 3033 2441 3094 tributum.
2483 3033 2577 3092 Ex
2610 3052 2685 3094 eo
2717 3039 2891 3095 certe
2928 3032 3236 3108 consequi
3275 3049 3420 3092 eum
3461 3029 3796 3091 malesana

500 3130 770 3193 consilia
805 3145 1065 3190 necesse
1099 3127 1236 3201 fuit,
1267 3133 1335 3188 ut
1359 3131 1614 3207 scriptis
1645 3130 1930 3203 Eusebii,
1954 3135 2017 3192 et
2042 3131 2415 3212 Hieronymi
2449 3151 2824 3212 numquam,
2851 3138 3074 3210 utpote
3107 3136 3392 3194 veterum
3423 3134 3792 3202 auctorum,

505 3248 760 3295 summa
793 3233 933 3292 sine
974 3232 1281 3309 religione
1327 3233 1702 3305 tractandis,
1740 3232 2040 3310 profanas
2072 3233 2358 3312 injiceret
2416 3253 2670 3307 manus,
2733 3251 3015 3312 suosque
3064 3239 3369 3294 centones
3411 3236 3473 3292 et
3528 3230 3797 3309 ῥαψῳδίας

503 3334 836 3414 splendido
870 3336 1127 3396 illorum
1175 3335 1432 3396 nomine
1475 3334 1851 3395 venditaret.
1907 3335 2154 3395 Piorem
2190 3337 2449 3409 librum,
2485 3341 2551 3395 ut
2603 3336 2972 3396 dicebamus
3030 3335 3094 3395 iu
3149 3333 3376 3393 Latino
3407 3331 3665 3410 quidem
3717 3345 3801 3390 ex

503 3437 745 3496 iteratis
783 3435 1326 3514 interpretationis
1374 3435 1895 3518 Hieronymiana)
1931 3434 2085 3494 locis
2139 3435 2614 3496 consarcinavit
2647 3455 2661 3494 :
2697 3435 2761 3494 in
2818 3436 3044 3497 Grmco
3091 3444 3304 3496 autem
3345 3449 3422 3492 ex
3467 3415 3796 3492 variorum

505 3545 877 3605 auctorum.
918 3539 1251 3615 ipsiusque
1300 3535 1560 3598 Eusebii
1596 3537 1802 3614 longis
1836 3537 2113 3613 laciniis,
2170 3554 2296 3595 non
2329 3552 2408 3596 ex
2447 3536 2765 3598 Chronico
2814 3536 3070 3613 quidem
3125 3536 3246 3596 isto
3282 3549 3504 3614 opere,
3562 3531 3666 3591 sed
3719 3547 3806 3590 ex

505 3639 648 3700 aliis
687 3647 836 3719 puta
890 3639 1388 3716 Praeparatiune,
1426 3655 1502 3698 ac
1545 3637 2104 3697 Demonstratione
2161 3636 2544 3714 Evangelica
2597 3637 2946 3713 expressis,
2999 3635 3332 3696 conﬁnxit.
3386 3634 3647 3697 Miseret
3705 3647 3806 3691 me

508 3740 650 3820 ejus
689 3742 926 3802 laboris
960 3742 1230 3810 inutilis,
1271 3759 1399 3818 quo
1429 3740 1858 3818 praecedentes
1888 3738 2436 3800 Abrahamiticam
2467 3754 2662 3799 teram
2695 3737 2996 3797 historias
3031 3737 3324 3816 procudit
3367 3754 3445 3797 ex
3480 3732 3811 3796 Hebraico

509 3845 866 3922 exemplari
915 3851 974 3905 et
1004 3844 1409 3918 Samaritico,
1450 3851 1866 3920 veterumque
1898 3842 2272 3922 fragmentis
2301 3840 2872 3918 chronologorum,
2913 3838 3352 3912 Manethonis,
3396 3838 3642 3912 Berosi,
3690 3835 3809 3895 Ti-

512 3945 776 4017 mothei,
835 3945 1130 4019 Abideni,
1169 3944 1564 4021 Apollodori,
1616 3943 1962 4004 Alexandri
2017 3943 2436 4023 Polyhistoris
2471 3987 2486 4015 ,
2532 3941 2820 4020 Josephi,
2874 3939 3194 4012 Africani,
3251 3945 3447 4016 atque
3501 3937 3810 4008 aliorum,

511 4051 698 4127 quasi
741 4051 816 4110 de
845 4050 1104 4110 Eusebii
1144 4049 1479 4109 Chronicis
1515 4049 1732 4111 excisa
1765 4048 1916 4108 olim
1954 4046 2250 4118 sarciret,
2291 4063 2437 4123 quas
2469 4061 2676 4123 neque
2716 4049 3011 4122 poterant
3049 4047 3201 4104 tunc
3236 4040 3324 4101 illi
3359 4040 3476 4101 κατ’
3519 4040 3646 4118 ὄναρ
3695 4053 3816 4098 ve-

520 4154 659 4215 nire
691 4155 752 4212 in
789 4158 1087 4215 mentem.
1138 4153 1436 4232 Ejusdem
1469 4169 1660 4230 porro
1694 4151 1837 4211 ﬁdei
1872 4158 2023 4210 sunt
2057 4150 2307 4227 reliqua
2348 4149 2425 4208 ad
2468 4148 2934 4209 Diocletianum
2975 4165 3180 4226 usque
3217 4146 3328 4206 illo
3358 4156 3628 4226 Χρονικῶν
3669 4145 3817 4222 λόγῳ

524 4263 722 4336 πρώτῳ
754 4259 1082 4328 contenta,
1128 4263 1324 4332 atque
1359 4272 1439 4316 ex
1477 4253 1621 4315 aliis
1674 4255 1902 4332 printer
1938 4251 2232 4314 laudatos
2281 4252 2677 4322 auctoribus,
2732 4267 2810 4312 ac
2861 4251 3038 4311 libris
3082 4248 3468 4326 quibusdam
3526 4245 3814 4307 nondum

524 4359 798 4436 vulgatis
835 4358 1178 4436 descripta,
1218 4375 1363 4436 qum
1418 4363 1544 4418 tam
1584 4358 1772 4433 longa
1807 4353 2164 4432 digestione
2209 4359 2566 4432 temporum
2606 4357 2803 4429 atque
2859 4351 3274 4412 historiarum
3317 4352 3654 4424 contextu,
3706 4347 3817 4408 vix

525 4479 727 4522 unum
762 4462 1044 4539 aliquem
1079 4478 1331 4522 versum
1374 4479 1519 4520 vere
1545 4459 1983 4522 Eusebianum
2015 4459 2373 4521 continent.
2402 4457 2626 4519 Graeca
2660 4456 2924 4518 alterius
2962 4472 3154 4533 quem
3184 4457 3372 4518 vocat
3406 4453 3551 4514 libri
3581 4453 3819 4532 (quan-

529 4570 878 4649 doquidem
912 4569 1013 4629 hic
1047 4586 1218 4630 unus
1251 4574 1341 4628 est
1377 4568 1459 4628 ab
1496 4566 1776 4628 Eusebio
1810 4565 2258 4640 elucubratus)
2291 4563 2602 4640 pleraque
2638 4561 2857 4622 omnia
2884 4560 3166 4638 genuina
3197 4557 3397 4620 videri
3427 4561 3721 4635 possunt,
3759 4554 3815 4613 si

523 4691 672 4736 cum
703 4673 929 4734 Latina
964 4669 1496 4748 interpretatione
1534 4671 1991 4746 comparentur
2025 4686 2040 4723 :
2080 4673 2142 4727 et
2188 4657 2618 4742 sane'magna
2670 4663 2940 4722 debetur
2984 4659 3312 4739 Scaligero
3352 4661 3555 4737 gratia
3586 4656 3706 4716 hac
3750 4655 3817 4716 in

524 4782 732 4854 parte,
767 4776 938 4853 quod
975 4773 1313 4833 restituere
1350 4771 1558 4850 ipsum
1588 4771 2032 4831 Eusebianum
2071 4773 2320 4830 textum
2365 4783 2480 4845 pro
2515 4764 2682 4826 virili
2719 4762 3142 4826 contenderit.
3182 4762 3291 4822 Est
3326 4768 3541 4822 tamen
3585 4760 3647 4818 in
3696 4756 3817 4822 huc

525 4880 716 4940 etiam
755 4881 1081 4954 peccatum
1119 4874 1200 4933 ab
1227 4889 1303 4932 eo
1335 4873 1592 4949 sapius,
1622 4872 1791 4948 quod
1833 4870 2078 4931 vitiosis
2127 4871 2471 4934 admodum
2525 4865 2920 4946 apographis
2974 4883 3129 4926 usus
3190 4864 3268 4925 sit
3317 4881 3460 4924 cum
3515 4859 3821 4942 Syncelli,

524 4983 661 5042 tum
699 4977 999 5042 Chronici
1033 4975 1478 5052 Alexandrini,
1506 4992 1652 5053 qua)
1679 4978 1811 5035 tum
1847 4975 2154 5052 temporis
2191 4973 2476 5034 nondum
2527 4976 2713 5030 erant
2750 4969 2988 5049 publici
3036 4967 3200 5047 juris
3255 4965 3444 5035 facta,
3480 4972 3676 5041 atque
3712 4961 3827 5022 illo

531 5080 912 5160 praesertim,
951 5077 1122 5156 quod
1153 5076 1350 5138 fuisse
1398 5077 1631 5154 raptim
1671 5082 1731 5136 et
1782 5077 1982 5136 multo
2019 5076 2488 5138 inemendatins
2523 5074 2658 5134 sive
2689 5090 2724 5134 a
2761 5071 3170 5142 Casaubono,
3209 5072 3343 5131 sive
3382 5068 3465 5130 ab
3515 5068 3658 5128 aliis
3709 5065 3830 5126 de-

526 5184 861 5263 scriptum,
915 5182 1169 5243 Goarus
1215 5180 1279 5239 in
1311 5177 1591 5239 editione
1639 5195 1756 5240 sua
1792 5177 1945 5238 locis
1999 5179 2162 5240 bene
2209 5176 2425 5237 multis
2463 5175 2701 5235 docuit.
2763 5174 3081 5234 Praeterea
3131 5171 3257 5232 huc
3292 5169 3483 5230 etiam
3539 5166 3832 5242 Scaliger

533 5285 825 5367 quasdam
865 5283 1105 5351 retulit,
1151 5298 1296 5360 qum
1344 5280 1604 5341 minime
1634 5281 1925 5342 omnium
1973 5279 2325 5341 Eusebium
2361 5284 2690 5339 auctorem
2725 5275 2984 5337 habent.
3027 5272 3121 5332 Ex
3162 5272 3260 5332 his
3294 5276 3445 5332 sunt
3480 5266 3827 5330 consulum

529 5391 713 5471 paria
741 5404 1136 5466 unoquoque
1165 5402 1363 5456 anno,
1399 5403 1546 5462 quas
1593 5384 1789 5446 fuisse
1833 5385 2024 5446 etiam
2071 5383 2152 5444 ab
2178 5383 2577 5459 Hieronymo
2603 5377 2694 5440 ad"
2717 5377 3007 5439 Grmcum
3037 5375 3370 5452 exemplar
3401 5389 3526 5432 non
3559 5373 3620 5430 in
3673 5387 3831 5428 ver-

538 5495 721 5554 sione
757 5508 875 5552 sua
913 5496 1183 5557 tantum,
1217 5489 1324 5549 sed
1355 5495 1416 5548 et
1442 5487 1930 5550 continuatione
1955 5486 2224 5547 ﬁdeliter
2255 5489 2592 5549 annotata,
2625 5498 2660 5542 a
2691 5480 3055 5542 breviatore
3085 5483 3297 5538 autem
3328 5476 3438 5536 illo
3457 5471 3822 5551 ορατ-ἱεμιυί

534 5596 612 5657 de
641 5595 847 5672 capite
883 5599 1064 5652 ortus
1101 5609 1220 5652 suo
1243 5598 1361 5666 est,
1395 5592 1799 5664 detruncata,
1840 5595 1910 5651 ut
1951 5590 2259 5670 pleraque
2296 5589 2448 5661 alia,
2502 5583 2850 5649 contendit.
2899 5582 3028 5642 Nos
3063 5583 3133 5640 ut
3163 5597 3230 5639 se
3264 5578 3525 5638 occasio
3559 5573 3836 5654 praebuit

536 5698 599 5757 in
625 5696 829 5765 notis,
864 5693 1142 5752 maxime
1177 5709 1331 5754 vero
1360 5692 1423 5751 in
1459 5691 1766 5770 prooemio
1803 5690 1877 5752 ad
1925 5708 2066 5769 pag.
2094 5690 2200 5763 79,
2234 5687 2420 5748 bonis
2451 5686 2848 5764 argumentis
2893 5679 3227 5752 evicimus,
3262 5677 3422 5741 adeo
3453 5695 3582 5737 non
3635 5673 3837 5736 fuisse

538 5814 847 5878 umquam
881 5797 961 5856 ab
1009 5795 1313 5870 Eusebio,
1345 5813 1552 5874 eoque
1586 5795 1798 5855 minus
1836 5794 2258 5872 Hieronymo,
2298 5794 2567 5860 attexta,
2609 5794 2676 5848 ut
2713 5805 2924 5864 neque.
2967 5801 3082 5864 per
3117 5784 3260 5846 libri
3305 5781 3705 5864 propositum
3767 5778 3834 5839 id

535 5903 848 5966 licuisset.
896 5899 1186 5978 Denique
1215 5900 1344 5962 alia
1371 5898 1795 5962 Collectaneis
1827 5897 1950 5957 illis
1983 5895 2118 5957 suis
2147 5893 2385 5956 Graecis
2418 5891 2695 5966 inf-trsit,
2726 5906 2871 5969 quae
2899 5905 3018 5950 nec
3055 5887 3286 5952 veteris
3319 5884 3596 5962 alicujus
3629 5879 3836 5958 scrip-
