4064 6446
243 385 315 439 ΞΩ
1694 383 2081 439 ΡΒᾹΞΡᾹΤΜ.
3306 392 3317 399 ⁴
3496 378 3565 434 30

246 500 411 559 toris
450 505 643 569 sunt;
683 498 883 565 illam,
908 500 1197 575 inquam,
1233 496 1497 576 Ἰστοριῶν
1532 508 1844 577 συναγωγὴν

1982 498 2364 578 Ὀλυμπιάδων
2392 505 2715 579 ἀναγραφήν,
2738 517 2931 577 quam
2963 506 3130 561 recte
3157 497 3396 576 pridem
3428 497 3570 559 ani-

242 599 751 661 madverterunt
782 600 1010 660 eruditi
1052 599 1189 669 viri,
1244 599 1437 660 fuisse
1482 601 1564 660 ab
1601 602 1739 676 ipso
1789 599 2113 678 Scaligero
2164 600 2495 662 collectam
2552 600 2995 679 digestamque
3057 620 3137 662 ex
3183 601 3379 664 variis
3418 618 3564 662 cum

242 704 479 777 editis,
520 711 655 764 tum
689 701 945 763 ineditis
980 701 1427 779 scriptoribus,
1464 719 1590 761 nou
1645 702 1882 762 Grzecis
1916 702 2129 780 modo,
2169 704 2275 764 sed
2315 705 2504 765 etiam
2550 703 2819 773 Latinis,
2867 723 3145 783 quorum
3178 705 3319 767 loca
3350 704 3569 767 Greece

244 808 605 869 convertit.
648 808 858 887 Atque
888 807 1021 868 haec
1057 806 1314 884 quidem
1347 807 1694 867 Eusebiani
1739 808 2037 869 Chronici
2078 809 2141 868 in
2196 809 2610 887 Scaligerana
2659 809 2937 869 editione
2976 810 3194 882 facies,
3234 809 3337 869 cui
3376 823 3565 887 repa-

244 908 477 970 tandm
505 913 741 987 printer
779 908 1037 968 heroem
1068 908 1246 968 illum
1284 925 1499 986 parem
1530 910 1853 970 exstitisse
1882 911 2229 987 neminem,
2263 911 2689 973 Casaubonus
2721 910 2908 985 dixit,
2942 913 3075 990 ipse
3105 912 3180 972 de
3210 930 3277 972 se
3302 911 3567 973 minimo

246 1009 474 1069 minus
528 1008 862 1086 professus
900 1016 1017 1069 est.
1086 1010 1157 1070 in
1197 1012 1361 1070 notis
1419 1028 1580 1087 quas
1639 1029 1794 1073 sane
1848 1012 2079 1090 adjecit
2118 1015 2669 1077 luculentissimas
2733 1014 3184 1095 (Casaubonus
3240 1020 3423 1077 vocat
3476 1018 3567 1076 tot

246 1114 534 1189 θεῖ-ἇματαδ
571 1118 680 1171 aut
722 1128 853 1171 suae
887 1111 1224 1190 hypothesi
1262 1110 1640 1183 veliﬁcatur,
1675 1120 1785 1173 aut
1816 1114 1983 1191 quod
2022 1115 2254 1188 smpius
2296 1115 2466 1188 facit,
2508 1134 2608 1177 res
2660 1120 2891 1177 tractat
2937 1116 3248 1189 eruditas,
3283 1133 3400 1177 nec
3438 1114 3566 1176 nisi

245 1214 293 1273 si
322 1213 599 1275 occasio
626 1212 889 1274 daretur
908 1214 1295 1291 obloquendi
1328 1214 1856 1295 Hieronymiante
1888 1217 2427 1296 interpretationi,
2454 1220 2722 1278 multum
2750 1218 2824 1279 de
2855 1220 3139 1281 auctoris
3172 1219 3267 1279 sui
3292 1218 3569 1279 lectione

246 1315 688 1393 expendenda
723 1316 799 1375 ad
834 1322 1081 1383 veteres
1122 1317 1345 1392 libros,
1379 1334 1540 1393 quos
1579 1322 1809 1395 prresto
1855 1317 2077 1379 habuit
2116 1320 2373 1398 optimm
2406 1328 2568 1383 nota:
2598 1322 2756 1383 duos
2794 1328 3022 1400 praeter
3053 1322 3567 1403 Bongarsianum

243 1416 641 1495 majnsculis
693 1420 919 1481 litteris
970 1421 1306 1498 scriptum,
1357 1428 1417 1483 et
1450 1422 1642 1499 longe
1675 1424 2211 1497 vetustissimum,
2246 1425 2557 1487 sollicitus
2613 1426 2750 1487 fuit.
2803 1426 2970 1500 Quin
3031 1426 3149 1487 hoc
3181 1426 3388 1505 ipsum
3445 1423 3566 1486 sibi

247 1520 655 1597 palmarium
695 1522 877 1583 duxit
906 1523 1202 1599 superius
1234 1522 1497 1584 laudata
1537 1523 1721 1602 epist.
1754 1522 1892 1598 iO'i,
1916 1524 2026 1584 ubi
2056 1541 2237 1585 suam
2270 1543 2415 1585 cum
2448 1527 2812 1588 Pontacena
2847 1525 3123 1585 editione
3153 1540 3563 1603 comparans,

255 1624 411 1698 Nos,
449 1624 696 1702 inquit,
730 1624 857 1686 alia
897 1625 996 1685 via
1034 1625 1309 1704 grassati
1348 1625 1639 1687 codicum
1682 1626 1865 1686 [idem
1904 1646 2259 1705 numquam
2300 1629 2418 1690 nisi
2468 1630 2529 1690 in
2569 1649 2637 1691 re
2668 1629 2931 1708 ancipiti
2970 1629 3390 1707 imploramus
3445 1646 3460 1686 :
3502 1628 3567 1689 in

245 1725 398 1798 illis,
429 1742 589 1802 qua:
620 1731 682 1785 et
715 1726 891 1801 pueri
934 1724 1165 1795 sciunt,
1202 1726 1366 1786 male
1390 1724 1583 1786 horas
1616 1726 1918 1787 collocari
1957 1734 2281 1804 putamus.
2317 1728 2608 1805 Denique
2656 1728 2813 1788 nihil
2850 1728 3337 1789 estdissimilius
3367 1742 3562 1805 quam

244 1828 444 1890 editio
477 1836 712 1890 nostra
744 1827 1185 1905 Aquitanicae;
1216 1832 1277 1887 et
1308 1832 1518 1887 tamen
1551 1827 1687 1903 illa,
1720 1834 1786 1888 ut
1815 1828 1972 1899 dixi,
2013 1831 2207 1899 vivet,
2255 1831 2406 1906 quia
2456 1830 2721 1890 mendas
2760 1830 3170 1909 superiorum
3208 1830 3559 1891 editionum

241 1930 550 2002 sustulit;
585 1936 645 1991 et
682 1936 901 1991 nostra
939 1946 1198 2007 quoque
1238 1947 1365 1989 non
1404 1929 1641 2001 minus,
1678 1930 1829 2005 quia
1860 1948 2114 1991 errores
2148 1938 2509 2011 temporum
2543 1932 2838 2010 castigat.
2869 1931 3117 1993 Revera
3147 1932 3379 2007 quibus
3434 1945 3563 1992 una

241 2032 555 2093 laudibus
591 2029 904 2103 abundat,
939 2031 1140 2092 altera
1175 2030 1303 2090 fere
1340 2032 1595 2109 penitus
1647 2034 1868 2091 caret:
1921 2035 1991 2092 ut
2041 2050 2252 2109 Operae
2289 2033 2567 2112 pretium
2617 2033 2869 2103 fuisset,
2913 2034 3190 2095 conferri
3228 2033 3568 2111 utriusque

236 2132 511 2193 editoris
543 2130 759 2192 studia
801 2132 878 2191 ad
919 2147 1112 2191 unam
1148 2129 1598 2209 perﬁciendam
1634 2130 1923 2191 numeris
1953 2134 2253 2192 omnibus
2306 2135 2691 2194 absolutam.
2745 2135 2833 2193 De
2878 2134 3289 2213 Scaligerana
3349 2138 3566 2195 tamen

237 2234 305 2294 in
345 2237 747 2295 universum
780 2236 830 2293 si
862 2239 1007 2312 quis
1038 2249 1072 2293 a
1109 2250 1210 2291 me
1246 2236 1519 2311 quaerat,
1555 2230 1707 2308 quid
1758 2250 1836 2291 ex
1869 2232 2064 2293 animi
2097 2233 2413 2294 sententia
2441 2232 2743 2311 judicem,
2778 2251 2919 2296 eam
2962 2252 3104 2312 ego,
3140 2233 3386 2294 tametsi
3426 2232 3568 2293 for-

236 2343 419 2396 tasse
471 2335 719 2397 durum
764 2335 1088 2411 a’iquibus
1142 2334 1477 2401 videbitur,
1517 2333 1735 2391 haberi
1769 2330 1934 2393 infra
1963 2334 2394 2393 Pontacenam
2446 2333 2652 2392 velim.
2704 2333 2865 2393 Illud
2907 2334 3238 2407 nimirum,
3266 2332 3436 2407 quod
3467 2331 3566 2391 af—

236 2438 524 2500 fectabat
559 2439 847 2515 Scaliger
873 2454 1146 2515 regnare
1186 2438 1246 2494 in
1282 2436 1531 2503 litteris,
1574 2439 1773 2512 utque
1802 2434 1921 2511 ipsi
1982 2438 2274 2494 notatum
2329 2435 2717 2497 Casaubono
2748 2438 2867 2505 est,
2906 2435 3157 2494 volebat
3189 2434 3403 2493 omnia
3444 2451 3561 2497 sua

238 2556 412 2601 nova
455 2540 669 2600 videri
702 2538 890 2597 etiam
930 2537 1403 2607 eruditissimis,
1439 2538 1505 2596 in
1536 2552 1733 2597 causa
1768 2535 1910 2612 fuit,
1944 2554 2063 2598 cur
2092 2538 2156 2595 in
2188 2537 2437 2599 divorsa
2471 2538 2596 2597 alia
2632 2539 2714 2599 ab
2742 2538 3025 2599 auctoris
3058 2538 3155 2597 sui
3190 2540 3400 2598 mente
3428 2536 3568 2597 ahi-

233 2650 358 2718 ret,
395 2659 797 2720 erroresque
824 2642 941 2701 sibi
977 2643 1267 2721 gigneret
1301 2638 1492 2716 longe
1531 2636 1978 2715 gravissimos.
2013 2637 2139 2697 Nec
2165 2636 2296 2715 jam
2334 2637 2475 2697 dico
2506 2638 2583 2698 de
2617 2636 2772 2697 falsa
2803 2636 3151 2697 Eusebiani
3184 2640 3563 2715 syntagma-

238 2743 314 2802 tis
346 2743 759 2818 oeconomia,
788 2749 849 2804 et
877 2742 1314 2821 suppositione
1349 2738 1549 2799 Greeci
1588 2743 1799 2797 textus
1832 2738 2111 2799 maxima
2152 2756 2232 2797 ex
2267 2745 2445 2816 parte
2481 2759 2495 2798 :
2533 2741 2643 2799 vix
2680 2738 2809 2801 ulla
2852 2736 2990 2816 ejus
3028 2735 3560 2798 annotatiuncula

238 2840 386 2917 fuit,
422 2844 491 2903 in
527 2861 665 2922 qua
703 2861 829 2903 non
869 2843 1112 2920 aliquid
1148 2848 1316 2903 esset
1363 2840 1533 2919 quod
1570 2839 1766 2900 refelli
1818 2844 2166 2919 Oporterct,
2202 2846 2265 2900 et
2293 2842 2621 2920 castigari,
2657 2842 2790 2902 sive
2823 2839 2994 2918 quod
3032 2841 3168 2918 ipse
3217 2841 3279 2899 in
3335 2854 3558 2899 errore

239 2952 658 3021 versaretur,
685 2946 819 3006 sive
853 2944 1020 3021 quod
1053 2944 1211 3005 falso
1242 2944 1480 3003 crimen
1518 2942 1892 3002 auctoribus
1930 2942 2063 3002 suis
2096 2941 2499 3020 impingeret.
2562 2945 2641 3003 At
2677 2962 2829 3005 vero
2860 2944 2909 3002 si
2936 2944 3082 3021 quis
3119 2943 3261 3002 inde
3298 2942 3561 3002 conclu-

237 3065 384 3106 sum
411 3055 556 3121 eat,
587 3047 941 3109 faciendam
975 3047 1179 3123 parvi,
1222 3063 1451 3121 meque
1485 3043 1645 3104 adeo
1678 3044 1859 3123 parvi
1894 3042 2103 3105 facere
2147 3044 2507 3105 doctrinam
2540 3052 2737 3123 atque
2790 3045 3169 3105 industriam
3228 3044 3562 3123 Scaligeri,

236 3163 340 3206 me
371 3146 487 3206 ille
524 3147 774 3205 minimi
806 3146 1131 3207 faciendus
1184 3148 1283 3205 sit.
1324 3145 1612 3205 Demiror
1647 3162 1800 3222 ergo
1843 3162 2165 3204 summum
2206 3145 2342 3223 ejus
2401 3147 2758 3225 ingenium,
2793 3147 3107 3225 valdeque
3160 3147 3440 3224 suspicio
3498 3146 3559 3206 in

238 3248 427 3324 ipsis,
468 3265 644 3325 quas
675 3248 1073 3325 reprehendo
1101 3247 1710 3309 hallucinalionibus
1736 3267 1753 3319 ;
1784 3254 1843 3307 et
1872 3247 2037 3306 haud
2073 3248 2235 3319 scio,
2262 3265 2413 3308 num
2455 3251 2544 3309 illi
2579 3251 2749 3310 inter
2776 3268 3030 3326 omnes,
3072 3267 3200 3310 non
3232 3249 3419 3309 modo
3446 3248 3557 3324 qui

240 3356 623 3427 temporum
658 3350 1015 3411 doctrinam
1049 3350 1470 3425 tradiderunt,
1504 3352 1609 3411 sed
1648 3351 1956 3428 prazelare
2000 3352 2077 3411 de
2114 3353 2345 3413 litteris
2381 3355 2440 3413 in
2472 3357 2876 3419 universum,
2908 3355 3112 3433 deque
3144 3371 3366 3415 earum
3399 3370 3561 3411 uno-

241 3467 523 3527 quoque
555 3466 791 3528 genere
829 3458 1226 3524 meruerunt,
1258 3450 1522 3512 inﬁnitae
1552 3452 2008 3531 prepemodum
2061 3453 2377 3521 lectionis,
2420 3456 2575 3515 tanti
2612 3462 2873 3534 tamque
2906 3458 3073 3517 aeris
3109 3456 3331 3533 judicii
3365 3454 3554 3515 laude

243 3574 476 3637 parem
504 3556 690 3618 facile
712 3556 1022 3616 invenies.
1056 3556 1535 3636 Ipso,inquam,
1565 3557 1822 3615 minime
1853 3558 2644 3636 exceptoPetavio,qui.ut
2668 3578 2793 3620 non
2816 3561 3134 3619 immerito
3163 3560 3558 3635 Scaligerum

242 3664 489 3741 saepius
528 3662 1036 3741 reprehenderit,
1068 3679 1322 3742 semper
1353 3670 1562 3722 tamen
1599 3663 1960 3734 immodice,
2002 3668 2223 3723 contra
2253 3668 2447 3741 atque
2494 3662 2631 3741 ejus
2666 3663 2858 3724 etiam
2914 3664 2975 3723 in
3017 3664 3196 3724 hoste
3226 3660 3550 3722 laudanda

242 3768 462 3828 virtus
500 3767 894 3837 merebatur,
930 3764 1222 3826 invectus
1256 3771 1392 3826 est:
1424 3765 1605 3842 cujus
1656 3764 2323 3827 animadversionibus
2378 3766 2568 3826 simul
2610 3766 2908 3826 omnibus
2963 3770 3025 3825 et
3073 3765 3251 3825 libris
3292 3762 3560 3822 nimium

245 3876 578 3945 quantum
619 3885 744 3929 una
772 3868 882 3928 illa
918 3865 1133 3929 divina
1168 3868 1443 3928 Juliante
1493 3867 1733 3946 periodi
1784 3869 2182 3929 constructio
2233 3874 2426 3944 atque
2460 3870 2791 3927 inventum
2834 3867 3157 3945 przevalct.
3198 3866 3398 3937 Alios,
3448 3865 3559 3942 qui

247 3969 667 4049 Scaligerum
697 3969 1123 4049 castigarunt,
1160 3971 1326 4031 viros
1364 3969 1764 4030 doctissimos
1796 3970 2019 4030 Morus
2048 3969 2381 4046 pumilioni
2410 3977 2763 4048 comparat,
2803 3971 2910 4046 qui
2960 3969 3236 4047 gigantis
3269 3970 3557 4030 invectus

247 4068 574 4140 humeris,
608 4086 736 4130 non
767 4069 909 4129 ideo
931 4076 1026 4129 est
1057 4070 1199 4148 ipso
1235 4070 1494 4147 gigante
1532 4068 1739 4146 major
1767 4069 2259 4143 existimandus,
2308 4070 2460 4147 quia
2499 4071 2757 4149 longius
2810 4070 3133 4147 prospicit.
3210 4068 3449 4129 Addam
3479 4068 3557 4130 ad

245 4171 727 4250 impetrandam
756 4172 811 4231 ei
846 4174 1123 4242 veniam,
1163 4171 1331 4249 quod
1361 4180 1454 4231 est
1482 4172 1635 4230 mihi
1664 4183 1768 4230 τῶν
1804 4177 1945 4231 πάνυ
1979 4172 2406 4232 litteratorum
2460 4172 2695 4249 scripta
2750 4170 3083 4243 recolenti,
3131 4170 3361 4250 szepius
3415 4172 3564 4229 ani-

245 4271 693 4342 madversum,
730 4270 927 4332 videri
958 4286 1209 4331 summa
1258 4270 1537 4347 ingenia,
1575 4268 1933 4347 cujusmodi
1988 4286 2387 4347 unoquoque
2441 4269 2681 4329 saeculo
2741 4273 3096 4329 nascuntur
3146 4270 3559 4345 paucissima,

246 4388 387 4449 prae
422 4371 573 4433 aliis
616 4370 977 4433 communis
1016 4378 1077 4432 et
1108 4370 1371 4448 plebeias
1420 4370 1647 4429 indolis
1711 4368 1905 4430 fuisse
1961 4369 2292 4429 erroribus
2349 4369 2655 4430 obnoxia.
2709 4368 2827 4429 Sed
2860 4369 3030 4430 enim
3059 4369 3180 4431 ista
3219 4368 3377 4429 nihil
3435 4385 3562 4430 non

244 4476 529 4552 vulgare
588 4476 649 4533 et
712 4474 1053 4551 protritum
1113 4473 1306 4550 longo
1356 4471 1567 4532 studio
1621 4478 1820 4548 atque
1866 4486 2062 4548 opera
2127 4471 2191 4530 in
2246 4469 2521 4531 medium
2591 4468 2969 4547 proferunt;
3031 4470 3139 4530 illa
3207 4471 3365 4531 nihil
3429 4488 3561 4533 non

246 4575 558 4648 sublime,
598 4578 661 4636 et
698 4591 959 4643 novum,
1000 4581 1109 4633 aut
1169 4573 1455 4649 priorum
1494 4572 1773 4631 inventis
1828 4577 2343 4648 superstructum
2398 4573 2849 4649 perscribunt:
2883 4574 2947 4632 in
3002 4573 3237 4648 quibus
3277 4572 3564 4650 proclive

247 4677 536 4739 nimium
569 4682 665 4736 est
697 4678 1069 4737 humanitus
1103 4675 1262 4736 t'alli.
1310 4676 1587 4736 Prosunt
1621 4680 1834 4735 autem
1875 4674 2029 4751 ipsa:
2066 4675 2270 4754 magis
2312 4675 2630 4737 interdum
2683 4678 2952 4738 istorum
2993 4676 3563 4756 hallucinationes,

247 4798 457 4861 quam
493 4782 751 4842 illorum
780 4781 1215 4860 diligentiores
1255 4798 1467 4855 curas;
1518 4786 1711 4857 atque
1744 4784 1809 4838 ut
1839 4777 2149 4856 ofﬁciant,
2189 4797 2357 4841 novo
2396 4779 2663 4841 subinde
2702 4781 2926 4860 aliquo
2957 4782 3222 4844 invento
3256 4787 3316 4841 et
3345 4784 3547 4860 probe

257 4885 667 4965 excogitato,
724 4886 961 4963 quibus
1004 4885 1274 4945 remissa
1335 4883 1595 4962 ingenia
1642 4883 1909 4943 minime
1943 4889 2094 4962 apta
2148 4888 2326 4959 sunt,
2378 4899 2613 4962 magno
2650 4901 2795 4945 cum
2854 4883 3075 4944 fenore
3130 4882 3562 4947 redimuntur.

246 4989 461 5051 Porro
495 4986 663 5047 hanc
690 4987 885 5047 fuisse
916 4987 1082 5045 inter
1110 4987 1255 5047 alue
1292 4986 1519 5045 mentis
1562 4983 1851 5043 homines
1879 4982 2131 5045 laudem
2169 4982 2495 5063 Scaligero
2528 4985 2959 5061 singularem,
3011 5001 3199 5043 nemo
3228 4982 3341 5042 ibit
3388 4982 3549 5043 inii-

250 5090 390 5151 cias
425 5108 442 5148 :
474 5106 592 5149 nos
623 5089 733 5167 qui
765 5093 891 5150 tam
926 5105 1092 5165 saape
1122 5087 1328 5148 dicam
1362 5086 1417 5147 ei
1448 5085 1818 5161 scribimus,
1858 5102 1971 5163 per
2002 5084 2140 5165 ejus
2172 5091 2382 5148 tamen
2417 5086 2768 5164 aliquando
2794 5084 3140 5165 profecisse
3172 5085 3559 5163 doctrinam,

249 5206 387 5251 non
419 5189 791 5250 diffitemur.

338 5292 759 5354 lnaudiverat
806 5308 997 5369 porro
1039 5292 1174 5369 ipse
1211 5290 1519 5367 Scaliger,
1555 5288 1871 5365 quasdam
1908 5287 1971 5347 in
2027 5304 2145 5348 sua
2197 5284 2565 5348 Eusebiana
2602 5304 2910 5349 censuras
2970 5294 3234 5350 auctore
3287 5286 3563 5349 Martino

252 5394 481 5455 Delrio
508 5394 878 5472 Antuerpite
900 5392 1126 5453 excudi
1159 5410 1174 5448 :
1213 5406 1356 5467 quae
1387 5390 1437 5449 si
1477 5395 1794 5449 mererent
1832 5404 2241 5466 reSponsum,
2271 5404 2398 5447 non
2424 5386 2714 5450 futurum
2753 5406 2821 5450 se
2859 5390 2919 5449 in
2961 5407 3169 5463 mora,
3202 5389 3277 5451 ad
3308 5389 3563 5450 Casau-

255 5497 509 5559 honum
545 5498 864 5569 scribens,
894 5499 1249 5573 receperat.
1291 5492 1407 5553 Sed
1443 5491 1600 5551 obiit
1627 5492 1760 5569 ipse
1792 5495 1935 5567 post
1980 5506 2237 5551 menses
2270 5490 2610 5551 admodum
2649 5507 2889 5571 paucos
2944 5497 3304 5551 extremum
3347 5488 3561 5565 diem;

259 5597 371 5657 ille
405 5614 556 5658 vero
584 5596 1027 5659 Censurarum
1076 5595 1240 5656 liber
1288 5595 1351 5653 in
1396 5592 1786 5652 oblivionem
1845 5592 1933 5653 ita
1988 5590 2170 5662 abiit,
2211 5597 2277 5651 ut
2314 5609 2525 5670 neque
2558 5593 2607 5652 si
2648 5594 2813 5672 typis
2847 5611 3133 5654 excusus
3170 5606 3401 5653 revera
3444 5596 3564 5666 est,

262 5699 418 5760 satis
456 5700 680 5761 sciam.
734 5697 825 5757 Ea
886 5696 1139 5757 demum
1192 5701 1289 5756 est
1324 5692 1827 5755 obtrectantium
1860 5698 2099 5754 temere
2155 5692 2541 5770 scriptorum
2591 5701 2845 5756 fortuna
2885 5700 3079 5771 atque
3115 5695 3352 5755 exitus.
3419 5693 3561 5754 Alia

266 5801 397 5872 via,
435 5805 495 5861 et
524 5799 726 5860 multa
756 5797 1038 5877 quidem,
1066 5801 1255 5875 prout
1284 5794 1560 5856 nominis
1599 5793 1697 5854 sui
1735 5793 1904 5857 fama
1946 5795 2342 5868 merebatur,
2381 5813 2527 5857 cum
2557 5796 2743 5859 laude
2774 5800 3105 5875 grassatus
3144 5801 3239 5856 est
3284 5808 3559 5872 magnus

265 5900 642 5978 Salmasius,
680 5901 790 5980 qui
824 5918 1060 5979 magno
1089 5900 1416 5977 Scaligero
1448 5898 1511 5958 in
1566 5897 1977 5977 Lugdunensi
2014 5898 2405 5963 Batavorum
2461 5901 2680 5963 schola
2735 5900 3061 5963 successit.
3124 5899 3239 5958 Hic
3277 5895 3559 5963 Eusebia
