  <div class='ocr_page' id='page_1' title='image "/cluster/home/n/w/nwhite01/storage/ocr_20150623/27/hvd.32044020299038/021.png"; bbox 0 0 4048 6428; ppageno 0'>
   <div class='ocr_carea' id='block_1_1' title="bbox 520 351 3824 423">
    <p class='ocr_par' dir='ltr' id='par_1_1' title="bbox 520 351 3824 423">
     <span class='ocr_line' id='line_1_1' title="bbox 520 351 3824 423; baseline 0.001 -6"><span class='ocrx_word' id='word_1_1' title='bbox 520 358 587 417; x_wconf 74' lang='lat'><strong>5!</strong></span> <span class='ocrx_word' id='word_1_2' title='bbox 784 388 787 391; x_wconf 92' lang='lat'><strong><em>-</em></strong></span> <span class='ocrx_word' id='word_1_3' title='bbox 1970 351 2360 413; x_wconf 59' lang='lat' dir='ltr'><strong>PREFATIO.</strong></span> <span class='ocrx_word' id='word_1_4' title='bbox 3755 362 3824 423; x_wconf 71' lang='lat'><strong>3?.</strong></span> 
     </span>
    </p>
   </div>
   <div class='ocr_carea' id='block_1_2' title="bbox 521 466 3827 552">
    <p class='ocr_par' dir='ltr' id='par_1_2' title="bbox 521 466 3827 552">
     <span class='ocr_line' id='line_1_2' title="bbox 521 466 3827 552; baseline 0.002 -17"><span class='ocrx_word' id='word_1_5' title='bbox 521 469 694 535; x_wconf 90' lang='lat' dir='ltr'><strong>haud</strong></span> <span class='ocrx_word' id='word_1_6' title='bbox 724 466 1174 552; x_wconf 66' lang='lat' dir='ltr'><strong>melius&#39;posse</strong></span> <span class='ocrx_word' id='word_1_7' title='bbox 1208 469 1473 533; x_wconf 77' lang='lat' dir='ltr'><strong>credidit</strong></span> <span class='ocrx_word' id='word_1_8' title='bbox 1498 470 1827 552; x_wconf 90' lang='lat' dir='ltr'><strong>suppetias</strong></span> <span class='ocrx_word' id='word_1_9' title='bbox 1861 470 2038 546; x_wconf 85' lang='lat' dir='ltr'><strong>ferri,</strong></span> <span class='ocrx_word' id='word_1_10' title='bbox 2070 486 2269 551; x_wconf 88' lang='lat' dir='ltr'><strong>quam</strong></span> <span class='ocrx_word' id='word_1_11' title='bbox 2306 472 2357 535; x_wconf 90' lang='lat' dir='ltr'><strong>si</strong></span> <span class='ocrx_word' id='word_1_12' title='bbox 2395 470 2610 537; x_wconf 92' lang='lat' dir='ltr'><strong>denuo</strong></span> <span class='ocrx_word' id='word_1_13' title='bbox 2657 473 2736 537; x_wconf 92' lang='lat' dir='ltr'><strong>ad</strong></span> <span class='ocrx_word' id='word_1_14' title='bbox 2766 474 3028 547; x_wconf 68' lang='lat' dir='ltr'><strong>veteres</strong></span> <span class='ocrx_word' id='word_1_15' title='bbox 3067 488 3267 540; x_wconf 89' lang='lat' dir='ltr'><strong>manu</strong></span> <span class='ocrx_word' id='word_1_16' title='bbox 3310 480 3612 540; x_wconf 81' lang='lat' dir='ltr'><strong>exaratos</strong></span> <span class='ocrx_word' id='word_1_17' title='bbox 3645 477 3827 541; x_wconf 88' lang='lat' dir='ltr'><strong>codi-</strong></span> 
     </span>
    </p>
   </div>
   <div class='ocr_carea' id='block_1_3' title="bbox 518 571 3829 656">
    <p class='ocr_par' dir='ltr' id='par_1_3' title="bbox 518 571 3829 656">
     <span class='ocr_line' id='line_1_3' title="bbox 518 571 3829 656; baseline 0.003 -19"><span class='ocrx_word' id='word_1_18' title='bbox 518 590 624 637; x_wconf 90' lang='lat' dir='ltr'><strong>ces</strong></span> <span class='ocrx_word' id='word_1_19' title='bbox 658 572 1074 652; x_wconf 76' lang='lat' dir='ltr'><strong>exigeretur:</strong></span> <span class='ocrx_word' id='word_1_20' title='bbox 1115 571 1175 634; x_wconf 89' lang='lat' dir='ltr'><strong>id</strong></span> <span class='ocrx_word' id='word_1_21' title='bbox 1217 571 1388 652; x_wconf 90' lang='lat' dir='ltr'><strong>quod</strong></span> <span class='ocrx_word' id='word_1_22' title='bbox 1437 573 1659 635; x_wconf 90' lang='lat' dir='ltr'><strong>sedulo</strong></span> <span class='ocrx_word' id='word_1_23' title='bbox 1694 574 1829 653; x_wconf 86' lang='lat' dir='ltr'><strong>ipse</strong></span> <span class='ocrx_word' id='word_1_24' title='bbox 1873 572 2131 654; x_wconf 86' lang='lat' dir='ltr'><strong>quidem</strong></span> <span class='ocrx_word' id='word_1_25' title='bbox 2176 575 2469 654; x_wconf 64' lang='lat' dir='ltr'><strong>praestitit</strong></span> <span class='ocrx_word' id='word_1_26' title='bbox 2516 582 2796 656; x_wconf 82' lang='lat' dir='ltr'><strong>quatuor</strong></span> <span class='ocrx_word' id='word_1_27' title='bbox 2826 595 2981 641; x_wconf 91' lang='lat' dir='ltr'><strong>usus</strong></span> <span class='ocrx_word' id='word_1_28' title='bbox 3027 597 3063 641; x_wconf 92' lang='lat' dir='ltr'><strong>e</strong></span> <span class='ocrx_word' id='word_1_29' title='bbox 3098 579 3393 643; x_wconf 91' lang='lat' dir='ltr'><strong>Palatina</strong></span> <span class='ocrx_word' id='word_1_30' title='bbox 3440 580 3829 648; x_wconf 83' lang='lat' dir='ltr'><strong>bibliotheca</strong></span> 
     </span>
    </p>
   </div>
   <div class='ocr_carea' id='block_1_4' title="bbox 520 684 3828 772">
    <p class='ocr_par' dir='ltr' id='par_1_4' title="bbox 520 684 3828 772">
     <span class='ocr_line' id='line_1_4' title="bbox 520 684 3828 772; baseline 0.004 -30"><span class='ocrx_word' id='word_1_31' title='bbox 520 699 672 746; x_wconf 88' lang='lat' dir='ltr'><strong>mss.</strong></span> <span class='ocrx_word' id='word_1_32' title='bbox 712 704 991 765; x_wconf 90' lang='lat' dir='ltr'><strong>quorum</strong></span> <span class='ocrx_word' id='word_1_33' title='bbox 1020 686 1298 765; x_wconf 90' lang='lat' dir='ltr'><strong>primum</strong></span> <span class='ocrx_word' id='word_1_34' title='bbox 1331 684 1710 749; x_wconf 72' lang='lat' dir='ltr'><strong>venerandus</strong></span> <span class='ocrx_word' id='word_1_35' title='bbox 1741 686 2057 767; x_wconf 85' lang='lat' dir='ltr'><strong>imprimis</strong></span> <span class='ocrx_word' id='word_1_36' title='bbox 2087 688 2429 751; x_wconf 91' lang='lat' dir='ltr'><strong>vetustatis</strong></span> <span class='ocrx_word' id='word_1_37' title='bbox 2459 687 2742 750; x_wconf 88' lang='lat' dir='ltr'><strong>codicem</strong></span> <span class='ocrx_word' id='word_1_38' title='bbox 2780 688 2844 750; x_wconf 90' lang='lat' dir='ltr'><strong>in</strong></span> <span class='ocrx_word' id='word_1_39' title='bbox 2877 690 3047 752; x_wconf 91' lang='lat' dir='ltr'><strong>notis</strong></span> <span class='ocrx_word' id='word_1_40' title='bbox 3082 691 3161 752; x_wconf 89' lang='lat' dir='ltr'><strong>ad</strong></span> <span class='ocrx_word' id='word_1_41' title='bbox 3194 690 3494 753; x_wconf 60' lang='lat' dir='ltr'><strong>Historias</strong></span> <span class='ocrx_word' id='word_1_42' title='bbox 3521 692 3828 772; x_wconf 63' lang='lat' dir='ltr'><strong>Augusta:</strong></span> 
     </span>
    </p>
   </div>
   <div class='ocr_carea' id='block_1_5' title="bbox 518 786 3829 869">
    <p class='ocr_par' dir='ltr' id='par_1_5' title="bbox 518 786 3829 869">
     <span class='ocr_line' id='line_1_5' title="bbox 518 786 3829 869; baseline 0.003 -22"><span class='ocrx_word' id='word_1_43' title='bbox 518 786 869 866; x_wconf 87' lang='lat' dir='ltr'><strong>scriptores</strong></span> <span class='ocrx_word' id='word_1_44' title='bbox 903 791 1109 848; x_wconf 91' lang='lat' dir='ltr'><strong>vocat.</strong></span> <span class='ocrx_word' id='word_1_45' title='bbox 1147 786 1306 849; x_wconf 91' lang='lat' dir='ltr'><strong>Usus</strong></span> <span class='ocrx_word' id='word_1_46' title='bbox 1342 790 1651 865; x_wconf 72' lang='lat' dir='ltr'><strong>prteterea</strong></span> <span class='ocrx_word' id='word_1_47' title='bbox 1681 792 1777 848; x_wconf 88' lang='lat' dir='ltr'><strong>est</strong></span> <span class='ocrx_word' id='word_1_48' title='bbox 1825 804 1979 860; x_wconf 90' lang='lat' dir='ltr'><strong>uno,</strong></span> <span class='ocrx_word' id='word_1_49' title='bbox 2013 805 2207 865; x_wconf 87' lang='lat' dir='ltr'><strong>quem</strong></span> <span class='ocrx_word' id='word_1_50' title='bbox 2239 787 2405 866; x_wconf 89' lang='lat' dir='ltr'><strong>apud</strong></span> <span class='ocrx_word' id='word_1_51' title='bbox 2453 806 2523 851; x_wconf 91' lang='lat' dir='ltr'><strong>se</strong></span> <span class='ocrx_word' id='word_1_52' title='bbox 2564 788 2815 862; x_wconf 87' lang='lat' dir='ltr'><strong>habuit,</strong></span> <span class='ocrx_word' id='word_1_53' title='bbox 2869 791 3194 869; x_wconf 86' lang='lat' dir='ltr'><strong>prioribus</strong></span> <span class='ocrx_word' id='word_1_54' title='bbox 3226 792 3470 855; x_wconf 90' lang='lat' dir='ltr'><strong>chartis</strong></span> <span class='ocrx_word' id='word_1_55' title='bbox 3506 792 3829 857; x_wconf 88' lang='lat' dir='ltr'><strong>mulctato</strong></span> 
     </span>
    </p>
   </div>
   <div class='ocr_carea' id='block_1_6' title="bbox 524 885 3829 975">
    <p class='ocr_par' dir='ltr' id='par_1_6' title="bbox 524 885 3829 975">
     <span class='ocr_line' id='line_1_6' title="bbox 524 885 3829 975; baseline 0.002 -24"><span class='ocrx_word' id='word_1_56' title='bbox 524 885 603 951; x_wconf 88' lang='lat' dir='ltr'><strong>ad</strong></span> <span class='ocrx_word' id='word_1_57' title='bbox 636 886 766 949; x_wconf 90' lang='lat' dir='ltr'><strong>fere</strong></span> <span class='ocrx_word' id='word_1_58' title='bbox 803 887 1083 949; x_wconf 90' lang='lat' dir='ltr'><strong>medium</strong></span> <span class='ocrx_word' id='word_1_59' title='bbox 1114 902 1323 965; x_wconf 90' lang='lat' dir='ltr'><strong>usque</strong></span> <span class='ocrx_word' id='word_1_60' title='bbox 1347 887 1734 950; x_wconf 71' lang='lat' dir='ltr'><strong>Eusebianos</strong></span> <span class='ocrx_word' id='word_1_61' title='bbox 1770 887 2192 967; x_wconf 72' lang='lat' dir='ltr'><strong>praefationis.</strong></span> <span class='ocrx_word' id='word_1_62' title='bbox 2238 889 2333 949; x_wconf 97' lang='lat' dir='ltr'><strong>Ex</strong></span> <span class='ocrx_word' id='word_1_63' title='bbox 2368 888 2466 950; x_wconf 91' lang='lat' dir='ltr'><strong>his</strong></span> <span class='ocrx_word' id='word_1_64' title='bbox 2490 895 2705 951; x_wconf 89' lang='lat' dir='ltr'><strong>autem</strong></span> <span class='ocrx_word' id='word_1_65' title='bbox 2739 891 3061 955; x_wconf 86' lang='lat' dir='ltr'><strong>variantes</strong></span> <span class='ocrx_word' id='word_1_66' title='bbox 3092 893 3427 972; x_wconf 77' lang='lat' dir='ltr'><strong>lectiones,</strong></span> <span class='ocrx_word' id='word_1_67' title='bbox 3472 901 3533 957; x_wconf 94' lang='lat' dir='ltr'><strong>et</strong></span> <span class='ocrx_word' id='word_1_68' title='bbox 3576 913 3722 975; x_wconf 63' lang='lat' dir='ltr'><strong>qua:</strong></span> <span class='ocrx_word' id='word_1_69' title='bbox 3761 898 3829 959; x_wconf 92' lang='lat' dir='ltr'><strong>in</strong></span> 
     </span>
    </p>
   </div>
   <div class='ocr_carea' id='block_1_7' title="bbox 521 987 3830 1078">
    <p class='ocr_par' dir='ltr' id='par_1_7' title="bbox 521 987 3830 1078">
     <span class='ocr_line' id='line_1_7' title="bbox 521 987 3830 1078; baseline 0.004 -29"><span class='ocrx_word' id='word_1_70' title='bbox 521 991 768 1049; x_wconf 87' lang='lat' dir='ltr'><strong>textum</strong></span> <span class='ocrx_word' id='word_1_71' title='bbox 805 987 1154 1049; x_wconf 64' lang='lat' dir='ltr'><strong>referendas</strong></span> <span class='ocrx_word' id='word_1_72' title='bbox 1183 988 1411 1067; x_wconf 85' lang='lat' dir='ltr'><strong>potiori</strong></span> <span class='ocrx_word' id='word_1_73' title='bbox 1437 988 1584 1068; x_wconf 85' lang='lat' dir='ltr'><strong>jure</strong></span> <span class='ocrx_word' id='word_1_74' title='bbox 1617 989 1736 1050; x_wconf 91' lang='lat' dir='ltr'><strong>sibi</strong></span> <span class='ocrx_word' id='word_1_75' title='bbox 1774 989 2168 1066; x_wconf 82' lang='lat' dir='ltr'><strong>viderentur,</strong></span> <span class='ocrx_word' id='word_1_76' title='bbox 2207 990 2284 1053; x_wconf 90' lang='lat' dir='ltr'><strong>ad</strong></span> <span class='ocrx_word' id='word_1_77' title='bbox 2313 992 2702 1070; x_wconf 82' lang='lat' dir='ltr'><strong>exemplaris</strong></span> <span class='ocrx_word' id='word_1_78' title='bbox 2738 994 2838 1055; x_wconf 90' lang='lat' dir='ltr'><strong>sui</strong></span> <span class='ocrx_word' id='word_1_79' title='bbox 2873 1013 2955 1057; x_wconf 84' lang='lat' dir='ltr'><strong>ex</strong></span> <span class='ocrx_word' id='word_1_80' title='bbox 2994 997 3205 1073; x_wconf 89' lang='lat' dir='ltr'><strong>priore</strong></span> <span class='ocrx_word' id='word_1_81' title='bbox 3235 996 3651 1078; x_wconf 88' lang='lat' dir='ltr'><strong>Scaligerana</strong></span> <span class='ocrx_word' id='word_1_82' title='bbox 3699 1001 3830 1063; x_wconf 91' lang='lat' dir='ltr'><strong>edi-</strong></span> 
     </span>
    </p>
   </div>
   <div class='ocr_carea' id='block_1_8' title="bbox 520 1087 3827 1178">
    <p class='ocr_par' dir='ltr' id='par_1_8' title="bbox 520 1087 3827 1178">
     <span class='ocr_line' id='line_1_8' title="bbox 520 1087 3827 1178; baseline 0.003 -29"><span class='ocrx_word' id='word_1_83' title='bbox 520 1090 696 1150; x_wconf 87' lang='lat' dir='ltr'><strong>tione</strong></span> <span class='ocrx_word' id='word_1_84' title='bbox 727 1104 907 1149; x_wconf 91' lang='lat' dir='ltr'><strong>oram</strong></span> <span class='ocrx_word' id='word_1_85' title='bbox 934 1089 1301 1166; x_wconf 90' lang='lat' dir='ltr'><strong>annotavit,</strong></span> <span class='ocrx_word' id='word_1_86' title='bbox 1328 1087 1543 1152; x_wconf 89' lang='lat' dir='ltr'><strong>addita</strong></span> <span class='ocrx_word' id='word_1_87' title='bbox 1576 1088 1894 1150; x_wconf 87' lang='lat' dir='ltr'><strong>interdum</strong></span> <span class='ocrx_word' id='word_1_88' title='bbox 1923 1097 1983 1151; x_wconf 89' lang='lat' dir='ltr'><strong>et</strong></span> <span class='ocrx_word' id='word_1_89' title='bbox 2016 1107 2238 1165; x_wconf 89' lang='lat' dir='ltr'><strong>causa,</strong></span> <span class='ocrx_word' id='word_1_90' title='bbox 2277 1096 2338 1151; x_wconf 92' lang='lat' dir='ltr'><strong>et</strong></span> <span class='ocrx_word' id='word_1_91' title='bbox 2377 1090 2544 1152; x_wconf 90' lang='lat' dir='ltr'><strong>raris</strong></span> <span class='ocrx_word' id='word_1_92' title='bbox 2580 1092 2923 1154; x_wconf 87' lang='lat' dir='ltr'><strong>admodum</strong></span> <span class='ocrx_word' id='word_1_93' title='bbox 2980 1094 3044 1155; x_wconf 92' lang='lat' dir='ltr'><strong>in</strong></span> <span class='ocrx_word' id='word_1_94' title='bbox 3094 1096 3385 1157; x_wconf 89' lang='lat' dir='ltr'><strong>eamdem</strong></span> <span class='ocrx_word' id='word_1_95' title='bbox 3421 1115 3558 1159; x_wconf 91' lang='lat' dir='ltr'><strong>rem</strong></span> <span class='ocrx_word' id='word_1_96' title='bbox 3608 1100 3776 1160; x_wconf 90' lang='lat' dir='ltr'><strong>notis</strong></span> <span class='ocrx_word' id='word_1_97' title='bbox 3808 1123 3827 1178; x_wconf 87' lang='lat'><strong>;</strong></span> 
     </span>
    </p>
   </div>
   <div class='ocr_carea' id='block_1_9' title="bbox 522 1187 3832 1276">
    <p class='ocr_par' dir='ltr' id='par_1_9' title="bbox 522 1187 3832 1276">
     <span class='ocr_line' id='line_1_9' title="bbox 522 1187 3832 1276; baseline 0.005 -28"><span class='ocrx_word' id='word_1_98' title='bbox 522 1203 734 1265; x_wconf 89' lang='lat' dir='ltr'><strong>neque</strong></span> <span class='ocrx_word' id='word_1_99' title='bbox 763 1187 933 1249; x_wconf 91' lang='lat' dir='ltr'><strong>enim</strong></span> <span class='ocrx_word' id='word_1_100' title='bbox 962 1205 1150 1251; x_wconf 90' lang='lat' dir='ltr'><strong>curas</strong></span> <span class='ocrx_word' id='word_1_101' title='bbox 1182 1187 1326 1250; x_wconf 90' lang='lat' dir='ltr'><strong>illas</strong></span> <span class='ocrx_word' id='word_1_102' title='bbox 1360 1204 1510 1249; x_wconf 90' lang='lat' dir='ltr'><strong>suas</strong></span> <span class='ocrx_word' id='word_1_103' title='bbox 1540 1187 1603 1249; x_wconf 91' lang='lat' dir='ltr'><strong>in</strong></span> <span class='ocrx_word' id='word_1_104' title='bbox 1636 1188 1846 1251; x_wconf 90' lang='lat' dir='ltr'><strong>lucem</strong></span> <span class='ocrx_word' id='word_1_105' title='bbox 1887 1189 2210 1269; x_wconf 88' lang='lat' dir='ltr'><strong>prolatum</strong></span> <span class='ocrx_word' id='word_1_106' title='bbox 2249 1190 2403 1252; x_wconf 90' lang='lat' dir='ltr'><strong>ibat.</strong></span> <span class='ocrx_word' id='word_1_107' title='bbox 2456 1190 2724 1251; x_wconf 87' lang='lat' dir='ltr'><strong>Devenit</strong></span> <span class='ocrx_word' id='word_1_108' title='bbox 2776 1198 2995 1272; x_wconf 90' lang='lat' dir='ltr'><strong>postea</strong></span> <span class='ocrx_word' id='word_1_109' title='bbox 3034 1196 3371 1276; x_wconf 80' lang='lat' dir='ltr'><strong>exemplar</strong></span> <span class='ocrx_word' id='word_1_110' title='bbox 3401 1198 3557 1259; x_wconf 92' lang='lat' dir='ltr'><strong>illud</strong></span> <span class='ocrx_word' id='word_1_111' title='bbox 3596 1216 3630 1259; x_wconf 93' lang='lat' dir='ltr'><strong>e</strong></span> <span class='ocrx_word' id='word_1_112' title='bbox 3677 1199 3832 1263; x_wconf 91' lang='lat' dir='ltr'><strong>Sal-</strong></span> 
     </span>
    </p>
   </div>
   <div class='ocr_carea' id='block_1_10' title="bbox 520 1290 3831 1374">
    <p class='ocr_par' dir='ltr' id='par_1_10' title="bbox 520 1290 3831 1374">
     <span class='ocr_line' id='line_1_10' title="bbox 520 1290 3831 1374; baseline 0.004 -23"><span class='ocrx_word' id='word_1_113' title='bbox 520 1292 813 1353; x_wconf 89' lang='lat' dir='ltr'><strong>masiana</strong></span> <span class='ocrx_word' id='word_1_114' title='bbox 844 1290 911 1353; x_wconf 92' lang='lat' dir='ltr'><strong>in</strong></span> <span class='ocrx_word' id='word_1_115' title='bbox 947 1291 1405 1354; x_wconf 86' lang='lat' dir='ltr'><strong>bibliothecam</strong></span> <span class='ocrx_word' id='word_1_116' title='bbox 1448 1292 1822 1371; x_wconf 89' lang='lat' dir='ltr'><strong>Marquardi</strong></span> <span class='ocrx_word' id='word_1_117' title='bbox 1862 1292 2078 1369; x_wconf 91' lang='lat' dir='ltr'><strong>Gudii,</strong></span> <span class='ocrx_word' id='word_1_118' title='bbox 2124 1312 2205 1355; x_wconf 90' lang='lat' dir='ltr'><strong>ex</strong></span> <span class='ocrx_word' id='word_1_119' title='bbox 2235 1309 2363 1373; x_wconf 91' lang='lat' dir='ltr'><strong>qua</strong></span> <span class='ocrx_word' id='word_1_120' title='bbox 2396 1293 2460 1353; x_wconf 92' lang='lat' dir='ltr'><strong>in</strong></span> <span class='ocrx_word' id='word_1_121' title='bbox 2493 1294 2921 1373; x_wconf 80' lang='lat' dir='ltr'><strong>Principalem</strong></span> <span class='ocrx_word' id='word_1_122' title='bbox 2953 1295 3436 1373; x_wconf 88' lang='lat' dir='ltr'><strong>Vinariensem,</strong></span> <span class='ocrx_word' id='word_1_123' title='bbox 3472 1298 3831 1374; x_wconf 90' lang='lat' dir='ltr'><strong>adnitente,</strong></span> 
     </span>
    </p>
   </div>
   <div class='ocr_carea' id='block_1_11' title="bbox 523 1392 3829 1477">
    <p class='ocr_par' dir='ltr' id='par_1_11' title="bbox 523 1392 3829 1477">
     <span class='ocr_line' id='line_1_11' title="bbox 523 1392 3829 1477; baseline 0.003 -24"><span class='ocrx_word' id='word_1_124' title='bbox 523 1392 633 1473; x_wconf 91' lang='lat' dir='ltr'><strong>qui</strong></span> <span class='ocrx_word' id='word_1_125' title='bbox 664 1394 720 1455; x_wconf 93' lang='lat' dir='ltr'><strong>ei</strong></span> <span class='ocrx_word' id='word_1_126' title='bbox 752 1398 1024 1471; x_wconf 75' lang='lat' dir='ltr'><strong>prteerat</strong></span> <span class='ocrx_word' id='word_1_127' title='bbox 1050 1394 1344 1457; x_wconf 89' lang='lat' dir='ltr'><strong>Conrado</strong></span> <span class='ocrx_word' id='word_1_128' title='bbox 1371 1394 1667 1455; x_wconf 90' lang='lat' dir='ltr'><strong>Samuele</strong></span> <span class='ocrx_word' id='word_1_129' title='bbox 1700 1393 2260 1468; x_wconf 87' lang='lat' dir='ltr'><strong>Schurzﬂeischio,</strong></span> <span class='ocrx_word' id='word_1_130' title='bbox 2283 1412 2429 1457; x_wconf 90' lang='lat' dir='ltr'><strong>cum</strong></span> <span class='ocrx_word' id='word_1_131' title='bbox 2463 1394 2610 1456; x_wconf 89' lang='lat' dir='ltr'><strong>aliis</strong></span> <span class='ocrx_word' id='word_1_132' title='bbox 2637 1395 2806 1458; x_wconf 85' lang='lat' dir='ltr'><strong>haud</strong></span> <span class='ocrx_word' id='word_1_133' title='bbox 2840 1397 3109 1458; x_wconf 91' lang='lat' dir='ltr'><strong>minoris</strong></span> <span class='ocrx_word' id='word_1_134' title='bbox 3144 1401 3330 1477; x_wconf 90' lang='lat' dir='ltr'><strong>pretii</strong></span> <span class='ocrx_word' id='word_1_135' title='bbox 3360 1401 3543 1462; x_wconf 89' lang='lat' dir='ltr'><strong>libris</strong></span> <span class='ocrx_word' id='word_1_136' title='bbox 3575 1402 3829 1465; x_wconf 89' lang='lat' dir='ltr'><strong>illatum</strong></span> 
     </span>
    </p>
   </div>
   <div class='ocr_carea' id='block_1_12' title="bbox 521 1494 3827 1576">
    <p class='ocr_par' dir='ltr' id='par_1_12' title="bbox 521 1494 3827 1576">
     <span class='ocr_line' id='line_1_12' title="bbox 521 1494 3827 1576; baseline 0.001 -17"><span class='ocrx_word' id='word_1_137' title='bbox 521 1500 640 1559; x_wconf 89' lang='lat' dir='ltr'><strong>est.</strong></span> <span class='ocrx_word' id='word_1_138' title='bbox 684 1496 734 1556; x_wconf 92' lang='lat' dir='ltr'><strong>E</strong></span> <span class='ocrx_word' id='word_1_139' title='bbox 774 1496 1043 1576; x_wconf 89' lang='lat' dir='ltr'><strong>vestigio</strong></span> <span class='ocrx_word' id='word_1_140' title='bbox 1071 1497 1261 1575; x_wconf 60' lang='lat' dir='ltr'><strong>coepit</strong></span> <span class='ocrx_word' id='word_1_141' title='bbox 1295 1494 1519 1559; x_wconf 90' lang='lat' dir='ltr'><strong>doctus</strong></span> <span class='ocrx_word' id='word_1_142' title='bbox 1552 1497 1649 1558; x_wconf 92' lang='lat' dir='ltr'><strong>vir</strong></span> <span class='ocrx_word' id='word_1_143' title='bbox 1686 1496 1791 1559; x_wconf 87' lang='lat' dir='ltr'><strong>ille</strong></span> <span class='ocrx_word' id='word_1_144' title='bbox 1845 1496 2231 1559; x_wconf 89' lang='lat' dir='ltr'><strong>Salmasiani</strong></span> <span class='ocrx_word' id='word_1_145' title='bbox 2284 1496 2526 1558; x_wconf 91' lang='lat' dir='ltr'><strong>laboris</strong></span> <span class='ocrx_word' id='word_1_146' title='bbox 2564 1496 2642 1559; x_wconf 91' lang='lat' dir='ltr'><strong>ad</strong></span> <span class='ocrx_word' id='word_1_147' title='bbox 2687 1497 2937 1560; x_wconf 80' lang='lat' dir='ltr'><strong>exitum</strong></span> <span class='ocrx_word' id='word_1_148' title='bbox 2993 1498 3383 1576; x_wconf 87' lang='lat' dir='ltr'><strong>perducendi</strong></span> <span class='ocrx_word' id='word_1_149' title='bbox 3426 1502 3774 1563; x_wconf 90' lang='lat' dir='ltr'><strong>consilium</strong></span> <span class='ocrx_word' id='word_1_150' title='bbox 3811 1521 3827 1560; x_wconf 90' lang='lat'><strong>:</strong></span> 
     </span>
    </p>
   </div>
   <div class='ocr_carea' id='block_1_13' title="bbox 520 1597 3829 1679">
    <p class='ocr_par' dir='ltr' id='par_1_13' title="bbox 520 1597 3829 1679">
     <span class='ocr_line' id='line_1_13' title="bbox 520 1597 3829 1679; baseline 0.002 -20"><span class='ocrx_word' id='word_1_151' title='bbox 520 1600 855 1679; x_wconf 88' lang='lat' dir='ltr'><strong>multaque</strong></span> <span class='ocrx_word' id='word_1_152' title='bbox 886 1598 1019 1677; x_wconf 91' lang='lat' dir='ltr'><strong>jam</strong></span> <span class='ocrx_word' id='word_1_153' title='bbox 1050 1598 1504 1676; x_wconf 85' lang='lat' dir='ltr'><strong>adornaverat,</strong></span> <span class='ocrx_word' id='word_1_154' title='bbox 1554 1600 1752 1677; x_wconf 88' lang='lat' dir='ltr'><strong>inque</strong></span> <span class='ocrx_word' id='word_1_155' title='bbox 1786 1597 2176 1661; x_wconf 84' lang='lat' dir='ltr'><strong>Adversaria</strong></span> <span class='ocrx_word' id='word_1_156' title='bbox 2222 1612 2341 1660; x_wconf 92' lang='lat' dir='ltr'><strong>sua</strong></span> <span class='ocrx_word' id='word_1_157' title='bbox 2392 1598 2782 1677; x_wconf 87' lang='lat' dir='ltr'><strong>conjecerat,</strong></span> <span class='ocrx_word' id='word_1_158' title='bbox 2820 1617 2965 1661; x_wconf 92' lang='lat' dir='ltr'><strong>cum</strong></span> <span class='ocrx_word' id='word_1_159' title='bbox 3019 1599 3147 1662; x_wconf 91' lang='lat' dir='ltr'><strong>fato</strong></span> <span class='ocrx_word' id='word_1_160' title='bbox 3174 1602 3390 1663; x_wconf 86' lang='lat' dir='ltr'><strong>cessit.</strong></span> <span class='ocrx_word' id='word_1_161' title='bbox 3424 1602 3543 1664; x_wconf 90' lang='lat' dir='ltr'><strong>Sed</strong></span> <span class='ocrx_word' id='word_1_162' title='bbox 3576 1620 3655 1666; x_wconf 88' lang='lat' dir='ltr'><strong>ea</strong></span> <span class='ocrx_word' id='word_1_163' title='bbox 3694 1604 3829 1665; x_wconf 89' lang='lat' dir='ltr'><strong>mi-</strong></span> 
     </span>
    </p>
   </div>
   <div class='ocr_carea' id='block_1_14' title="bbox 524 1698 3827 1796">
    <p class='ocr_par' dir='ltr' id='par_1_14' title="bbox 524 1698 3827 1796">
     <span class='ocr_line' id='line_1_14' title="bbox 524 1698 3827 1796; baseline 0.002 -35"><span class='ocrx_word' id='word_1_164' title='bbox 524 1698 698 1761; x_wconf 89' lang='lat' dir='ltr'><strong>nime</strong></span> <span class='ocrx_word' id='word_1_165' title='bbox 730 1716 956 1779; x_wconf 84' lang='lat' dir='ltr'><strong>passus</strong></span> <span class='ocrx_word' id='word_1_166' title='bbox 989 1698 1368 1763; x_wconf 88' lang='lat' dir='ltr'><strong>intercidere</strong></span> <span class='ocrx_word' id='word_1_167' title='bbox 1400 1717 1529 1762; x_wconf 93' lang='lat' dir='ltr'><strong>non</strong></span> <span class='ocrx_word' id='word_1_168' title='bbox 1561 1702 1794 1761; x_wconf 89' lang='lat' dir='ltr'><strong>minori</strong></span> <span class='ocrx_word' id='word_1_169' title='bbox 1827 1700 2210 1763; x_wconf 89' lang='lat' dir='ltr'><strong>eruditionis</strong></span> <span class='ocrx_word' id='word_1_170' title='bbox 2238 1698 2430 1761; x_wconf 88' lang='lat' dir='ltr'><strong>laude</strong></span> <span class='ocrx_word' id='word_1_171' title='bbox 2455 1701 2670 1763; x_wconf 91' lang='lat' dir='ltr'><strong>clarus</strong></span> <span class='ocrx_word' id='word_1_172' title='bbox 2696 1700 2894 1764; x_wconf 80' lang='lat' dir='ltr'><strong>frater</strong></span> <span class='ocrx_word' id='word_1_173' title='bbox 2916 1701 3057 1781; x_wconf 90' lang='lat' dir='ltr'><strong>ejus</strong></span> <span class='ocrx_word' id='word_1_174' title='bbox 3077 1702 3393 1767; x_wconf 84' lang='lat' dir='ltr'><strong>Henricus</strong></span> <span class='ocrx_word' id='word_1_175' title='bbox 3419 1705 3827 1796; x_wconf 67' lang='lat' dir='ltr'><strong>Lconardus,</strong></span> 
     </span>
    </p>
   </div>
   <div class='ocr_carea' id='block_1_15' title="bbox 523 1801 3831 1887">
    <p class='ocr_par' dir='ltr' id='par_1_15' title="bbox 523 1801 3831 1887">
     <span class='ocr_line' id='line_1_15' title="bbox 523 1801 3831 1887; baseline 0.002 -24"><span class='ocrx_word' id='word_1_176' title='bbox 523 1818 557 1863; x_wconf 94' lang='lat' dir='ltr'><strong>e</strong></span> <span class='ocrx_word' id='word_1_177' title='bbox 590 1801 839 1863; x_wconf 88' lang='lat' dir='ltr'><strong>schedis</strong></span> <span class='ocrx_word' id='word_1_178' title='bbox 874 1802 1000 1863; x_wconf 92' lang='lat' dir='ltr'><strong>illis</strong></span> <span class='ocrx_word' id='word_1_179' title='bbox 1030 1808 1327 1882; x_wconf 88' lang='lat' dir='ltr'><strong>excepta,</strong></span> <span class='ocrx_word' id='word_1_180' title='bbox 1366 1809 1564 1882; x_wconf 89' lang='lat' dir='ltr'><strong>utque</strong></span> <span class='ocrx_word' id='word_1_181' title='bbox 1599 1804 1732 1883; x_wconf 93' lang='lat' dir='ltr'><strong>ipse</strong></span> <span class='ocrx_word' id='word_1_182' title='bbox 1762 1809 2011 1879; x_wconf 88' lang='lat' dir='ltr'><strong>narrat,</strong></span> <span class='ocrx_word' id='word_1_183' title='bbox 2050 1803 2391 1883; x_wconf 89' lang='lat' dir='ltr'><strong>paululum</strong></span> <span class='ocrx_word' id='word_1_184' title='bbox 2422 1804 2758 1884; x_wconf 81' lang='lat' dir='ltr'><strong>diSposita,</strong></span> <span class='ocrx_word' id='word_1_185' title='bbox 2787 1810 2984 1883; x_wconf 91' lang='lat' dir='ltr'><strong>atque</strong></span> <span class='ocrx_word' id='word_1_186' title='bbox 3018 1806 3129 1866; x_wconf 92' lang='lat' dir='ltr'><strong>ubi</strong></span> <span class='ocrx_word' id='word_1_187' title='bbox 3155 1823 3317 1887; x_wconf 83' lang='lat' dir='ltr'><strong>Opus</strong></span> <span class='ocrx_word' id='word_1_188' title='bbox 3344 1807 3578 1883; x_wconf 87' lang='lat' dir='ltr'><strong>fuerat,</strong></span> <span class='ocrx_word' id='word_1_189' title='bbox 3612 1817 3831 1881; x_wconf 85' lang='lat' dir='ltr'><strong>aucta,</strong></span> 
     </span>
    </p>
   </div>
   <div class='ocr_carea' id='block_1_16' title="bbox 523 1899 3835 1983">
    <p class='ocr_par' dir='ltr' id='par_1_16' title="bbox 523 1899 3835 1983">
     <span class='ocr_line' id='line_1_16' title="bbox 523 1899 3835 1983; baseline 0.002 -22"><span class='ocrx_word' id='word_1_190' title='bbox 523 1904 718 1979; x_wconf 85' lang='lat' dir='ltr'><strong>atque</strong></span> <span class='ocrx_word' id='word_1_191' title='bbox 746 1899 826 1962; x_wconf 91' lang='lat' dir='ltr'><strong>ad</strong></span> <span class='ocrx_word' id='word_1_192' title='bbox 858 1900 1233 1962; x_wconf 89' lang='lat' dir='ltr'><strong>umbilicum</strong></span> <span class='ocrx_word' id='word_1_193' title='bbox 1269 1901 1601 1981; x_wconf 91' lang='lat' dir='ltr'><strong>perducta,</strong></span> <span class='ocrx_word' id='word_1_194' title='bbox 1640 1902 1916 1981; x_wconf 67' lang='lat' dir='ltr'><strong>praeﬁxis</strong></span> <span class='ocrx_word' id='word_1_195' title='bbox 1946 1904 2139 1964; x_wconf 89' lang='lat' dir='ltr'><strong>etiam</strong></span> <span class='ocrx_word' id='word_1_196' title='bbox 2178 1903 2516 1981; x_wconf 86' lang='lat' dir='ltr'><strong>perpaucis</strong></span> <span class='ocrx_word' id='word_1_197' title='bbox 2555 1904 2761 1981; x_wconf 86' lang='lat' dir='ltr'><strong>Notis,</strong></span> <span class='ocrx_word' id='word_1_198' title='bbox 2799 1906 3037 1983; x_wconf 88' lang='lat' dir='ltr'><strong>quibus</strong></span> <span class='ocrx_word' id='word_1_199' title='bbox 3070 1905 3272 1968; x_wconf 56' lang='lat' dir='ltr'><strong>Graeci</strong></span> <span class='ocrx_word' id='word_1_200' title='bbox 3301 1912 3519 1971; x_wconf 84' lang='lat' dir='ltr'><strong>textus</strong></span> <span class='ocrx_word' id='word_1_201' title='bbox 3546 1926 3583 1971; x_wconf 89' lang='lat' dir='ltr'><strong>a</strong></span> <span class='ocrx_word' id='word_1_202' title='bbox 3614 1909 3835 1971; x_wconf 81' lang='lat' dir='ltr'><strong>Scali-</strong></span> 
     </span>
    </p>
   </div>
   <div class='ocr_carea' id='block_1_17' title="bbox 527 2003 3839 2083">
    <p class='ocr_par' dir='ltr' id='par_1_17' title="bbox 527 2003 3839 2083">
     <span class='ocr_line' id='line_1_17' title="bbox 527 2003 3839 2083; baseline 0.002 -20"><span class='ocrx_word' id='word_1_203' title='bbox 527 2020 684 2081; x_wconf 89' lang='lat' dir='ltr'><strong>gero</strong></span> <span class='ocrx_word' id='word_1_204' title='bbox 712 2003 1016 2080; x_wconf 92' lang='lat' dir='ltr'><strong>publicati</strong></span> <span class='ocrx_word' id='word_1_205' title='bbox 1050 2004 1408 2083; x_wconf 83' lang='lat' dir='ltr'><strong>marginem</strong></span> <span class='ocrx_word' id='word_1_206' title='bbox 1436 2003 1787 2066; x_wconf 87' lang='lat' dir='ltr'><strong>Salmasius</strong></span> <span class='ocrx_word' id='word_1_207' title='bbox 1823 2009 2214 2082; x_wconf 89' lang='lat' dir='ltr'><strong>asperserat,</strong></span> <span class='ocrx_word' id='word_1_208' title='bbox 2246 2004 2535 2066; x_wconf 85' lang='lat' dir='ltr'><strong>Auctarii</strong></span> <span class='ocrx_word' id='word_1_209' title='bbox 2570 2005 2710 2067; x_wconf 95' lang='lat' dir='ltr'><strong>loco</strong></span> <span class='ocrx_word' id='word_1_210' title='bbox 2738 2006 2816 2068; x_wconf 89' lang='lat' dir='ltr'><strong>ad</strong></span> <span class='ocrx_word' id='word_1_211' title='bbox 2852 2007 3174 2070; x_wconf 77' lang='lat' dir='ltr'><strong>Notitiam</strong></span> <span class='ocrx_word' id='word_1_212' title='bbox 3213 2006 3598 2071; x_wconf 81' lang='lat' dir='ltr'><strong>bibliotheca:</strong></span> <span class='ocrx_word' id='word_1_213' title='bbox 3628 2010 3839 2071; x_wconf 82' lang='lat' dir='ltr'><strong>Prin—</strong></span> 
     </span>
    </p>
   </div>
   <div class='ocr_carea' id='block_1_18' title="bbox 531 2105 3840 2190">
    <p class='ocr_par' dir='ltr' id='par_1_18' title="bbox 531 2105 3840 2190">
     <span class='ocr_line' id='line_1_18' title="bbox 531 2105 3840 2190; baseline 0.002 -24"><span class='ocrx_word' id='word_1_214' title='bbox 531 2105 754 2184; x_wconf 84' lang='lat' dir='ltr'><strong>cipalis</strong></span> <span class='ocrx_word' id='word_1_215' title='bbox 801 2105 1189 2169; x_wconf 80' lang='lat' dir='ltr'><strong>Vinariensis</strong></span> <span class='ocrx_word' id='word_1_216' title='bbox 1216 2121 1320 2170; x_wconf 87' lang='lat' dir='ltr'><strong>an.</strong></span> <span class='ocrx_word' id='word_1_217' title='bbox 1356 2106 1513 2167; x_wconf 71' lang='lat'><strong>171-2</strong></span> <span class='ocrx_word' id='word_1_218' title='bbox 1548 2125 1695 2169; x_wconf 90' lang='lat' dir='ltr'><strong>cum</strong></span> <span class='ocrx_word' id='word_1_219' title='bbox 1728 2106 1931 2168; x_wconf 92' lang='lat' dir='ltr'><strong>doctis</strong></span> <span class='ocrx_word' id='word_1_220' title='bbox 1979 2106 2480 2168; x_wconf 86' lang='lat' dir='ltr'><strong>communicavit</strong></span> <span class='ocrx_word' id='word_1_221' title='bbox 2511 2127 2526 2168; x_wconf 88' lang='lat'><strong>:</strong></span> <span class='ocrx_word' id='word_1_222' title='bbox 2565 2125 2709 2186; x_wconf 72' lang='lat' dir='ltr'><strong>qute</strong></span> <span class='ocrx_word' id='word_1_223' title='bbox 2754 2110 2904 2172; x_wconf 90' lang='lat' dir='ltr'><strong>item</strong></span> <span class='ocrx_word' id='word_1_224' title='bbox 2950 2111 3418 2190; x_wconf 76' lang='lat' dir='ltr'><strong>posterioribus</strong></span> <span class='ocrx_word' id='word_1_225' title='bbox 3452 2112 3651 2189; x_wconf 83' lang='lat' dir='ltr'><strong>curis,</strong></span> <span class='ocrx_word' id='word_1_226' title='bbox 3688 2113 3840 2173; x_wconf 86' lang='lat' dir='ltr'><strong>vul-</strong></span> 
     </span>
    </p>
   </div>
   <div class='ocr_carea' id='block_1_19' title="bbox 528 2206 3839 2294">
    <p class='ocr_par' dir='ltr' id='par_1_19' title="bbox 528 2206 3839 2294">
     <span class='ocr_line' id='line_1_19' title="bbox 528 2206 3839 2294; baseline 0.003 -27"><span class='ocrx_word' id='word_1_227' title='bbox 528 2212 675 2283; x_wconf 82' lang='lat' dir='ltr'><strong>gato</strong></span> <span class='ocrx_word' id='word_1_228' title='bbox 710 2213 851 2287; x_wconf 89' lang='lat' dir='ltr'><strong>post</strong></span> <span class='ocrx_word' id='word_1_229' title='bbox 880 2206 1078 2269; x_wconf 84' lang='lat' dir='ltr'><strong>ferme</strong></span> <span class='ocrx_word' id='word_1_230' title='bbox 1116 2208 1449 2270; x_wconf 91' lang='lat' dir='ltr'><strong>biennium</strong></span> <span class='ocrx_word' id='word_1_231' title='bbox 1480 2209 1718 2287; x_wconf 86' lang='lat' dir='ltr'><strong>exiguo</strong></span> <span class='ocrx_word' id='word_1_232' title='bbox 1750 2208 1993 2285; x_wconf 89' lang='lat' dir='ltr'><strong>libello,</strong></span> <span class='ocrx_word' id='word_1_233' title='bbox 2025 2209 2423 2289; x_wconf 88' lang='lat' dir='ltr'><strong>recognovit.</strong></span> <span class='ocrx_word' id='word_1_234' title='bbox 2464 2208 2667 2287; x_wconf 87' lang='lat' dir='ltr'><strong>Cujus</strong></span> <span class='ocrx_word' id='word_1_235' title='bbox 2720 2211 2827 2275; x_wconf 91' lang='lat' dir='ltr'><strong>illa</strong></span> <span class='ocrx_word' id='word_1_236' title='bbox 2875 2214 3003 2274; x_wconf 92' lang='lat' dir='ltr'><strong>sint</strong></span> <span class='ocrx_word' id='word_1_237' title='bbox 3049 2214 3263 2292; x_wconf 89' lang='lat' dir='ltr'><strong>pretii,</strong></span> <span class='ocrx_word' id='word_1_238' title='bbox 3300 2219 3363 2275; x_wconf 90' lang='lat' dir='ltr'><strong>et</strong></span> <span class='ocrx_word' id='word_1_239' title='bbox 3401 2230 3599 2294; x_wconf 89' lang='lat' dir='ltr'><strong>quam</strong></span> <span class='ocrx_word' id='word_1_240' title='bbox 3650 2216 3839 2277; x_wconf 74' lang='lat' dir='ltr'><strong>bonas</strong></span> 
     </span>
    </p>
   </div>
   <div class='ocr_carea' id='block_1_20' title="bbox 528 2307 3836 2391">
    <p class='ocr_par' dir='ltr' id='par_1_20' title="bbox 528 2307 3836 2391">
     <span class='ocr_line' id='line_1_20' title="bbox 528 2307 3836 2391; baseline 0.003 -21"><span class='ocrx_word' id='word_1_241' title='bbox 528 2307 729 2387; x_wconf 87' lang='lat' dir='ltr'><strong>frugis</strong></span> <span class='ocrx_word' id='word_1_242' title='bbox 763 2312 1007 2390; x_wconf 88' lang='lat' dir='ltr'><strong>experti</strong></span> <span class='ocrx_word' id='word_1_243' title='bbox 1044 2327 1161 2372; x_wconf 90' lang='lat' dir='ltr'><strong>nos</strong></span> <span class='ocrx_word' id='word_1_244' title='bbox 1204 2311 1432 2385; x_wconf 89' lang='lat' dir='ltr'><strong>simus,</strong></span> <span class='ocrx_word' id='word_1_245' title='bbox 1462 2310 1666 2373; x_wconf 90' lang='lat' dir='ltr'><strong>disces</strong></span> <span class='ocrx_word' id='word_1_246' title='bbox 1700 2328 1780 2372; x_wconf 90' lang='lat' dir='ltr'><strong>ex</strong></span> <span class='ocrx_word' id='word_1_247' title='bbox 1805 2310 1909 2385; x_wconf 91' lang='lat' dir='ltr'><strong>iis,</strong></span> <span class='ocrx_word' id='word_1_248' title='bbox 1938 2328 2083 2388; x_wconf 63' lang='lat' dir='ltr'><strong>qua:</strong></span> <span class='ocrx_word' id='word_1_249' title='bbox 2112 2314 2394 2373; x_wconf 81' lang='lat' dir='ltr'><strong>maxime</strong></span> <span class='ocrx_word' id='word_1_250' title='bbox 2427 2313 2491 2373; x_wconf 90' lang='lat' dir='ltr'><strong>in</strong></span> <span class='ocrx_word' id='word_1_251' title='bbox 2522 2332 2660 2375; x_wconf 87' lang='lat' dir='ltr'><strong>rem</strong></span> <span class='ocrx_word' id='word_1_252' title='bbox 2688 2316 2977 2376; x_wconf 88' lang='lat' dir='ltr'><strong>nostram</strong></span> <span class='ocrx_word' id='word_1_253' title='bbox 3008 2315 3415 2391; x_wconf 89' lang='lat' dir='ltr'><strong>videbantur,</strong></span> <span class='ocrx_word' id='word_1_254' title='bbox 3446 2321 3507 2378; x_wconf 92' lang='lat' dir='ltr'><strong>et</strong></span> <span class='ocrx_word' id='word_1_255' title='bbox 3555 2314 3836 2379; x_wconf 83' lang='lat' dir='ltr'><strong>subinde</strong></span> 
     </span>
    </p>
   </div>
   <div class='ocr_carea' id='block_1_21' title="bbox 531 2411 3237 2493">
    <p class='ocr_par' dir='ltr' id='par_1_21' title="bbox 531 2411 3237 2493">
     <span class='ocr_line' id='line_1_21' title="bbox 531 2411 3237 2493; baseline 0.001 -20"><span class='ocrx_word' id='word_1_256' title='bbox 531 2412 768 2475; x_wconf 84' lang='lat' dir='ltr'><strong>nostris</strong></span> <span class='ocrx_word' id='word_1_257' title='bbox 795 2413 1325 2475; x_wconf 88' lang='lat' dir='ltr'><strong>annotationibus</strong></span> <span class='ocrx_word' id='word_1_258' title='bbox 1356 2411 1870 2487; x_wconf 90' lang='lat' dir='ltr'><strong>interseruimus,</strong></span> <span class='ocrx_word' id='word_1_259' title='bbox 1900 2417 1971 2473; x_wconf 91' lang='lat' dir='ltr'><strong>ut</strong></span> <span class='ocrx_word' id='word_1_260' title='bbox 1992 2412 2082 2472; x_wconf 90' lang='lat' dir='ltr'><strong>tui</strong></span> <span class='ocrx_word' id='word_1_261' title='bbox 2110 2413 2329 2489; x_wconf 91' lang='lat' dir='ltr'><strong>etiam,</strong></span> <span class='ocrx_word' id='word_1_262' title='bbox 2358 2414 2583 2488; x_wconf 91' lang='lat' dir='ltr'><strong>lector,</strong></span> <span class='ocrx_word' id='word_1_263' title='bbox 2608 2414 2829 2493; x_wconf 91' lang='lat' dir='ltr'><strong>judicii</strong></span> <span class='ocrx_word' id='word_1_264' title='bbox 2864 2415 3237 2478; x_wconf 88' lang='lat' dir='ltr'><strong>faceremus.</strong></span> 
     </span>
    </p>
   </div>
   <div class='ocr_carea' id='block_1_22' title="bbox 610 2514 3835 2596">
    <p class='ocr_par' dir='ltr' id='par_1_22' title="bbox 610 2514 3835 2596">
     <span class='ocr_line' id='line_1_22' title="bbox 610 2514 3835 2596; baseline 0.002 -21"><span class='ocrx_word' id='word_1_265' title='bbox 610 2515 755 2575; x_wconf 88' lang='lat' dir='ltr'><strong>Post</strong></span> <span class='ocrx_word' id='word_1_266' title='bbox 783 2515 923 2575; x_wconf 90' lang='lat' dir='ltr'><strong>illas</strong></span> <span class='ocrx_word' id='word_1_267' title='bbox 956 2516 1174 2594; x_wconf 91' lang='lat' dir='ltr'><strong>itaque</strong></span> <span class='ocrx_word' id='word_1_268' title='bbox 1201 2514 1535 2576; x_wconf 89' lang='lat' dir='ltr'><strong>hominum</strong></span> <span class='ocrx_word' id='word_1_269' title='bbox 1563 2515 1756 2596; x_wconf 87' lang='lat' dir='ltr'><strong>longe</strong></span> <span class='ocrx_word' id='word_1_270' title='bbox 1792 2514 2312 2575; x_wconf 88' lang='lat' dir='ltr'><strong>doctissimorum</strong></span> <span class='ocrx_word' id='word_1_271' title='bbox 2344 2532 2562 2592; x_wconf 89' lang='lat' dir='ltr'><strong>curas,</strong></span> <span class='ocrx_word' id='word_1_272' title='bbox 2600 2515 2751 2578; x_wconf 92' lang='lat' dir='ltr'><strong>huic</strong></span> <span class='ocrx_word' id='word_1_273' title='bbox 2780 2535 2897 2577; x_wconf 92' lang='lat' dir='ltr'><strong>nos</strong></span> <span class='ocrx_word' id='word_1_274' title='bbox 2930 2534 3115 2579; x_wconf 64' lang='lat' dir='ltr'><strong>novas</strong></span> <span class='ocrx_word' id='word_1_275' title='bbox 3143 2516 3404 2578; x_wconf 92' lang='lat' dir='ltr'><strong>editioni</strong></span> <span class='ocrx_word' id='word_1_276' title='bbox 3436 2516 3835 2581; x_wconf 68' lang='lat' dir='ltr'><strong>adornanda:</strong></span> 
     </span>
    </p>
   </div>
   <div class='ocr_carea' id='block_1_23' title="bbox 530 2618 3847 2698">
    <p class='ocr_par' dir='ltr' id='par_1_23' title="bbox 530 2618 3847 2698">
     <span class='ocr_line' id='line_1_23' title="bbox 530 2618 3847 2698; baseline 0 -18"><span class='ocrx_word' id='word_1_277' title='bbox 530 2618 934 2680; x_wconf 86' lang='lat' dir='ltr'><strong>accinximus</strong></span> <span class='ocrx_word' id='word_1_278' title='bbox 966 2637 981 2679; x_wconf 90' lang='lat'><strong>:</strong></span> <span class='ocrx_word' id='word_1_279' title='bbox 1016 2618 1119 2679; x_wconf 89' lang='lat' dir='ltr'><strong>cui</strong></span> <span class='ocrx_word' id='word_1_280' title='bbox 1154 2618 1411 2696; x_wconf 91' lang='lat' dir='ltr'><strong>quidem</strong></span> <span class='ocrx_word' id='word_1_281' title='bbox 1450 2618 1653 2679; x_wconf 91' lang='lat' dir='ltr'><strong>modis</strong></span> <span class='ocrx_word' id='word_1_282' title='bbox 1684 2618 1985 2679; x_wconf 91' lang='lat' dir='ltr'><strong>omnibus</strong></span> <span class='ocrx_word' id='word_1_283' title='bbox 2024 2623 2086 2679; x_wconf 91' lang='lat' dir='ltr'><strong>et</strong></span> <span class='ocrx_word' id='word_1_284' title='bbox 2119 2620 2407 2680; x_wconf 88' lang='lat' dir='ltr'><strong>numeris</strong></span> <span class='ocrx_word' id='word_1_285' title='bbox 2452 2618 2879 2698; x_wconf 72' lang='lat' dir='ltr'><strong>expoliendas,</strong></span> <span class='ocrx_word' id='word_1_286' title='bbox 2925 2621 3175 2681; x_wconf 89' lang='lat' dir='ltr'><strong>tametsi</strong></span> <span class='ocrx_word' id='word_1_287' title='bbox 3217 2620 3457 2698; x_wconf 57' lang='lat' dir='ltr'><strong>praevia</strong></span> <span class='ocrx_word' id='word_1_288' title='bbox 3492 2626 3672 2682; x_wconf 87' lang='lat' dir='ltr'><strong>tanta</strong></span> <span class='ocrx_word' id='word_1_289' title='bbox 3724 2620 3847 2684; x_wconf 86' lang='lat' dir='ltr'><strong>illa</strong></span> 
     </span>
    </p>
   </div>
   <div class='ocr_carea' id='block_1_24' title="bbox 535 2716 3835 2800">
    <p class='ocr_par' dir='ltr' id='par_1_24' title="bbox 535 2716 3835 2800">
     <span class='ocr_line' id='line_1_24' title="bbox 535 2716 3835 2800; baseline -0 -18"><span class='ocrx_word' id='word_1_290' title='bbox 535 2716 923 2782; x_wconf 89' lang='lat' dir='ltr'><strong>Criticorum</strong></span> <span class='ocrx_word' id='word_1_291' title='bbox 957 2716 1276 2779; x_wconf 89' lang='lat' dir='ltr'><strong>industria</strong></span> <span class='ocrx_word' id='word_1_292' title='bbox 1307 2716 1602 2779; x_wconf 90' lang='lat' dir='ltr'><strong>conferre</strong></span> <span class='ocrx_word' id='word_1_293' title='bbox 1634 2718 1988 2797; x_wconf 89' lang='lat' dir='ltr'><strong>plurimum</strong></span> <span class='ocrx_word' id='word_1_294' title='bbox 2038 2720 2392 2798; x_wconf 84' lang='lat' dir='ltr'><strong>videretur,</strong></span> <span class='ocrx_word' id='word_1_295' title='bbox 2421 2738 2563 2782; x_wconf 90' lang='lat' dir='ltr'><strong>cum</strong></span> <span class='ocrx_word' id='word_1_296' title='bbox 2604 2738 2865 2782; x_wconf 90' lang='lat' dir='ltr'><strong>manum</strong></span> <span class='ocrx_word' id='word_1_297' title='bbox 2908 2726 3121 2783; x_wconf 91' lang='lat' dir='ltr'><strong>tamen</strong></span> <span class='ocrx_word' id='word_1_298' title='bbox 3173 2723 3351 2800; x_wconf 91' lang='lat' dir='ltr'><strong>operi</strong></span> <span class='ocrx_word' id='word_1_299' title='bbox 3399 2720 3835 2796; x_wconf 90' lang='lat' dir='ltr'><strong>admovimus,</strong></span> 
     </span>
    </p>
   </div>
   <div class='ocr_carea' id='block_1_25' title="bbox 532 2823 3848 2905">
    <p class='ocr_par' dir='ltr' id='par_1_25' title="bbox 532 2823 3848 2905">
     <span class='ocr_line' id='line_1_25' title="bbox 532 2823 3848 2905; baseline 0.001 -23"><span class='ocrx_word' id='word_1_300' title='bbox 532 2826 625 2882; x_wconf 89' lang='lat' dir='ltr'><strong>tot</strong></span> <span class='ocrx_word' id='word_1_301' title='bbox 653 2839 869 2883; x_wconf 91' lang='lat' dir='ltr'><strong>rerum</strong></span> <span class='ocrx_word' id='word_1_302' title='bbox 898 2824 1234 2896; x_wconf 88' lang='lat' dir='ltr'><strong>varietate,</strong></span> <span class='ocrx_word' id='word_1_303' title='bbox 1269 2828 1332 2885; x_wconf 92' lang='lat' dir='ltr'><strong>et</strong></span> <span class='ocrx_word' id='word_1_304' title='bbox 1365 2825 1833 2888; x_wconf 88' lang='lat' dir='ltr'><strong>sententiarum</strong></span> <span class='ocrx_word' id='word_1_305' title='bbox 1861 2823 2170 2899; x_wconf 91' lang='lat' dir='ltr'><strong>dissidiis,</strong></span> <span class='ocrx_word' id='word_1_306' title='bbox 2204 2826 2539 2905; x_wconf 80' lang='lat' dir='ltr'><strong>negotium</strong></span> <span class='ocrx_word' id='word_1_307' title='bbox 2562 2824 2700 2886; x_wconf 90' lang='lat' dir='ltr'><strong>dari</strong></span> <span class='ocrx_word' id='word_1_308' title='bbox 2739 2825 2925 2886; x_wconf 91' lang='lat' dir='ltr'><strong>nobis</strong></span> <span class='ocrx_word' id='word_1_309' title='bbox 2978 2824 3207 2905; x_wconf 87' lang='lat' dir='ltr'><strong>magis,</strong></span> <span class='ocrx_word' id='word_1_310' title='bbox 3255 2841 3331 2886; x_wconf 92' lang='lat' dir='ltr'><strong>ac</strong></span> <span class='ocrx_word' id='word_1_311' title='bbox 3378 2826 3582 2903; x_wconf 89' lang='lat' dir='ltr'><strong>magis</strong></span> <span class='ocrx_word' id='word_1_312' title='bbox 3631 2825 3848 2903; x_wconf 89' lang='lat' dir='ltr'><strong>impe-</strong></span> 
     </span>
    </p>
   </div>
   <div class='ocr_carea' id='block_1_26' title="bbox 532 2923 3847 3007">
    <p class='ocr_par' dir='ltr' id='par_1_26' title="bbox 532 2923 3847 3007">
     <span class='ocr_line' id='line_1_26' title="bbox 532 2923 3847 3007; baseline 0.001 -22"><span class='ocrx_word' id='word_1_313' title='bbox 532 2923 759 2997; x_wconf 88' lang='lat' dir='ltr'><strong>ditum,</strong></span> <span class='ocrx_word' id='word_1_314' title='bbox 796 2926 1043 3004; x_wconf 89' lang='lat' dir='ltr'><strong>experti</strong></span> <span class='ocrx_word' id='word_1_315' title='bbox 1077 2943 1322 2988; x_wconf 89' lang='lat' dir='ltr'><strong>sumus.</strong></span> <span class='ocrx_word' id='word_1_316' title='bbox 1372 2928 1832 3006; x_wconf 90' lang='lat' dir='ltr'><strong>Pr0posuimus</strong></span> <span class='ocrx_word' id='word_1_317' title='bbox 1881 2932 2099 2988; x_wconf 90' lang='lat' dir='ltr'><strong>autem</strong></span> <span class='ocrx_word' id='word_1_318' title='bbox 2141 2926 2473 3007; x_wconf 85' lang='lat' dir='ltr'><strong>archetypi</strong></span> <span class='ocrx_word' id='word_1_319' title='bbox 2531 2926 2673 2988; x_wconf 93' lang='lat' dir='ltr'><strong>loco</strong></span> <span class='ocrx_word' id='word_1_320' title='bbox 2722 2928 3156 2988; x_wconf 89' lang='lat' dir='ltr'><strong>Pontacenam</strong></span> <span class='ocrx_word' id='word_1_321' title='bbox 3203 2926 3575 3000; x_wconf 90' lang='lat' dir='ltr'><strong>editionem,</strong></span> <span class='ocrx_word' id='word_1_322' title='bbox 3616 2931 3847 3004; x_wconf 88' lang='lat' dir='ltr'><strong>utpote</strong></span> 
     </span>
    </p>
   </div>
   <div class='ocr_carea' id='block_1_27' title="bbox 532 3028 3846 3110">
    <p class='ocr_par' dir='ltr' id='par_1_27' title="bbox 532 3028 3846 3110">
     <span class='ocr_line' id='line_1_27' title="bbox 532 3028 3846 3110; baseline 0.002 -24"><span class='ocrx_word' id='word_1_323' title='bbox 532 3043 677 3103; x_wconf 73' lang='lat' dir='ltr'><strong>qum</strong></span> <span class='ocrx_word' id='word_1_324' title='bbox 708 3031 769 3088; x_wconf 90' lang='lat' dir='ltr'><strong>et</strong></span> <span class='ocrx_word' id='word_1_325' title='bbox 798 3028 1030 3091; x_wconf 80' lang='lat' dir='ltr'><strong>Joanni</strong></span> <span class='ocrx_word' id='word_1_326' title='bbox 1068 3030 1323 3091; x_wconf 84' lang='lat' dir='ltr'><strong>Morino</strong></span> <span class='ocrx_word' id='word_1_327' title='bbox 1348 3028 1581 3091; x_wconf 91' lang='lat' dir='ltr'><strong>dicitur</strong></span> <span class='ocrx_word' id='word_1_328' title='bbox 1608 3030 1898 3090; x_wconf 91' lang='lat' dir='ltr'><strong>omnium</strong></span> <span class='ocrx_word' id='word_1_329' title='bbox 1930 3031 2431 3103; x_wconf 88' lang='lat' dir='ltr'><strong>correctissima,</strong></span> <span class='ocrx_word' id='word_1_330' title='bbox 2473 3036 2533 3092; x_wconf 92' lang='lat' dir='ltr'><strong>et</strong></span> <span class='ocrx_word' id='word_1_331' title='bbox 2569 3037 2664 3091; x_wconf 89' lang='lat' dir='ltr'><strong>est</strong></span> <span class='ocrx_word' id='word_1_332' title='bbox 2694 3032 2840 3110; x_wconf 90' lang='lat' dir='ltr'><strong>jure</strong></span> <span class='ocrx_word' id='word_1_333' title='bbox 2892 3032 3124 3094; x_wconf 91' lang='lat' dir='ltr'><strong>merito</strong></span> <span class='ocrx_word' id='word_1_334' title='bbox 3150 3032 3424 3107; x_wconf 81' lang='lat' dir='ltr'><strong>caeteris,</strong></span> <span class='ocrx_word' id='word_1_335' title='bbox 3475 3037 3547 3093; x_wconf 93' lang='lat' dir='ltr'><strong>ut</strong></span> <span class='ocrx_word' id='word_1_336' title='bbox 3598 3028 3846 3091; x_wconf 85' lang='lat' dir='ltr'><strong>dudum</strong></span> 
     </span>
    </p>
   </div>
   <div class='ocr_carea' id='block_1_28' title="bbox 535 3128 3849 3212">
    <p class='ocr_par' dir='ltr' id='par_1_28' title="bbox 535 3128 3849 3212">
     <span class='ocr_line' id='line_1_28' title="bbox 535 3128 3849 3212; baseline 0.003 -26"><span class='ocrx_word' id='word_1_337' title='bbox 535 3128 1048 3198; x_wconf 87' lang='lat' dir='ltr'><strong>observavimus.</strong></span> <span class='ocrx_word' id='word_1_338' title='bbox 1078 3128 1498 3209; x_wconf 69' lang='lat' dir='ltr'><strong>praeferenda.</strong></span> <span class='ocrx_word' id='word_1_339' title='bbox 1559 3131 1961 3193; x_wconf 92' lang='lat' dir='ltr'><strong>Contulimus</strong></span> <span class='ocrx_word' id='word_1_340' title='bbox 1994 3134 2214 3212; x_wconf 56' lang='lat' dir='ltr'><strong>{porro</strong></span> <span class='ocrx_word' id='word_1_341' title='bbox 2261 3132 2439 3193; x_wconf 91' lang='lat' dir='ltr'><strong>illam</strong></span> <span class='ocrx_word' id='word_1_342' title='bbox 2478 3150 2556 3192; x_wconf 87' lang='lat' dir='ltr'><strong>ex</strong></span> <span class='ocrx_word' id='word_1_343' title='bbox 2590 3132 2841 3212; x_wconf 84' lang='lat' dir='ltr'><strong>integro</strong></span> <span class='ocrx_word' id='word_1_344' title='bbox 2876 3151 3024 3195; x_wconf 92' lang='lat' dir='ltr'><strong>cum</strong></span> <span class='ocrx_word' id='word_1_345' title='bbox 3070 3135 3287 3212; x_wconf 69' lang='lat' dir='ltr'><strong>probas</strong></span> <span class='ocrx_word' id='word_1_346' title='bbox 3334 3132 3741 3211; x_wconf 86' lang='lat' dir='ltr'><strong>antiquitatis</strong></span> <span class='ocrx_word' id='word_1_347' title='bbox 3777 3136 3849 3195; x_wconf 91' lang='lat' dir='ltr'><strong>et</strong></span> 
     </span>
    </p>
   </div>
   <div class='ocr_carea' id='block_1_29' title="bbox 536 3229 3847 3316">
    <p class='ocr_par' dir='ltr' id='par_1_29' title="bbox 536 3229 3847 3316">
     <span class='ocr_line' id='line_1_29' title="bbox 536 3229 3847 3316; baseline 0.002 -27"><span class='ocrx_word' id='word_1_348' title='bbox 536 3232 704 3290; x_wconf 74' lang='lat' dir='ltr'><strong>notze</strong></span> <span class='ocrx_word' id='word_1_349' title='bbox 733 3229 1057 3292; x_wconf 91' lang='lat' dir='ltr'><strong>codicibus</strong></span> <span class='ocrx_word' id='word_1_350' title='bbox 1091 3248 1243 3292; x_wconf 89' lang='lat' dir='ltr'><strong>mss.</strong></span> <span class='ocrx_word' id='word_1_351' title='bbox 1285 3250 1300 3290; x_wconf 93' lang='lat'><strong>:</strong></span> <span class='ocrx_word' id='word_1_352' title='bbox 1340 3249 1495 3305; x_wconf 91' lang='lat' dir='ltr'><strong>uno,</strong></span> <span class='ocrx_word' id='word_1_353' title='bbox 1520 3232 1631 3311; x_wconf 92' lang='lat' dir='ltr'><strong>qui</strong></span> <span class='ocrx_word' id='word_1_354' title='bbox 1677 3239 1827 3294; x_wconf 90' lang='lat' dir='ltr'><strong>ante</strong></span> <span class='ocrx_word' id='word_1_355' title='bbox 1860 3233 1977 3294; x_wconf 91' lang='lat' dir='ltr'><strong>hos</strong></span> <span class='ocrx_word' id='word_1_356' title='bbox 2012 3251 2250 3311; x_wconf 90' lang='lat' dir='ltr'><strong>paucos</strong></span> <span class='ocrx_word' id='word_1_357' title='bbox 2299 3250 2505 3297; x_wconf 90' lang='lat' dir='ltr'><strong>annos</strong></span> <span class='ocrx_word' id='word_1_358' title='bbox 2537 3234 2601 3295; x_wconf 92' lang='lat' dir='ltr'><strong>in</strong></span> <span class='ocrx_word' id='word_1_359' title='bbox 2638 3235 2969 3297; x_wconf 88' lang='lat' dir='ltr'><strong>Parmensi</strong></span> <span class='ocrx_word' id='word_1_360' title='bbox 3012 3235 3234 3296; x_wconf 90' lang='lat' dir='ltr'><strong>Ducali</strong></span> <span class='ocrx_word' id='word_1_361' title='bbox 3269 3234 3655 3296; x_wconf 84' lang='lat' dir='ltr'><strong>bibliotheca</strong></span> <span class='ocrx_word' id='word_1_362' title='bbox 3691 3233 3847 3316; x_wconf 80' lang='lat' dir='ltr'><strong>fuit,</strong></span> 
     </span>
    </p>
   </div>
   <div class='ocr_carea' id='block_1_30' title="bbox 536 3330 3847 3417">
    <p class='ocr_par' dir='ltr' id='par_1_30' title="bbox 536 3330 3847 3417">
     <span class='ocr_line' id='line_1_30' title="bbox 536 3330 3847 3417; baseline 0.003 -27"><span class='ocrx_word' id='word_1_363' title='bbox 536 3345 811 3391; x_wconf 89' lang='lat' dir='ltr'><strong>numero</strong></span> <span class='ocrx_word' id='word_1_364' title='bbox 840 3330 919 3391; x_wconf 76' lang='lat'><strong>52</strong></span> <span class='ocrx_word' id='word_1_365' title='bbox 946 3338 1362 3412; x_wconf 74' lang='lat' dir='ltr'><strong>prtenolatus,</strong></span> <span class='ocrx_word' id='word_1_366' title='bbox 1399 3339 1461 3395; x_wconf 91' lang='lat' dir='ltr'><strong>et</strong></span> <span class='ocrx_word' id='word_1_367' title='bbox 1490 3334 1851 3395; x_wconf 88' lang='lat' dir='ltr'><strong>recentiore</strong></span> <span class='ocrx_word' id='word_1_368' title='bbox 1888 3334 2147 3412; x_wconf 90' lang='lat' dir='ltr'><strong>quidem</strong></span> <span class='ocrx_word' id='word_1_369' title='bbox 2181 3337 2337 3413; x_wconf 89' lang='lat' dir='ltr'><strong>alio,</strong></span> <span class='ocrx_word' id='word_1_370' title='bbox 2374 3336 2481 3397; x_wconf 91' lang='lat' dir='ltr'><strong>sed</strong></span> <span class='ocrx_word' id='word_1_371' title='bbox 2511 3338 2666 3397; x_wconf 90' lang='lat' dir='ltr'><strong>satis</strong></span> <span class='ocrx_word' id='word_1_372' title='bbox 2696 3341 2913 3400; x_wconf 89' lang='lat' dir='ltr'><strong>tamen</strong></span> <span class='ocrx_word' id='word_1_373' title='bbox 2948 3337 3313 3411; x_wconf 88' lang='lat' dir='ltr'><strong>emendato,</strong></span> <span class='ocrx_word' id='word_1_374' title='bbox 3354 3337 3464 3414; x_wconf 90' lang='lat' dir='ltr'><strong>qui</strong></span> <span class='ocrx_word' id='word_1_375' title='bbox 3504 3337 3678 3417; x_wconf 90' lang='lat' dir='ltr'><strong>apud</strong></span> <span class='ocrx_word' id='word_1_376' title='bbox 3722 3356 3847 3400; x_wconf 86' lang='lat' dir='ltr'><strong>nos</strong></span> 
     </span>
    </p>
   </div>
   <div class='ocr_carea' id='block_1_31' title="bbox 539 3433 3844 3512">
    <p class='ocr_par' dir='ltr' id='par_1_31' title="bbox 539 3433 3844 3512">
     <span class='ocr_line' id='line_1_31' title="bbox 539 3433 3844 3512; baseline 0.002 -21"><span class='ocrx_word' id='word_1_377' title='bbox 539 3436 633 3491; x_wconf 88' lang='lat' dir='ltr'><strong>est</strong></span> <span class='ocrx_word' id='word_1_378' title='bbox 665 3450 681 3491; x_wconf 91' lang='lat'><strong>:</strong></span> <span class='ocrx_word' id='word_1_379' title='bbox 719 3449 999 3509; x_wconf 88' lang='lat' dir='ltr'><strong>quorum</strong></span> <span class='ocrx_word' id='word_1_380' title='bbox 1035 3438 1204 3493; x_wconf 91' lang='lat' dir='ltr'><strong>certe</strong></span> <span class='ocrx_word' id='word_1_381' title='bbox 1236 3450 1359 3511; x_wconf 82' lang='lat' dir='ltr'><strong>Ope</strong></span> <span class='ocrx_word' id='word_1_382' title='bbox 1386 3434 1711 3508; x_wconf 89' lang='lat' dir='ltr'><strong>nonnulli,</strong></span> <span class='ocrx_word' id='word_1_383' title='bbox 1740 3435 1849 3512; x_wconf 92' lang='lat' dir='ltr'><strong>qui</strong></span> <span class='ocrx_word' id='word_1_384' title='bbox 1883 3452 2029 3496; x_wconf 93' lang='lat' dir='ltr'><strong>cum</strong></span> <span class='ocrx_word' id='word_1_385' title='bbox 2066 3434 2310 3496; x_wconf 85' lang='lat' dir='ltr'><strong>mendis</strong></span> <span class='ocrx_word' id='word_1_386' title='bbox 2341 3434 2552 3497; x_wconf 90' lang='lat' dir='ltr'><strong>adhuc</strong></span> <span class='ocrx_word' id='word_1_387' title='bbox 2579 3433 3144 3510; x_wconf 85' lang='lat' dir='ltr'><strong>conﬂictabantur,</strong></span> <span class='ocrx_word' id='word_1_388' title='bbox 3184 3434 3304 3496; x_wconf 88' lang='lat' dir='ltr'><strong>loci</strong></span> <span class='ocrx_word' id='word_1_389' title='bbox 3336 3434 3616 3495; x_wconf 89' lang='lat' dir='ltr'><strong>restituti</strong></span> <span class='ocrx_word' id='word_1_390' title='bbox 3664 3443 3844 3497; x_wconf 85' lang='lat' dir='ltr'><strong>sunt.</strong></span> 
     </span>
    </p>
   </div>
   <div class='ocr_carea' id='block_1_32' title="bbox 541 3533 3850 3617">
    <p class='ocr_par' dir='ltr' id='par_1_32' title="bbox 541 3533 3850 3617">
     <span class='ocr_line' id='line_1_32' title="bbox 541 3533 3850 3617; baseline 0.001 -23"><span class='ocrx_word' id='word_1_391' title='bbox 541 3533 971 3595; x_wconf 82' lang='lat' dir='ltr'><strong>Adhibuimus</strong></span> <span class='ocrx_word' id='word_1_392' title='bbox 1003 3551 1265 3613; x_wconf 88' lang='lat' dir='ltr'><strong>quoque</strong></span> <span class='ocrx_word' id='word_1_393' title='bbox 1292 3535 1356 3596; x_wconf 92' lang='lat' dir='ltr'><strong>in</strong></span> <span class='ocrx_word' id='word_1_394' title='bbox 1382 3536 1723 3597; x_wconf 90' lang='lat' dir='ltr'><strong>consilium</strong></span> <span class='ocrx_word' id='word_1_395' title='bbox 1755 3536 2110 3617; x_wconf 88' lang='lat' dir='ltr'><strong>principem</strong></span> <span class='ocrx_word' id='word_1_396' title='bbox 2142 3535 2514 3610; x_wconf 91' lang='lat' dir='ltr'><strong>editionem,</strong></span> <span class='ocrx_word' id='word_1_397' title='bbox 2540 3536 2783 3597; x_wconf 90' lang='lat' dir='ltr'><strong>nemini</strong></span> <span class='ocrx_word' id='word_1_398' title='bbox 2813 3544 3006 3599; x_wconf 87' lang='lat' dir='ltr'><strong>antea</strong></span> <span class='ocrx_word' id='word_1_399' title='bbox 3037 3536 3355 3597; x_wconf 91' lang='lat' dir='ltr'><strong>editorum</strong></span> <span class='ocrx_word' id='word_1_400' title='bbox 3385 3540 3850 3609; x_wconf 89' lang='lat' dir='ltr'><strong>tractatam,ut</strong></span> 
     </span>
    </p>
   </div>
   <div class='ocr_carea' id='block_1_33' title="bbox 543 3635 3843 3718">
    <p class='ocr_par' dir='ltr' id='par_1_33' title="bbox 543 3635 3843 3718">
     <span class='ocr_line' id='line_1_33' title="bbox 543 3635 3843 3718; baseline -0 -21"><span class='ocrx_word' id='word_1_401' title='bbox 543 3643 605 3697; x_wconf 90' lang='lat' dir='ltr'><strong>et</strong></span> <span class='ocrx_word' id='word_1_402' title='bbox 639 3638 815 3699; x_wconf 90' lang='lat' dir='ltr'><strong>illam</strong></span> <span class='ocrx_word' id='word_1_403' title='bbox 847 3638 1113 3700; x_wconf 81' lang='lat' dir='ltr'><strong>Auberti</strong></span> <span class='ocrx_word' id='word_1_404' title='bbox 1143 3638 1369 3713; x_wconf 72' lang='lat' dir='ltr'><strong>Mirtei,</strong></span> <span class='ocrx_word' id='word_1_405' title='bbox 1400 3656 1545 3717; x_wconf 64' lang='lat' dir='ltr'><strong>quae</strong></span> <span class='ocrx_word' id='word_1_406' title='bbox 1574 3641 1992 3718; x_wconf 90' lang='lat' dir='ltr'><strong>posteriorem</strong></span> <span class='ocrx_word' id='word_1_407' title='bbox 2029 3644 2279 3701; x_wconf 90' lang='lat' dir='ltr'><strong>tantum</strong></span> <span class='ocrx_word' id='word_1_408' title='bbox 2331 3638 2633 3700; x_wconf 91' lang='lat' dir='ltr'><strong>Chronici</strong></span> <span class='ocrx_word' id='word_1_409' title='bbox 2688 3643 2935 3715; x_wconf 91' lang='lat' dir='ltr'><strong>partem</strong></span> <span class='ocrx_word' id='word_1_410' title='bbox 2969 3646 3023 3707; x_wconf 45' lang='lat' dir='ltr'><strong>Qa</strong></span> <span class='ocrx_word' id='word_1_411' title='bbox 3060 3636 3313 3698; x_wconf 89' lang='lat' dir='ltr'><strong>Christo</strong></span> <span class='ocrx_word' id='word_1_412' title='bbox 3344 3640 3498 3696; x_wconf 90' lang='lat' dir='ltr'><strong>nato</strong></span> <span class='ocrx_word' id='word_1_413' title='bbox 3551 3635 3843 3698; x_wconf 80' lang='lat' dir='ltr'><strong>exhibet.</strong></span> 
     </span>
    </p>
   </div>
   <div class='ocr_carea' id='block_1_34' title="bbox 538 3736 3853 3819">
    <p class='ocr_par' dir='ltr' id='par_1_34' title="bbox 538 3736 3853 3819">
     <span class='ocr_line' id='line_1_34' title="bbox 538 3736 3853 3819; baseline -0.001 -20"><span class='ocrx_word' id='word_1_414' title='bbox 538 3736 661 3799; x_wconf 83' lang='lat' dir='ltr'><strong>Alii</strong></span> <span class='ocrx_word' id='word_1_415' title='bbox 700 3740 865 3801; x_wconf 92' lang='lat' dir='ltr'><strong>alios</strong></span> <span class='ocrx_word' id='word_1_416' title='bbox 920 3738 1461 3803; x_wconf 84' lang='lat' dir='ltr'><strong>Iaudantveteres</strong></span> <span class='ocrx_word' id='word_1_417' title='bbox 1493 3742 1690 3802; x_wconf 90' lang='lat' dir='ltr'><strong>libros</strong></span> <span class='ocrx_word' id='word_1_418' title='bbox 1726 3764 1741 3803; x_wconf 91' lang='lat'><strong>:</strong></span> <span class='ocrx_word' id='word_1_419' title='bbox 1776 3746 1838 3802; x_wconf 88' lang='lat' dir='ltr'><strong>et</strong></span> <span class='ocrx_word' id='word_1_420' title='bbox 1867 3742 2167 3803; x_wconf 84' lang='lat' dir='ltr'><strong>Valesius</strong></span> <span class='ocrx_word' id='word_1_421' title='bbox 2212 3740 2472 3819; x_wconf 92' lang='lat' dir='ltr'><strong>quidem</strong></span> <span class='ocrx_word' id='word_1_422' title='bbox 2528 3740 3029 3815; x_wconf 90' lang='lat' dir='ltr'><strong>vetustissimos,</strong></span> <span class='ocrx_word' id='word_1_423' title='bbox 3077 3740 3494 3810; x_wconf 83' lang='lat' dir='ltr'><strong>Acutianum,</strong></span> <span class='ocrx_word' id='word_1_424' title='bbox 3546 3737 3744 3816; x_wconf 85' lang='lat' dir='ltr'><strong>Lipsii</strong></span> <span class='ocrx_word' id='word_1_425' title='bbox 3783 3756 3853 3816; x_wconf 63' lang='lat' dir='ltr'><strong>et</strong></span> 
     </span>
    </p>
   </div>
   <div class='ocr_carea' id='block_1_35' title="bbox 536 3836 3841 3922">
    <p class='ocr_par' dir='ltr' id='par_1_35' title="bbox 536 3836 3841 3922">
     <span class='ocr_line' id='line_1_35' title="bbox 536 3836 3841 3922; baseline 0.001 -24"><span class='ocrx_word' id='word_1_426' title='bbox 536 3836 761 3900; x_wconf 90' lang='lat' dir='ltr'><strong>Ortclii</strong></span> <span class='ocrx_word' id='word_1_427' title='bbox 796 3859 811 3897; x_wconf 72' lang='grc' dir='ltr'><strong><em>τ</em></strong></span> <span class='ocrx_word' id='word_1_428' title='bbox 850 3840 1245 3902; x_wconf 88' lang='lat' dir='ltr'><strong>Colomesius</strong></span> <span class='ocrx_word' id='word_1_429' title='bbox 1290 3848 1503 3903; x_wconf 88' lang='lat' dir='ltr'><strong>autem</strong></span> <span class='ocrx_word' id='word_1_430' title='bbox 1542 3843 1878 3922; x_wconf 92' lang='lat' dir='ltr'><strong>exemplar</strong></span> <span class='ocrx_word' id='word_1_431' title='bbox 1922 3842 2353 3922; x_wconf 72' lang='lat' dir='ltr'><strong>Scaligerante</strong></span> <span class='ocrx_word' id='word_1_432' title='bbox 2405 3841 2737 3916; x_wconf 89' lang='lat' dir='ltr'><strong>editionis,</strong></span> <span class='ocrx_word' id='word_1_433' title='bbox 2780 3845 2953 3921; x_wconf 91' lang='lat' dir='ltr'><strong>quod</strong></span> <span class='ocrx_word' id='word_1_434' title='bbox 3005 3840 3341 3904; x_wconf 89' lang='lat' dir='ltr'><strong>Cornelius</strong></span> <span class='ocrx_word' id='word_1_435' title='bbox 3390 3839 3640 3901; x_wconf 86' lang='lat' dir='ltr'><strong>Tollius</strong></span> <span class='ocrx_word' id='word_1_436' title='bbox 3688 3858 3841 3902; x_wconf 89' lang='lat' dir='ltr'><strong>cum</strong></span> 
     </span>
    </p>
   </div>
   <div class='ocr_carea' id='block_1_36' title="bbox 542 3939 3849 4023">
    <p class='ocr_par' dir='ltr' id='par_1_36' title="bbox 542 3939 3849 4023">
     <span class='ocr_line' id='line_1_36' title="bbox 542 3939 3849 4023; baseline 0.002 -25"><span class='ocrx_word' id='word_1_437' title='bbox 542 3955 694 4023; x_wconf 74' lang='lat' dir='ltr'><strong>mss.</strong></span> <span class='ocrx_word' id='word_1_438' title='bbox 731 3939 1089 4012; x_wconf 91' lang='lat' dir='ltr'><strong>commisit;</strong></span> <span class='ocrx_word' id='word_1_439' title='bbox 1136 3940 1373 4018; x_wconf 91' lang='lat' dir='ltr'><strong>quibus</strong></span> <span class='ocrx_word' id='word_1_440' title='bbox 1405 3947 1617 4003; x_wconf 92' lang='lat' dir='ltr'><strong>tamen</strong></span> <span class='ocrx_word' id='word_1_441' title='bbox 1646 3942 1935 4005; x_wconf 91' lang='lat' dir='ltr'><strong>caruisse</strong></span> <span class='ocrx_word' id='word_1_442' title='bbox 1965 3941 2030 4002; x_wconf 89' lang='lat' dir='ltr'><strong>in</strong></span> <span class='ocrx_word' id='word_1_443' title='bbox 2063 3948 2242 4005; x_wconf 90' lang='lat' dir='ltr'><strong>tanta</strong></span> <span class='ocrx_word' id='word_1_444' title='bbox 2276 3943 2646 4004; x_wconf 89' lang='lat' dir='ltr'><strong>divitiarum</strong></span> <span class='ocrx_word' id='word_1_445' title='bbox 2680 3942 2994 4020; x_wconf 86' lang='lat' dir='ltr'><strong>ejusmodi</strong></span> <span class='ocrx_word' id='word_1_446' title='bbox 3025 3942 3237 4020; x_wconf 89' lang='lat' dir='ltr'><strong>c0pia,</strong></span> <span class='ocrx_word' id='word_1_447' title='bbox 3271 3958 3401 4003; x_wconf 94' lang='lat' dir='ltr'><strong>non</strong></span> <span class='ocrx_word' id='word_1_448' title='bbox 3438 3958 3647 4020; x_wconf 90' lang='lat' dir='ltr'><strong>usque</strong></span> <span class='ocrx_word' id='word_1_449' title='bbox 3678 3941 3849 4005; x_wconf 89' lang='lat' dir='ltr'><strong>adeo</strong></span> 
     </span>
    </p>
   </div>
   <div class='ocr_carea' id='block_1_37' title="bbox 540 4041 3844 4123">
    <p class='ocr_par' dir='ltr' id='par_1_37' title="bbox 540 4041 3844 4123">
     <span class='ocr_line' id='line_1_37' title="bbox 540 4041 3844 4123; baseline 0 -22"><span class='ocrx_word' id='word_1_450' title='bbox 540 4041 726 4102; x_wconf 90' lang='lat' dir='ltr'><strong>nobis</strong></span> <span class='ocrx_word' id='word_1_451' title='bbox 757 4058 922 4121; x_wconf 67' lang='lat' dir='ltr'><strong>(egre</strong></span> <span class='ocrx_word' id='word_1_452' title='bbox 960 4042 1289 4105; x_wconf 89' lang='lat' dir='ltr'><strong>ferendum</strong></span> <span class='ocrx_word' id='word_1_453' title='bbox 1340 4045 1612 4107; x_wconf 90' lang='lat' dir='ltr'><strong>videtur.</strong></span> <span class='ocrx_word' id='word_1_454' title='bbox 1662 4046 1871 4123; x_wconf 86' lang='lat' dir='ltr'><strong>Atque</strong></span> <span class='ocrx_word' id='word_1_455' title='bbox 1903 4044 2037 4106; x_wconf 58' lang='lat' dir='ltr'><strong>haec</strong></span> <span class='ocrx_word' id='word_1_456' title='bbox 2071 4046 2333 4107; x_wconf 88' lang='lat' dir='ltr'><strong>levioris</strong></span> <span class='ocrx_word' id='word_1_457' title='bbox 2366 4046 2670 4107; x_wconf 89' lang='lat' dir='ltr'><strong>momenti</strong></span> <span class='ocrx_word' id='word_1_458' title='bbox 2707 4050 2878 4107; x_wconf 91' lang='lat' dir='ltr'><strong>sunt.</strong></span> <span class='ocrx_word' id='word_1_459' title='bbox 2925 4044 3219 4106; x_wconf 66' lang='lat' dir='ltr'><strong>Graecum</strong></span> <span class='ocrx_word' id='word_1_460' title='bbox 3264 4041 3526 4104; x_wconf 88' lang='lat' dir='ltr'><strong>Eusebii</strong></span> <span class='ocrx_word' id='word_1_461' title='bbox 3575 4047 3844 4102; x_wconf 85' lang='lat' dir='ltr'><strong>contex-</strong></span> 
     </span>
    </p>
   </div>
   <div class='ocr_carea' id='block_1_38' title="bbox 538 4140 3851 4223">
    <p class='ocr_par' dir='ltr' id='par_1_38' title="bbox 538 4140 3851 4223">
     <span class='ocr_line' id='line_1_38' title="bbox 538 4140 3851 4223; baseline 0 -23"><span class='ocrx_word' id='word_1_462' title='bbox 538 4147 674 4201; x_wconf 92' lang='lat' dir='ltr'><strong>tum</strong></span> <span class='ocrx_word' id='word_1_463' title='bbox 704 4140 943 4219; x_wconf 89' lang='lat' dir='ltr'><strong>jamdiu</strong></span> <span class='ocrx_word' id='word_1_464' title='bbox 974 4142 1126 4202; x_wconf 91' lang='lat' dir='ltr'><strong>olim</strong></span> <span class='ocrx_word' id='word_1_465' title='bbox 1153 4144 1576 4222; x_wconf 86' lang='lat' dir='ltr'><strong>deperditum,</strong></span> <span class='ocrx_word' id='word_1_466' title='bbox 1608 4161 1683 4204; x_wconf 86' lang='lat' dir='ltr'><strong>ex</strong></span> <span class='ocrx_word' id='word_1_467' title='bbox 1717 4143 1914 4205; x_wconf 90' lang='lat' dir='ltr'><strong>variis</strong></span> <span class='ocrx_word' id='word_1_468' title='bbox 1942 4144 2271 4207; x_wconf 87' lang='lat' dir='ltr'><strong>variorum</strong></span> <span class='ocrx_word' id='word_1_469' title='bbox 2301 4151 2673 4219; x_wconf 91' lang='lat' dir='ltr'><strong>auctorum,</strong></span> <span class='ocrx_word' id='word_1_470' title='bbox 2705 4145 2813 4223; x_wconf 89' lang='lat' dir='ltr'><strong>qui</strong></span> <span class='ocrx_word' id='word_1_471' title='bbox 2844 4162 2928 4204; x_wconf 80' lang='lat' dir='ltr'><strong>ex</strong></span> <span class='ocrx_word' id='word_1_472' title='bbox 2956 4162 3031 4205; x_wconf 90' lang='lat' dir='ltr'><strong>eo</strong></span> <span class='ocrx_word' id='word_1_473' title='bbox 3058 4142 3349 4222; x_wconf 63' lang='lat' dir='ltr'><strong>quredam</strong></span> <span class='ocrx_word' id='word_1_474' title='bbox 3378 4142 3443 4203; x_wconf 92' lang='lat' dir='ltr'><strong>in</strong></span> <span class='ocrx_word' id='word_1_475' title='bbox 3476 4157 3595 4204; x_wconf 90' lang='lat' dir='ltr'><strong>sua</strong></span> <span class='ocrx_word' id='word_1_476' title='bbox 3631 4146 3851 4202; x_wconf 85' lang='lat' dir='ltr'><strong>trans-</strong></span> 
     </span>
    </p>
   </div>
   <div class='ocr_carea' id='block_1_39' title="bbox 538 4243 3839 4326">
    <p class='ocr_par' dir='ltr' id='par_1_39' title="bbox 538 4243 3839 4326">
     <span class='ocr_line' id='line_1_39' title="bbox 538 4243 3839 4326; baseline -0 -22"><span class='ocrx_word' id='word_1_477' title='bbox 538 4244 848 4316; x_wconf 90' lang='lat' dir='ltr'><strong>tulerunt,</strong></span> <span class='ocrx_word' id='word_1_478' title='bbox 880 4244 1129 4306; x_wconf 88' lang='lat' dir='ltr'><strong>laciniis</strong></span> <span class='ocrx_word' id='word_1_479' title='bbox 1180 4246 1420 4308; x_wconf 90' lang='lat' dir='ltr'><strong>sarcire</strong></span> <span class='ocrx_word' id='word_1_480' title='bbox 1464 4244 1928 4325; x_wconf 79' lang='lat' dir='ltr'><strong>prapemodum</strong></span> <span class='ocrx_word' id='word_1_481' title='bbox 1959 4264 2041 4306; x_wconf 89' lang='lat' dir='ltr'><strong>ex</strong></span> <span class='ocrx_word' id='word_1_482' title='bbox 2079 4246 2356 4326; x_wconf 88' lang='lat' dir='ltr'><strong>integro,</strong></span> <span class='ocrx_word' id='word_1_483' title='bbox 2388 4247 2773 4323; x_wconf 88' lang='lat' dir='ltr'><strong>conquisitis</strong></span> <span class='ocrx_word' id='word_1_484' title='bbox 2824 4246 3260 4324; x_wconf 89' lang='lat' dir='ltr'><strong>undequaque</strong></span> <span class='ocrx_word' id='word_1_485' title='bbox 3309 4246 3468 4306; x_wconf 90' lang='lat' dir='ltr'><strong>locis</strong></span> <span class='ocrx_word' id='word_1_486' title='bbox 3507 4243 3839 4323; x_wconf 88' lang='lat' dir='ltr'><strong>genuinis,</strong></span> 
     </span>
    </p>
   </div>
   <div class='ocr_carea' id='block_1_40' title="bbox 537 4344 3843 4427">
    <p class='ocr_par' dir='ltr' id='par_1_40' title="bbox 537 4344 3843 4427">
     <span class='ocr_line' id='line_1_40' title="bbox 537 4344 3843 4427; baseline -0.001 -23"><span class='ocrx_word' id='word_1_487' title='bbox 537 4349 649 4427; x_wconf 88' lang='lat' dir='ltr'><strong>qui</strong></span> <span class='ocrx_word' id='word_1_488' title='bbox 682 4365 761 4410; x_wconf 89' lang='lat' dir='ltr'><strong>ne</strong></span> <span class='ocrx_word' id='word_1_489' title='bbox 794 4348 988 4409; x_wconf 90' lang='lat' dir='ltr'><strong>verbo</strong></span> <span class='ocrx_word' id='word_1_490' title='bbox 1015 4348 1275 4427; x_wconf 89' lang='lat' dir='ltr'><strong>quidem</strong></span> <span class='ocrx_word' id='word_1_491' title='bbox 1304 4356 1490 4412; x_wconf 87' lang='lat' dir='ltr'><strong>tenus</strong></span> <span class='ocrx_word' id='word_1_492' title='bbox 1521 4346 1926 4422; x_wconf 89' lang='lat' dir='ltr'><strong>abluderent,</strong></span> <span class='ocrx_word' id='word_1_493' title='bbox 1961 4348 2067 4409; x_wconf 92' lang='lat' dir='ltr'><strong>sed</strong></span> <span class='ocrx_word' id='word_1_494' title='bbox 2100 4350 2366 4409; x_wconf 92' lang='lat' dir='ltr'><strong>omnino</strong></span> <span class='ocrx_word' id='word_1_495' title='bbox 2412 4347 2632 4407; x_wconf 91' lang='lat' dir='ltr'><strong>iisdem</strong></span> <span class='ocrx_word' id='word_1_496' title='bbox 2669 4365 2817 4425; x_wconf 77' lang='lat' dir='ltr'><strong>quae</strong></span> <span class='ocrx_word' id='word_1_497' title='bbox 2845 4348 3169 4408; x_wconf 89' lang='lat' dir='ltr'><strong>Eusebius</strong></span> <span class='ocrx_word' id='word_1_498' title='bbox 3194 4344 3593 4424; x_wconf 88' lang='lat' dir='ltr'><strong>perscripsit,</strong></span> <span class='ocrx_word' id='word_1_499' title='bbox 3621 4344 3843 4405; x_wconf 90' lang='lat' dir='ltr'><strong>conti-</strong></span> 
     </span>
    </p>
   </div>
   <div class='ocr_carea' id='block_1_41' title="bbox 541 4445 3869 4530">
    <p class='ocr_par' dir='ltr' id='par_1_41' title="bbox 541 4445 3869 4530">
     <span class='ocr_line' id='line_1_41' title="bbox 541 4445 3869 4530; baseline -0.002 -18"><span class='ocrx_word' id='word_1_500' title='bbox 541 4450 676 4512; x_wconf 87' lang='lat' dir='ltr'><strong>neri</strong></span> <span class='ocrx_word' id='word_1_501' title='bbox 713 4450 1106 4524; x_wconf 90' lang='lat' dir='ltr'><strong>viderentur,</strong></span> <span class='ocrx_word' id='word_1_502' title='bbox 1134 4450 1255 4512; x_wconf 92' lang='lat' dir='ltr'><strong>hoc</strong></span> <span class='ocrx_word' id='word_1_503' title='bbox 1276 4470 1464 4530; x_wconf 91' lang='lat' dir='ltr'><strong>opus,</strong></span> <span class='ocrx_word' id='word_1_504' title='bbox 1488 4450 1592 4513; x_wconf 91' lang='lat' dir='ltr'><strong>hic</strong></span> <span class='ocrx_word' id='word_1_505' title='bbox 1618 4451 1802 4512; x_wconf 92' lang='lat' dir='ltr'><strong>labor</strong></span> <span class='ocrx_word' id='word_1_506' title='bbox 1830 4450 2163 4527; x_wconf 91' lang='lat' dir='ltr'><strong>improbus</strong></span> <span class='ocrx_word' id='word_1_507' title='bbox 2195 4449 2333 4511; x_wconf 89' lang='lat' dir='ltr'><strong>fuit.</strong></span> <span class='ocrx_word' id='word_1_508' title='bbox 2366 4448 2721 4511; x_wconf 83' lang='lat' dir='ltr'><strong>Maximam</strong></span> <span class='ocrx_word' id='word_1_509' title='bbox 2753 4445 3014 4525; x_wconf 90' lang='lat' dir='ltr'><strong>quidem</strong></span> <span class='ocrx_word' id='word_1_510' title='bbox 3044 4445 3557 4525; x_wconf 89' lang='lat' dir='ltr'><strong>fragmentorum</strong></span> <span class='ocrx_word' id='word_1_511' title='bbox 3589 4448 3869 4524; x_wconf 76' lang='lat' dir='ltr'><strong>partem‘</strong></span> 
     </span>
    </p>
   </div>
   <div class='ocr_carea' id='block_1_42' title="bbox 538 4546 3848 4631">
    <p class='ocr_par' dir='ltr' id='par_1_42' title="bbox 538 4546 3848 4631">
     <span class='ocr_line' id='line_1_42' title="bbox 538 4546 3848 4631; baseline -0 -22"><span class='ocrx_word' id='word_1_512' title='bbox 538 4549 850 4629; x_wconf 87' lang='lat' dir='ltr'><strong>Georgius</strong></span> <span class='ocrx_word' id='word_1_513' title='bbox 884 4549 990 4611; x_wconf 92' lang='lat' dir='ltr'><strong>ille</strong></span> <span class='ocrx_word' id='word_1_514' title='bbox 1033 4550 1393 4631; x_wconf 87' lang='lat' dir='ltr'><strong>Syncellus,</strong></span> <span class='ocrx_word' id='word_1_515' title='bbox 1444 4558 1579 4613; x_wconf 90' lang='lat' dir='ltr'><strong>tum</strong></span> <span class='ocrx_word' id='word_1_516' title='bbox 1628 4552 1983 4625; x_wconf 85' lang='lat' dir='ltr'><strong>Paschalis,</strong></span> <span class='ocrx_word' id='word_1_517' title='bbox 2040 4552 2176 4613; x_wconf 90' lang='lat' dir='ltr'><strong>sive</strong></span> <span class='ocrx_word' id='word_1_518' title='bbox 2227 4550 2652 4612; x_wconf 82' lang='lat' dir='ltr'><strong>Alexandrini</strong></span> <span class='ocrx_word' id='word_1_519' title='bbox 2682 4549 2987 4611; x_wconf 88' lang='lat' dir='ltr'><strong>Chronici</strong></span> <span class='ocrx_word' id='word_1_520' title='bbox 3032 4555 3259 4611; x_wconf 89' lang='lat' dir='ltr'><strong>auctor</strong></span> <span class='ocrx_word' id='word_1_521' title='bbox 3300 4546 3848 4629; x_wconf 85' lang='lat' dir='ltr'><strong>suppeditarunt;</strong></span> 
     </span>
    </p>
   </div>
   <div class='ocr_carea' id='block_1_43' title="bbox 535 4650 3855 4733">
    <p class='ocr_par' dir='ltr' id='par_1_43' title="bbox 535 4650 3855 4733">
     <span class='ocr_line' id='line_1_43' title="bbox 535 4650 3855 4733; baseline -0.001 -19"><span class='ocrx_word' id='word_1_522' title='bbox 535 4651 643 4714; x_wconf 87' lang='lat' dir='ltr'><strong>sed</strong></span> <span class='ocrx_word' id='word_1_523' title='bbox 672 4653 796 4714; x_wconf 89' lang='lat' dir='ltr'><strong>alia</strong></span> <span class='ocrx_word' id='word_1_524' title='bbox 835 4658 1047 4714; x_wconf 90' lang='lat' dir='ltr'><strong>tamen</strong></span> <span class='ocrx_word' id='word_1_525' title='bbox 1078 4653 1244 4731; x_wconf 90' lang='lat' dir='ltr'><strong>apud</strong></span> <span class='ocrx_word' id='word_1_526' title='bbox 1281 4654 1443 4714; x_wconf 91' lang='lat' dir='ltr'><strong>alios</strong></span> <span class='ocrx_word' id='word_1_527' title='bbox 1472 4654 1866 4733; x_wconf 83' lang='lat' dir='ltr'><strong>investigare</strong></span> <span class='ocrx_word' id='word_1_528' title='bbox 1904 4654 2391 4733; x_wconf 89' lang='lat' dir='ltr'><strong>diligentissime</strong></span> <span class='ocrx_word' id='word_1_529' title='bbox 2436 4671 2704 4715; x_wconf 90' lang='lat' dir='ltr'><strong>necesse</strong></span> <span class='ocrx_word' id='word_1_530' title='bbox 2747 4653 2888 4724; x_wconf 89' lang='lat' dir='ltr'><strong>fuit,</strong></span> <span class='ocrx_word' id='word_1_531' title='bbox 2931 4652 3294 4714; x_wconf 89' lang='lat' dir='ltr'><strong>Cedrenum</strong></span> <span class='ocrx_word' id='word_1_532' title='bbox 3328 4659 3486 4731; x_wconf 88' lang='lat' dir='ltr'><strong>puta</strong></span> <span class='ocrx_word' id='word_1_533' title='bbox 3540 4655 3603 4712; x_wconf 93' lang='lat' dir='ltr'><strong>et</strong></span> <span class='ocrx_word' id='word_1_534' title='bbox 3655 4650 3855 4712; x_wconf 89' lang='lat' dir='ltr'><strong>Nice-</strong></span> 
     </span>
    </p>
   </div>
   <div class='ocr_carea' id='block_1_44' title="bbox 540 4750 3845 4833">
    <p class='ocr_par' dir='ltr' id='par_1_44' title="bbox 540 4750 3845 4833">
     <span class='ocr_line' id='line_1_44' title="bbox 540 4750 3845 4833; baseline -0 -20"><span class='ocrx_word' id='word_1_535' title='bbox 540 4752 840 4833; x_wconf 91' lang='lat' dir='ltr'><strong>phorum,</strong></span> <span class='ocrx_word' id='word_1_536' title='bbox 878 4754 1337 4833; x_wconf 84' lang='lat' dir='ltr'><strong>Theophanem</strong></span> <span class='ocrx_word' id='word_1_537' title='bbox 1365 4759 1425 4816; x_wconf 91' lang='lat' dir='ltr'><strong>et</strong></span> <span class='ocrx_word' id='word_1_538' title='bbox 1457 4755 1557 4815; x_wconf 89' lang='lat' dir='ltr'><strong>Jo.</strong></span> <span class='ocrx_word' id='word_1_539' title='bbox 1602 4754 1865 4827; x_wconf 87' lang='lat' dir='ltr'><strong>Malala,</strong></span> <span class='ocrx_word' id='word_1_540' title='bbox 1897 4771 2181 4833; x_wconf 90' lang='lat' dir='ltr'><strong>quorum</strong></span> <span class='ocrx_word' id='word_1_541' title='bbox 2233 4755 2563 4817; x_wconf 85' lang='lat' dir='ltr'><strong>volumina</strong></span> <span class='ocrx_word' id='word_1_542' title='bbox 2596 4753 2673 4815; x_wconf 87' lang='lat' dir='ltr'><strong>ad</strong></span> <span class='ocrx_word' id='word_1_543' title='bbox 2721 4753 3023 4831; x_wconf 85' lang='lat' dir='ltr'><strong>exiguam</strong></span> <span class='ocrx_word' id='word_1_544' title='bbox 3065 4753 3414 4829; x_wconf 90' lang='lat' dir='ltr'><strong>quamdam</strong></span> <span class='ocrx_word' id='word_1_545' title='bbox 3466 4750 3845 4831; x_wconf 87' lang='lat' dir='ltr'><strong>periocbam</strong></span> 
     </span>
    </p>
   </div>
   <div class='ocr_carea' id='block_1_45' title="bbox 539 4856 3851 4939">
    <p class='ocr_par' dir='ltr' id='par_1_45' title="bbox 539 4856 3851 4939">
     <span class='ocr_line' id='line_1_45' title="bbox 539 4856 3851 4939; baseline 0.001 -24"><span class='ocrx_word' id='word_1_546' title='bbox 539 4856 1023 4937; x_wconf 87' lang='lat' dir='ltr'><strong>expiscandam,</strong></span> <span class='ocrx_word' id='word_1_547' title='bbox 1056 4858 1498 4936; x_wconf 85' lang='lat' dir='ltr'><strong>percurrimus</strong></span> <span class='ocrx_word' id='word_1_548' title='bbox 1536 4875 1705 4937; x_wconf 56' lang='lat' dir='ltr'><strong>saepe</strong></span> <span class='ocrx_word' id='word_1_549' title='bbox 1734 4858 1985 4936; x_wconf 88' lang='lat' dir='ltr'><strong>integra</strong></span> <span class='ocrx_word' id='word_1_550' title='bbox 2013 4880 2027 4919; x_wconf 90' lang='lat'><strong>:</strong></span> <span class='ocrx_word' id='word_1_551' title='bbox 2056 4863 2122 4918; x_wconf 91' lang='lat' dir='ltr'><strong>ut</strong></span> <span class='ocrx_word' id='word_1_552' title='bbox 2156 4875 2265 4920; x_wconf 90' lang='lat' dir='ltr'><strong>eos</strong></span> <span class='ocrx_word' id='word_1_553' title='bbox 2296 4857 2486 4920; x_wconf 91' lang='lat' dir='ltr'><strong>modo</strong></span> <span class='ocrx_word' id='word_1_554' title='bbox 2517 4865 2761 4920; x_wconf 89' lang='lat' dir='ltr'><strong>taceam</strong></span> <span class='ocrx_word' id='word_1_555' title='bbox 2798 4875 3083 4937; x_wconf 90' lang='lat' dir='ltr'><strong>quorum</strong></span> <span class='ocrx_word' id='word_1_556' title='bbox 3124 4858 3260 4939; x_wconf 87' lang='lat' dir='ltr'><strong>ipse</strong></span> <span class='ocrx_word' id='word_1_557' title='bbox 3292 4856 3446 4918; x_wconf 92' lang='lat' dir='ltr'><strong>olim</strong></span> <span class='ocrx_word' id='word_1_558' title='bbox 3477 4856 3851 4920; x_wconf 86' lang='lat' dir='ltr'><strong>testimonia</strong></span> 
     </span>
    </p>
   </div>
   <div class='ocr_carea' id='block_1_46' title="bbox 543 4955 3848 5038">
    <p class='ocr_par' dir='ltr' id='par_1_46' title="bbox 543 4955 3848 5038">
     <span class='ocr_line' id='line_1_46' title="bbox 543 4955 3848 5038; baseline 0.001 -22"><span class='ocrx_word' id='word_1_559' title='bbox 543 4955 865 5018; x_wconf 90' lang='lat' dir='ltr'><strong>Eusebius</strong></span> <span class='ocrx_word' id='word_1_560' title='bbox 894 4957 1315 5037; x_wconf 90' lang='lat' dir='ltr'><strong>descripserat</strong></span> <span class='ocrx_word' id='word_1_561' title='bbox 1352 4955 1525 5038; x_wconf 92' lang='lat' dir='ltr'><strong>(nam</strong></span> <span class='ocrx_word' id='word_1_562' title='bbox 1552 4956 1862 5037; x_wconf 90' lang='lat' dir='ltr'><strong>Scaligeri</strong></span> <span class='ocrx_word' id='word_1_563' title='bbox 1895 4958 2324 5021; x_wconf 85' lang='lat' dir='ltr'><strong>Collectaneis</strong></span> <span class='ocrx_word' id='word_1_564' title='bbox 2364 4959 2457 5020; x_wconf 93' lang='lat' dir='ltr'><strong>bis</strong></span> <span class='ocrx_word' id='word_1_565' title='bbox 2489 4965 2716 5037; x_wconf 90' lang='lat' dir='ltr'><strong>terque</strong></span> <span class='ocrx_word' id='word_1_566' title='bbox 2745 4957 2823 5022; x_wconf 86' lang='lat' dir='ltr'><strong>ad</strong></span> <span class='ocrx_word' id='word_1_567' title='bbox 2850 4976 3176 5020; x_wconf 88' lang='lat' dir='ltr'><strong>summum</strong></span> <span class='ocrx_word' id='word_1_568' title='bbox 3215 4958 3739 5035; x_wconf 90' lang='lat' dir='ltr'><strong>conquievimus,</strong></span> <span class='ocrx_word' id='word_1_569' title='bbox 3768 4961 3848 5018; x_wconf 89' lang='lat' dir='ltr'><strong>ut</strong></span> 
     </span>
    </p>
   </div>
   <div class='ocr_carea' id='block_1_47' title="bbox 538 5058 3847 5141">
    <p class='ocr_par' dir='ltr' id='par_1_47' title="bbox 538 5058 3847 5141">
     <span class='ocr_line' id='line_1_47' title="bbox 538 5058 3847 5141; baseline -0 -19"><span class='ocrx_word' id='word_1_570' title='bbox 538 5078 619 5122; x_wconf 92' lang='lat' dir='ltr'><strong>ne</strong></span> <span class='ocrx_word' id='word_1_571' title='bbox 654 5060 801 5140; x_wconf 92' lang='lat' dir='ltr'><strong>quis</strong></span> <span class='ocrx_word' id='word_1_572' title='bbox 834 5066 1095 5123; x_wconf 86' lang='lat' dir='ltr'><strong>vacaret</strong></span> <span class='ocrx_word' id='word_1_573' title='bbox 1122 5061 1503 5122; x_wconf 91' lang='lat' dir='ltr'><strong>documento</strong></span> <span class='ocrx_word' id='word_1_574' title='bbox 1533 5060 1754 5139; x_wconf 91' lang='lat' dir='ltr'><strong>aliquo</strong></span> <span class='ocrx_word' id='word_1_575' title='bbox 1792 5058 2026 5141; x_wconf 92' lang='lat' dir='ltr'><strong>locus),</strong></span> <span class='ocrx_word' id='word_1_576' title='bbox 2067 5064 2297 5123; x_wconf 65' lang='lat' dir='ltr'><strong>caetera</strong></span> <span class='ocrx_word' id='word_1_577' title='bbox 2329 5065 2457 5121; x_wconf 91' lang='lat' dir='ltr'><strong>tam</strong></span> <span class='ocrx_word' id='word_1_578' title='bbox 2495 5061 2862 5139; x_wconf 89' lang='lat' dir='ltr'><strong>diligenter,</strong></span> <span class='ocrx_word' id='word_1_579' title='bbox 2921 5067 3179 5140; x_wconf 90' lang='lat' dir='ltr'><strong>tamque</strong></span> <span class='ocrx_word' id='word_1_580' title='bbox 3214 5059 3487 5121; x_wconf 89' lang='lat' dir='ltr'><strong>tideliter</strong></span> <span class='ocrx_word' id='word_1_581' title='bbox 3531 5074 3847 5137; x_wconf 86' lang='lat' dir='ltr'><strong>expressa</strong></span> 
     </span>
    </p>
   </div>
   <div class='ocr_carea' id='block_1_48' title="bbox 540 5159 3843 5244">
    <p class='ocr_par' dir='ltr' id='par_1_48' title="bbox 540 5159 3843 5244">
     <span class='ocr_line' id='line_1_48' title="bbox 540 5159 3843 5244; baseline -0.002 -20"><span class='ocrx_word' id='word_1_582' title='bbox 540 5170 718 5237; x_wconf 90' lang='lat' dir='ltr'><strong>sunt,</strong></span> <span class='ocrx_word' id='word_1_583' title='bbox 756 5170 824 5224; x_wconf 90' lang='lat' dir='ltr'><strong>ut</strong></span> <span class='ocrx_word' id='word_1_584' title='bbox 858 5169 916 5223; x_wconf 92' lang='lat' dir='ltr'><strong>et</strong></span> <span class='ocrx_word' id='word_1_585' title='bbox 944 5165 1177 5244; x_wconf 87' lang='lat' dir='ltr'><strong>pagina</strong></span> <span class='ocrx_word' id='word_1_586' title='bbox 1210 5161 1725 5241; x_wconf 90' lang='lat' dir='ltr'><strong>uniuscujusque</strong></span> <span class='ocrx_word' id='word_1_587' title='bbox 1750 5163 2063 5235; x_wconf 87' lang='lat' dir='ltr'><strong>auctoris,</strong></span> <span class='ocrx_word' id='word_1_588' title='bbox 2095 5162 2173 5223; x_wconf 89' lang='lat' dir='ltr'><strong>ad</strong></span> <span class='ocrx_word' id='word_1_589' title='bbox 2208 5162 2563 5225; x_wconf 90' lang='lat' dir='ltr'><strong>faciendam</strong></span> <span class='ocrx_word' id='word_1_590' title='bbox 2599 5162 2693 5224; x_wconf 87' lang='lat' dir='ltr'><strong>rei</strong></span> <span class='ocrx_word' id='word_1_591' title='bbox 2742 5161 2957 5238; x_wconf 79' lang='lat' dir='ltr'><strong>fidem,</strong></span> <span class='ocrx_word' id='word_1_592' title='bbox 2988 5161 3262 5240; x_wconf 90' lang='lat' dir='ltr'><strong>singulis</strong></span> <span class='ocrx_word' id='word_1_593' title='bbox 3298 5159 3682 5221; x_wconf 85' lang='lat' dir='ltr'><strong>testimoniis</strong></span> <span class='ocrx_word' id='word_1_594' title='bbox 3708 5176 3843 5221; x_wconf 86' lang='lat' dir='ltr'><strong>an-</strong></span> 
     </span>
    </p>
   </div>
   <div class='ocr_carea' id='block_1_49' title="bbox 536 5261 3840 5345">
    <p class='ocr_par' dir='ltr' id='par_1_49' title="bbox 536 5261 3840 5345">
     <span class='ocr_line' id='line_1_49' title="bbox 536 5261 3840 5345; baseline -0.002 -17"><span class='ocrx_word' id='word_1_595' title='bbox 536 5272 819 5328; x_wconf 85' lang='lat' dir='ltr'><strong>notetur.</strong></span> <span class='ocrx_word' id='word_1_596' title='bbox 853 5263 930 5325; x_wconf 91' lang='lat' dir='ltr'><strong>Et</strong></span> <span class='ocrx_word' id='word_1_597' title='bbox 960 5282 1111 5327; x_wconf 90' lang='lat' dir='ltr'><strong>vero</strong></span> <span class='ocrx_word' id='word_1_598' title='bbox 1142 5266 1192 5327; x_wconf 91' lang='lat' dir='ltr'><strong>si</strong></span> <span class='ocrx_word' id='word_1_599' title='bbox 1232 5264 1390 5325; x_wconf 92' lang='lat' dir='ltr'><strong>nihil</strong></span> <span class='ocrx_word' id='word_1_600' title='bbox 1419 5271 1729 5345; x_wconf 59' lang='lat' dir='ltr'><strong>praeterea</strong></span> <span class='ocrx_word' id='word_1_601' title='bbox 1756 5265 1931 5327; x_wconf 89' lang='lat' dir='ltr'><strong>aliud</strong></span> <span class='ocrx_word' id='word_1_602' title='bbox 1970 5266 2325 5343; x_wconf 65' lang='lat' dir='ltr'><strong>praestitum</strong></span> <span class='ocrx_word' id='word_1_603' title='bbox 2357 5281 2393 5326; x_wconf 93' lang='lat' dir='ltr'><strong>a</strong></span> <span class='ocrx_word' id='word_1_604' title='bbox 2428 5265 2612 5326; x_wconf 91' lang='lat' dir='ltr'><strong>nobis</strong></span> <span class='ocrx_word' id='word_1_605' title='bbox 2644 5271 2816 5327; x_wconf 87' lang='lat' dir='ltr'><strong>esset</strong></span> <span class='ocrx_word' id='word_1_606' title='bbox 2843 5265 2908 5325; x_wconf 92' lang='lat' dir='ltr'><strong>in</strong></span> <span class='ocrx_word' id='word_1_607' title='bbox 2939 5265 3063 5325; x_wconf 93' lang='lat' dir='ltr'><strong>hoc</strong></span> <span class='ocrx_word' id='word_1_608' title='bbox 3088 5261 3471 5325; x_wconf 89' lang='lat' dir='ltr'><strong>exornando</strong></span> <span class='ocrx_word' id='word_1_609' title='bbox 3491 5262 3840 5338; x_wconf 90' lang='lat' dir='ltr'><strong>Chronico,</strong></span> 
     </span>
    </p>
   </div>
   <div class='ocr_carea' id='block_1_50' title="bbox 536 5363 3845 5444">
    <p class='ocr_par' dir='ltr' id='par_1_50' title="bbox 536 5363 3845 5444">
     <span class='ocr_line' id='line_1_50' title="bbox 536 5363 3845 5444; baseline -0.001 -14"><span class='ocrx_word' id='word_1_610' title='bbox 536 5373 703 5430; x_wconf 88' lang='lat' dir='ltr'><strong>esset</strong></span> <span class='ocrx_word' id='word_1_611' title='bbox 743 5373 954 5428; x_wconf 89' lang='lat' dir='ltr'><strong>tamen</strong></span> <span class='ocrx_word' id='word_1_612' title='bbox 987 5383 1102 5428; x_wconf 90' lang='lat' dir='ltr'><strong>cur</strong></span> <span class='ocrx_word' id='word_1_613' title='bbox 1132 5366 1286 5427; x_wconf 90' lang='lat' dir='ltr'><strong>satis</strong></span> <span class='ocrx_word' id='word_1_614' title='bbox 1327 5366 1489 5427; x_wconf 89' lang='lat' dir='ltr'><strong>bene</strong></span> <span class='ocrx_word' id='word_1_615' title='bbox 1533 5367 1607 5428; x_wconf 87' lang='lat' dir='ltr'><strong>de</strong></span> <span class='ocrx_word' id='word_1_616' title='bbox 1637 5364 1943 5437; x_wconf 87' lang='lat' dir='ltr'><strong>Eusebio,</strong></span> <span class='ocrx_word' id='word_1_617' title='bbox 1996 5366 2268 5444; x_wconf 86' lang='lat' dir='ltr'><strong>ejusque</strong></span> <span class='ocrx_word' id='word_1_618' title='bbox 2320 5366 2632 5444; x_wconf 91' lang='lat' dir='ltr'><strong>imprimis</strong></span> <span class='ocrx_word' id='word_1_619' title='bbox 2686 5368 3039 5443; x_wconf 86' lang='lat' dir='ltr'><strong>interprete</strong></span> <span class='ocrx_word' id='word_1_620' title='bbox 3088 5364 3486 5443; x_wconf 87' lang='lat' dir='ltr'><strong>Hieronymo</strong></span> <span class='ocrx_word' id='word_1_621' title='bbox 3529 5363 3845 5426; x_wconf 87' lang='lat' dir='ltr'><strong>meruisse</strong></span> 
     </span>
    </p>
   </div>
   <div class='ocr_carea' id='block_1_51' title="bbox 538 5467 3851 5549">
    <p class='ocr_par' dir='ltr' id='par_1_51' title="bbox 538 5467 3851 5549">
     <span class='ocr_line' id='line_1_51' title="bbox 538 5467 3851 5549; baseline -0 -19"><span class='ocrx_word' id='word_1_622' title='bbox 538 5469 1030 5531; x_wconf 84' lang='lat' dir='ltr'><strong>confideremus.</strong></span> <span class='ocrx_word' id='word_1_623' title='bbox 1090 5468 1207 5530; x_wconf 93' lang='lat' dir='ltr'><strong>Sed</strong></span> <span class='ocrx_word' id='word_1_624' title='bbox 1241 5474 1337 5530; x_wconf 88' lang='lat' dir='ltr'><strong>est</strong></span> <span class='ocrx_word' id='word_1_625' title='bbox 1362 5468 1525 5531; x_wconf 92' lang='lat' dir='ltr'><strong>liher</strong></span> <span class='ocrx_word' id='word_1_626' title='bbox 1561 5470 1701 5542; x_wconf 92' lang='lat' dir='ltr'><strong>iste,</strong></span> <span class='ocrx_word' id='word_1_627' title='bbox 1731 5469 1901 5547; x_wconf 90' lang='lat' dir='ltr'><strong>quod</strong></span> <span class='ocrx_word' id='word_1_628' title='bbox 1936 5469 2145 5549; x_wconf 89' lang='lat' dir='ltr'><strong>primo</strong></span> <span class='ocrx_word' id='word_1_629' title='bbox 2176 5468 2392 5529; x_wconf 86' lang='lat' dir='ltr'><strong>statim</strong></span> <span class='ocrx_word' id='word_1_630' title='bbox 2421 5469 2658 5529; x_wconf 91' lang='lat' dir='ltr'><strong>intuitu</strong></span> <span class='ocrx_word' id='word_1_631' title='bbox 2693 5473 2987 5547; x_wconf 91' lang='lat' dir='ltr'><strong>apparet,</strong></span> <span class='ocrx_word' id='word_1_632' title='bbox 3014 5468 3107 5529; x_wconf 88' lang='lat' dir='ltr'><strong>ita</strong></span> <span class='ocrx_word' id='word_1_633' title='bbox 3159 5468 3468 5543; x_wconf 90' lang='lat' dir='ltr'><strong>scriptus,</strong></span> <span class='ocrx_word' id='word_1_634' title='bbox 3497 5473 3566 5529; x_wconf 90' lang='lat' dir='ltr'><strong>ut</strong></span> <span class='ocrx_word' id='word_1_635' title='bbox 3605 5467 3851 5529; x_wconf 81' lang='lat' dir='ltr'><strong>frustra</strong></span> 
     </span>
    </p>
   </div>
   <div class='ocr_carea' id='block_1_52' title="bbox 538 5569 3847 5652">
    <p class='ocr_par' dir='ltr' id='par_1_52' title="bbox 538 5569 3847 5652">
     <span class='ocr_line' id='line_1_52' title="bbox 538 5569 3847 5652; baseline -0.002 -19"><span class='ocrx_word' id='word_1_636' title='bbox 538 5571 775 5650; x_wconf 84' lang='lat' dir='ltr'><strong>aliquis</strong></span> <span class='ocrx_word' id='word_1_637' title='bbox 812 5574 1047 5652; x_wconf 60' lang='lat' dir='ltr'><strong>asperet,</strong></span> <span class='ocrx_word' id='word_1_638' title='bbox 1077 5588 1145 5633; x_wconf 90' lang='lat' dir='ltr'><strong>se</strong></span> <span class='ocrx_word' id='word_1_639' title='bbox 1178 5589 1325 5633; x_wconf 90' lang='lat' dir='ltr'><strong>eum</strong></span> <span class='ocrx_word' id='word_1_640' title='bbox 1358 5571 1455 5634; x_wconf 87' lang='lat' dir='ltr'><strong>vel</strong></span> <span class='ocrx_word' id='word_1_641' title='bbox 1496 5571 1824 5650; x_wconf 89' lang='lat' dir='ltr'><strong>explicare</strong></span> <span class='ocrx_word' id='word_1_642' title='bbox 1860 5574 2033 5643; x_wconf 90' lang='lat' dir='ltr'><strong>aliis,</strong></span> <span class='ocrx_word' id='word_1_643' title='bbox 2075 5570 2173 5633; x_wconf 89' lang='lat' dir='ltr'><strong>vel</strong></span> <span class='ocrx_word' id='word_1_644' title='bbox 2206 5570 2569 5652; x_wconf 86' lang='lat' dir='ltr'><strong>intelligere</strong></span> <span class='ocrx_word' id='word_1_645' title='bbox 2621 5573 2780 5633; x_wconf 89' lang='lat' dir='ltr'><strong>satis</strong></span> <span class='ocrx_word' id='word_1_646' title='bbox 2828 5588 3043 5651; x_wconf 90' lang='lat' dir='ltr'><strong>posse,</strong></span> <span class='ocrx_word' id='word_1_647' title='bbox 3085 5571 3247 5647; x_wconf 89' lang='lat' dir='ltr'><strong>quin</strong></span> <span class='ocrx_word' id='word_1_648' title='bbox 3300 5571 3521 5633; x_wconf 87' lang='lat' dir='ltr'><strong>omnia</strong></span> <span class='ocrx_word' id='word_1_649' title='bbox 3551 5569 3847 5631; x_wconf 88' lang='lat' dir='ltr'><strong>omnium</strong></span> 
     </span>
    </p>
   </div>
   <div class='ocr_carea' id='block_1_53' title="bbox 540 5670 3846 5754">
    <p class='ocr_par' dir='ltr' id='par_1_53' title="bbox 540 5670 3846 5754">
     <span class='ocr_line' id='line_1_53' title="bbox 540 5670 3846 5754; baseline -0.002 -17"><span class='ocrx_word' id='word_1_650' title='bbox 540 5680 849 5745; x_wconf 90' lang='lat' dir='ltr'><strong>veterum,</strong></span> <span class='ocrx_word' id='word_1_651' title='bbox 885 5675 1449 5754; x_wconf 89' lang='lat' dir='ltr'><strong>recentiorumque</strong></span> <span class='ocrx_word' id='word_1_652' title='bbox 1495 5678 1832 5735; x_wconf 86' lang='lat' dir='ltr'><strong>auctorum</strong></span> <span class='ocrx_word' id='word_1_653' title='bbox 1889 5675 2131 5737; x_wconf 89' lang='lat' dir='ltr'><strong>scrinia</strong></span> <span class='ocrx_word' id='word_1_654' title='bbox 2181 5676 2565 5748; x_wconf 85' lang='lat' dir='ltr'><strong>excusserit,</strong></span> <span class='ocrx_word' id='word_1_655' title='bbox 2622 5674 2685 5733; x_wconf 92' lang='lat' dir='ltr'><strong>in</strong></span> <span class='ocrx_word' id='word_1_656' title='bbox 2721 5674 2959 5752; x_wconf 90' lang='lat' dir='ltr'><strong>quibus</strong></span> <span class='ocrx_word' id='word_1_657' title='bbox 3005 5671 3249 5750; x_wconf 88' lang='lat' dir='ltr'><strong>aliquid</strong></span> <span class='ocrx_word' id='word_1_658' title='bbox 3284 5672 3383 5733; x_wconf 90' lang='lat' dir='ltr'><strong>vel</strong></span> <span class='ocrx_word' id='word_1_659' title='bbox 3430 5672 3506 5734; x_wconf 88' lang='lat' dir='ltr'><strong>ad</strong></span> <span class='ocrx_word' id='word_1_660' title='bbox 3555 5670 3846 5731; x_wconf 64' lang='lat' dir='ltr'><strong>historias</strong></span> 
     </span>
    </p>
   </div>
   <div class='ocr_carea' id='block_1_54' title="bbox 538 5771 3851 5859">
    <p class='ocr_par' dir='ltr' id='par_1_54' title="bbox 538 5771 3851 5859">
     <span class='ocr_line' id='line_1_54' title="bbox 538 5771 3851 5859; baseline -0.003 -18"><span class='ocrx_word' id='word_1_661' title='bbox 538 5776 897 5856; x_wconf 87' lang='lat' dir='ltr'><strong>veritatem,</strong></span> <span class='ocrx_word' id='word_1_662' title='bbox 930 5778 1027 5841; x_wconf 89' lang='lat' dir='ltr'><strong>vel</strong></span> <span class='ocrx_word' id='word_1_663' title='bbox 1052 5777 1128 5840; x_wconf 89' lang='lat' dir='ltr'><strong>ad</strong></span> <span class='ocrx_word' id='word_1_664' title='bbox 1164 5783 1525 5859; x_wconf 88' lang='lat' dir='ltr'><strong>temporum</strong></span> <span class='ocrx_word' id='word_1_665' title='bbox 1558 5778 1787 5853; x_wconf 90' lang='lat' dir='ltr'><strong>seriem</strong></span> <span class='ocrx_word' id='word_1_666' title='bbox 1822 5776 2161 5856; x_wconf 87' lang='lat' dir='ltr'><strong>pertineat.</strong></span> <span class='ocrx_word' id='word_1_667' title='bbox 2209 5776 2469 5839; x_wconf 84' lang='lat' dir='ltr'><strong>Nullum</strong></span> <span class='ocrx_word' id='word_1_668' title='bbox 2519 5775 2678 5837; x_wconf 87' lang='lat' dir='ltr'><strong>adeo</strong></span> <span class='ocrx_word' id='word_1_669' title='bbox 2729 5791 2846 5837; x_wconf 86' lang='lat' dir='ltr'><strong>nos</strong></span> <span class='ocrx_word' id='word_1_670' title='bbox 2896 5778 3150 5855; x_wconf 88' lang='lat' dir='ltr'><strong>gestum</strong></span> <span class='ocrx_word' id='word_1_671' title='bbox 3180 5775 3548 5854; x_wconf 83' lang='lat' dir='ltr'><strong>expendere</strong></span> <span class='ocrx_word' id='word_1_672' title='bbox 3576 5774 3642 5833; x_wconf 90' lang='lat' dir='ltr'><strong>in</strong></span> <span class='ocrx_word' id='word_1_673' title='bbox 3673 5771 3851 5833; x_wconf 88' lang='lat' dir='ltr'><strong>notis</strong></span> 
     </span>
    </p>
   </div>
   <div class='ocr_carea' id='block_1_55' title="bbox 536 5872 3846 5959">
    <p class='ocr_par' dir='ltr' id='par_1_55' title="bbox 536 5872 3846 5959">
     <span class='ocr_line' id='line_1_55' title="bbox 536 5872 3846 5959; baseline -0.002 -17"><span class='ocrx_word' id='word_1_674' title='bbox 536 5881 1092 5959; x_wconf 65' lang='lat' dir='ltr'><strong>pratermisimus,</strong></span> <span class='ocrx_word' id='word_1_675' title='bbox 1128 5886 1195 5944; x_wconf 77' lang='lat' dir='ltr'><strong>u.‘</strong></span> <span class='ocrx_word' id='word_1_676' title='bbox 1233 5880 1527 5945; x_wconf 84' lang='lat' dir='ltr'><strong>lectionis</strong></span> <span class='ocrx_word' id='word_1_677' title='bbox 1574 5879 1878 5959; x_wconf 88' lang='lat' dir='ltr'><strong>primum,</strong></span> <span class='ocrx_word' id='word_1_678' title='bbox 1928 5896 2045 5942; x_wconf 89' lang='lat' dir='ltr'><strong>nec</strong></span> <span class='ocrx_word' id='word_1_679' title='bbox 2090 5877 2303 5942; x_wconf 87' lang='lat' dir='ltr'><strong>solum</strong></span> <span class='ocrx_word' id='word_1_680' title='bbox 2351 5878 2635 5952; x_wconf 70' lang='lat' dir='ltr'><strong>Latium,</strong></span> <span class='ocrx_word' id='word_1_681' title='bbox 2681 5876 2793 5941; x_wconf 86' lang='lat' dir='ltr'><strong>sed</strong></span> <span class='ocrx_word' id='word_1_682' title='bbox 2834 5883 2896 5942; x_wconf 91' lang='lat' dir='ltr'><strong>et</strong></span> <span class='ocrx_word' id='word_1_683' title='bbox 2931 5876 3205 5955; x_wconf 54' lang='lat' dir='ltr'><strong>Graecas,</strong></span> <span class='ocrx_word' id='word_1_684' title='bbox 3240 5873 3457 5956; x_wconf 90' lang='lat' dir='ltr'><strong>quoad</strong></span> <span class='ocrx_word' id='word_1_685' title='bbox 3509 5873 3651 5954; x_wconf 89' lang='lat' dir='ltr'><strong>ejus</strong></span> <span class='ocrx_word' id='word_1_686' title='bbox 3700 5872 3846 5937; x_wconf 78' lang='lat' dir='ltr'><strong>ﬁeri</strong></span> 
     </span>
    </p>
   </div>
  </div>
