4064 6496
229 351 293 404 57
594 340 1162 406 INTERPRETATIO
1199 339 1572 403 CIIRONICIE
1610 346 1886 406 EUSEBll
1923 342 2267 405 PAMPlllLl.
2313 347 2689 404 PIUEFATIO
2729 347 3130 406 HIERONYMI.

3451 345 3522 404 58

224 476 321 532 gua
349 474 528 531 prosa:
553 461 738 518 verbis
767 463 1201 533 interpretetur,
1227 463 1432 520 videbit
1462 465 1709 520 ordinem
1745 464 1817 520 ri-
1844 477 1896 534 Α
1922 463 2110 532 minio,
2141 463 2235 518 sed
2281 463 2487 519 indicio
2515 465 2642 530 erit,
2669 464 2814 533 quod
2837 465 2939 520 sibi
2971 463 3204 519 historia
3231 462 3516 529 debeatur,

225 554 461 609 dit-uiuat
493 564 551 610 et
580 563 795 624 poetam
823 555 1335 626 eloquentissimum
1363 557 1452 611 vix
1478 556 1818 627 loquentem.

226 647 496 716 Quorsum
521 647 668 702 ista?
702 646 970 703 Videlicet
997 657 1059 702 ut
1091 663 1199 703 non
1227 647 1381 702 vobis
1409 648 1607 702 mirum
1641 647 1824 703 videa-

238 753 338 810 tur,
365 747 412 797 si
435 741 639 798 alicubi
673 743 1018 810 offendimus,
1051 744 1095 799 si
1128 743 1280 800 tarda
1308 746 1482 798 oratio
1509 753 1600 797 aut
1630 756 1824 800 conso-

230 836 480 891 nantibus
507 848 822 906 aSperatur,
855 847 952 892 aut
982 837 1263 893 vocalibus
1297 837 1472 893 hiulca
1525 849 1546 872 ει
1581 837 1664 892 vel
1691 835 1829 892 divi-

231 943 283 982 sa
311 929 400 993 sit,
433 940 532 982 aut
569 944 752 984 rerum
786 930 1029 1000 ipsarum
1060 928 1087 969 ι’
1119 931 1387 986 brevitate
1411 930 1825 999 constringitur,

233 1035 343 1075 cum
400 1021 767 1078 eruditissimi
823 1023 1075 1078 homines
1122 1024 1173 1077 in
1205 1023 1398 1079 eodem
1449 1037 1614 1093 opere
1663 1022 1829 1077 suda-

235 1113 402 1168 rerint
435 1131 449 1166 :
483 1123 544 1170 et
586 1115 654 1170 ad
701 1130 1054 1172 communem
1109 1115 1511 1179 difﬁittltatem,
1554 1132 1718 1187 quam
1777 1115 1832 1171 in

234 1210 374 1262 omni
406 1207 876 1278 interpretatione
903 1210 1111 1265 causati
1136 1221 1350 1272 sumus,
1391 1209 1494 1264 hoc
1521 1209 1678 1263 nobis
1708 1223 1835 1279 pre-

238 1301 411 1370 prium
445 1301 701 1366 accedat,
737 1303 882 1372 quod
911 1302 1146 1357 historia
1181 1303 1461 1374 multiplex
1495 1311 1600 1369 est,
1629 1301 1837 1356 habens

236 1393 460 1448 barbara
513 1397 763 1462 nomina,
819 1410 909 1450 res
951 1395 1258 1466 incognitas
1286 1394 1522 1461 Latinis,
1576 1410 1834 1450 numeros

236 1483 688 1555 inexplicabili-5,
717 1486 954 1558 virgulas
987 1488 1151 1542 rebus
1182 1486 1384 1556 pariter
1406 1502 1469 1541 ae
1499 1487 1743 1541 numeris
1763 1485 1839 1540 in-

242 1588 523 1644 tertexlas,
565 1588 624 1634 ut
647 1596 783 1649 pene
809 1580 1086 1638 difﬁcilius
1105 1582 1178 1636 sit
1206 1579 1420 1652 legendi
1454 1580 1701 1636 ordinent
1731 1581 1839 1634 dis—

240 1687 381 1734 cere,
407 1688 578 1741 quam
611 1671 681 1727 ad
735 1672 984 1729 lectionis
1016 1677 1262 1728 notitiam
1298 1674 1610 1741 pervenire.
1643 1671 1709 1728 Ut
1737 1688 1838 1726 au-

243 1774 341 1818 tem
373 1761 679 1820 manifesto
725 1776 1090 1836 cognoscatur
1117 1765 1340 1831 indicio,
1367 1766 1433 1819 ad
1464 1782 1626 1836 quem
1655 1781 1842 1820 nume-

1925 572 2047 612 cum
2079 556 2250 612 minio
2284 555 2423 610 faeta
2449 556 2626 613 littera
2655 558 2706 611 in
2735 557 3000 627 principio
3033 555 3380 612 enodationis
3411 556 3523 610 his-

1929 651 2108 715 toriae,
2167 647 2332 720 fquae
2376 650 2540 704 etiam
2594 650 2970 719 superioribus
3022 651 3194 718 signis
3241 648 3523 704 subdenda

1932 752 2038 806 est,
2075 742 2428 798 nihilominus
2458 743 2770 813 apparebit,
2800 744 2948 798 nullo
2971 743 3225 812 superius
3253 756 3524 797 memora-

1934 846 2112 892 torum
2165 838 2444 908 signorum
2492 838 2544 892 in
2573 837 2820 893 numeris
2855 838 3208 907 respondere.
3268 835 3362 892 Sin
3393 845 3524 891 vero

1933 945 2040 986 non
2086 931 2281 996 minio,
2334 931 2428 986 sed
2474 931 2683 986 mixtim
2717 930 2824 1003 [AL
2853 930 3106 1003 mixtum]
3138 931 3294 1000 nigro
3323 930 3523 984 rubro-

1932 1040 2037 1095 que
2087 1024 2265 1079 littera
2313 1022 2478 1078 fuerit
2507 1039 2792 1092 expressa,
2820 1024 3096 1095 refulgens
3116 1039 3184 1080 ex
3212 1023 3381 1079 rubro
3422 1037 3521 1078 nu-

1937 1132 2122 1173 merus
2153 1118 2205 1171 in
2228 1115 2471 1186 quintam
2491 1131 2844 1171 numerorum
2863 1117 3058 1170 lineam
3075 1119 3275 1187 poterit
3294 1114 3530 1170 adverti.

1940 1211 2006 1264 Et
2037 1210 2108 1265 ita
2160 1220 2312 1265 sexta
2366 1210 2504 1265 linea
2542 1211 2756 1266 numeri
2807 1207 3150 1276 etsecunda,
3199 1211 3428 1280 septima
3478 1216 3538 1264 ut

1939 1304 2098 1360 tertia
2130 1305 2528 1375 designabitur,
2561 1315 2750 1358 octava
2780 1317 2997 1374 quoque
3040 1311 3100 1358 ut
3127 1313 3318 1375 quarta
3365 1317 3534 1374 appa-

1942 1396 2084 1451 renti
2113 1397 2291 1452 littera
2324 1396 2568 1452 Itirolori.
2594 1395 2730 1451 Cum
2764 1411 2894 1452 vero
2928 1411 3028 1452 nec
3059 1396 3110 1450 ιιι
3141 1395 3403 1462 numeris,
3435 1407 3537 1451 nec

1942 1488 1996 1543 in
2024 1488 2409 1558 explanatione
2444 1489 2684 1544 historiae
2715 1489 2882 1544 ullum
2917 1485 3155 1553 illorum,
3189 1501 3310 1559 qua:
3344 1487 3540 1558 praedi-

1943 1584 2144 1653 ximus,
2175 1582 2454 1653 signorum
2487 1582 2670 1645 fuerit,
2706 1598 2845 1636 nona
2877 1583 3018 1639 linea
3043 1581 3187 1651 quod
3218 1591 3536 1637 annotatum

1945 1676 2129 1741 luerit,
2185 1674 2515 1730 vendicabit.
2574 1673 2690 1729 Non
2728 1683 2904 1728 tamen
2936 1676 3167 1728 ttomnia
3221 1670 3537 1744 huiusmodi

1948 1767 2276 1837 requirenda
2309 1775 2435 1821 sunt.
2478 1767 2819 1829 necessario,
2853 1783 2974 1820 cum
3018 1768 3193 1822 minor
3223 1777 3306 1821 est
3353 1783 3546 1821 nume-

243 1865 351 1913 rum
397 1858 641 1914 historia
687 1874 916 1930 quaeque
949 1862 1261 1931 pertineat,
1315 1859 1411 1914 has
1459 1860 1844 1915 distinctiones
1877 1876 1920 1936 Β
1951 1875 2042 1911 rus
2073 1859 2362 1913 linearum.
2391 1855 2548 1914 Unde
2576 1858 3019 1928 prmutonendtmt
3047 1869 3196 1928 puto,
3244 1856 3270 1894 ιι
3297 1869 3349 1912 ιιι
3385 1867 3548 1928 prout

243 1950 351 2021 ιιυεί
380 1966 444 2006 as
479 1951 663 2006 lector
705 1951 974 2017 advertat,
1005 1960 1062 2005 ιιι
1106 1952 1151 2006 si
1183 1952 1249 2006 ad
1284 1953 1514 2021 primum
1552 1967 1837 2007 numerum

243 2043 393 2112 regni
448 2045 711 2113 primitus
769 2045 1059 2098 cannotati
1113 2043 1338 2098 historia
1393 2042 1681 2099 referenda
1735 2051 1839 2109 est,

245 2139 478 2205 primam
509 2136 760 2190 litteram
811 2135 867 2190 in
909 2136 1299 2206 explanatione
1328 2135 1573 2191 historia:
1605 2145 1851 2190 contem-

246 2230 427 2298 pletur
462 2248 476 2282 ε
505 2239 562 2284 et
593 2229 867 2300 siquidem
894 2244 1014 2285 eam
1046 2245 1114 2285 ex
1145 2228 1315 2285 minio
1342 2229 1560 2299 viderit,
1609 2229 1684 2284 illi
1716 2241 1852 2285 tem-

244 2325 361 2393 pori
399 2324 816 2394 applicandam,
849 2325 932 2380 vel
965 2340 1108 2380 anno
1137 2324 1298 2393 sciat,
1324 2341 1490 2395 quem
1519 2326 1855 2395 suggesserit

246 2431 513 2472 numerus
536 2413 564 2453 ἀ
590 2417 848 2472 similiter
878 2418 1070 2472 eodem
1104 2417 1274 2472 minio
1317 2418 1599 2487 liguratus.
1633 2417 1688 2472 Si
1721 2430 1851 2470 vero

190 2517 197 2521 ‘
247 2524 544 2563 numerum
580 2524 688 2562 non
727 2524 884 2578 puro,
921 2510 1013 2563 sed
1049 2511 1217 2563 mixto
1250 2509 1405 2578 nigro
1454 2518 1701 2564 notatum
1732 2523 1854 2563 esse

248 2601 585 2669 perviderit,
628 2602 888 2656 secundae
913 2603 1068 2656 lineae
1092 2617 1319 2655 numero
1341 2601 1574 2656 debetur
1601 2600 1852 2654 historia.

248 2691 301 2746 Si
324 2700 524 2745 autem
552 2693 723 2746 tertio
758 2708 1107 2747 numerorum
1133 2692 1307 2746 ordini
1338 2691 1720 2762 applicandum
1745 2701 1850 2757 est,

249 2782 398 2851 quod
435 2784 601 2837 fuerit
636 2785 956 2853 ascriptum,
1008 2784 1245 2839 medium
1296 2799 1432 2852 puro
1477 2783 1645 2838 minio
1677 2799 1858 2838 unme-

254 2892 405 2942 rum,
453 2887 509 2932 et
555 2885 764 2946 partem
800 2878 1060 2946 reliquam
1093 2893 1160 2932 ex
1190 2877 1310 2931 solo
1343 2875 1501 2947 nigro
1542 2893 1859 2946 expressam

250 2969 698 3038 eonspicabitur.
717 2970 915 3036 Quarta
939 2980 962 3008 ο
989 2971 1195 3025 numeri
1223 2969 1362 3024 linea
1391 2969 1523 3024 nihil
1553 2969 1770 3024 habebit
1796 2985 1861 3025 ex

255 3112 491 3166 sthenes
523 3111 704 3166 Thrax
728 3111 1031 3181 explicasse
1074 3111 1274 3165 dicitur
1309 3127 1320 3161 :
1352 3108 1447 3164 alii
1489 3109 1558 3162 de
1600 3108 1860 3178 Dionysio

257 3181 502 3243 Thrace,
543 3198 648 3236 non
677 3182 904 3250 ignobili
941 3181 1331 3244 Grammatice,
1386 3182 1477 3250 qui
1511 3181 1634 3232 inde
1661 3194 1853 3248 cogno-

259 3269 395 3307 men
440 3255 769 3327 μεταϐολέως
793 3254 1066 3327 retulerit,
1101 3271 1130 3305 e
1162 3252 1356 3327 suida_
1381 3262 1540 3327 atque
1579 3252 1863 3327 Enstat‘liio

263 3331 374 3380 hoc
413 3321 655 3380 tiadunt.
691 3326 844 3392 Quod
881 3324 1167 3390 loquentem
1198 3322 1394 3377 deinde
1447 3321 1865 3393 eloquentissimo
1895 3321 1938 3380 C

261 3399 503 3468 opponit
531 3397 755 3468 l_lierion.
788 3394 1012 3468 eﬂ'atutn
1035 3395 1165 3448 illud
1205 3393 1451 3468 Sallustii
1483 3394 1866 3468 videturallu-

262 3463 404 3524 dere
426 3469 482 3522 in
531 3466 752 3521 Catilio.
786 3482 840 3522 c.
872 3467 904 3521 5
939 3484 950 3518 :
981 3463 1285 3536 Loquentiaa
1326 3466 1566 3527 multum,
1599 3465 1874 3536 sapientia:

269 3556 482 3611 parum.
521 3538 653 3593 Nam
686 3537 1246 3611 quantumhloquentia
1267 3537 1432 3611 distet
1458 3537 1527 3590 ab
1558 3537 1872 3606 eloquentia,

271 3608 488 3666 l‘linius
520 3625 736 3680 quoque
762 3608 922 3663 docet
943 3608 1036 3662 lib.
1069 3624 1096 3680 v
1129 3609 1289 3680 epist.
1324 3609 1415 3663 ‘20.

350 3693 374 3716 ³
408 3677 731 3752 lnterjectas
781 3695 964 3752 voces.
1008 3679 1093 3752 uel
1133 3678 1340 3752 diuisa,
1367 3677 1611 3752 Scaliger
1643 3677 1874 3747 ignorat,

278 3753 522 3809 fortasse
554 3749 802 3808 'rectins.
833 3751 938 3806 Pro
987 3750 1066 3819 ﬁt,
1103 3750 1195 3805 alii
1222 3750 1369 3817 libri,
1412 3759 1470 3803 ιιι
1499 3755 1555 3803 et
1576 3749 1876 3815 Pontacus,

278 3834 345 3878 su
357 3865 368 3876 .
851 3843 859 3855 ‘-

355 3895 384 3934 δ
414 3897 700 3952 Parmens.
729 3909 856 3960 ms.,
889 3909 1059 3946 rerum
1099 3894 1212 3963 ipsa
1240 3891 1482 3946 breritate
1514 3907 1530 3944 :
1559 3891 1646 3963 cui
1677 3901 1729 3946 et
1751 3905 1882 3963 con-_

283 3969 478 4022 cinnnt
509 3969 623 4022 duo
667 3965 899 4020 Palatini
941 3963 1082 4033 apud
1113 3961 1347 4028 Salmas,
1398 3979 1442 4017 e:
1492 3962 1737 4032 plerique
1789 3961 1881 4015 alii

283 4039 433 4108 apud
465 4039 791 4094 Pontacmn.

363 4120 386 4148 ε
421 4112 692 4178 Scaliger,
727 4108 1020 4178 prceptotati.
1055 4107 1322 4178 Impressa
1347 4105 1508 4178 lectio
1543 4103 1773 4178 plurium
1800 4110 1886 4156 est

288 4175 834 4248 codicumeux'pro
865 4177 1242 4250 explanatione,
1270 4177 1494 4250 Palatini
1525 4189 1654 4228 mss.
1684 4175 1886 4244 aliique

290 4253 449 4317 editi,
482 4256 626 4324 quod
653 4263 704 4307 et
738 4249 1009 4324 Pontaeus
1030 4257 1204 4314 notat,
1228 4249 1586 4324 explicatione.

364 4324 390 4363 ά
424 4316 481 4380 ln
501 4316 796 4380 Parmensi
826 4336 925 4374 ms.
976 4336 1218 4374 numerus
1258 4320 1443 4373 similis
1481 4316 1661 4372 eodem
1705 4317 1885 4370 minio.

291 4399 416 4453 Mox
442 4399 538 4453 alii
563 4398 705 4461 libri,
732 4393 1044 4463 praevidet“.
1081 4405 1176 4461 pro
1200 4393 1496 4463 perviderit.
1526 4389 1797 4443 (Steterunt
1822 4389 1889 4442 de

295 4472 445 4524 varia
498 4470 587 4524 illa
621 4462 830 4537 pictura
885 4466 1152 4537 linearum
1199 4477 1263 4516 ex
1310 4462 1622 4537 rniniu_agit
1653 4474 1753 4514 nec
1777 4475 1893 4529 per-

296 4540 576 4597 functorie
616 4532 921 4604 l’ontacus,‘
940 4534 1096 4603 cujus
1129 4541 1204 4604 et
1232 4532 1589 4587 (economiam
1637 4545 1890 4604 versuum

296 4615 607 4680 sequimur.
661 4602 899 4664 Scimus
931 4602 1074 4680 enim
1119 4602 1543 4680 Scaligi‘srianam
1590 4603 1889 4680 editionem

1950 1965 2183 2021 quasque
2237 1951 2437 2020 scripta
2497 1959 2647 2014 sunt,
2685 1953 2849 2006 etiam
2901 1953 3146 2007 colorum
3200 1949 3552 2007 diversitates

1951 2054 2262 2109 serventur,
2315 2061 2384 2099 ne
2441 2045 2562 2114 quis
2611 2046 2966 2100 irrationabili
3011 2047 3243 2100 aestimet
3270 2047 3548 2115 voluptate

1953 2137 2128 2190 oculis
2161 2146 2370 2191 tantum
2394 2151 2508 2193 rem
2541 2151 2662 2192 esse
2693 2138 2998 2205 quaesitam,
3028 2149 3081 2193 et
3105 2137 3232 2193 dum
3275 2138 3548 2193 scribendi

1957 2231 2171 2286 taedium
2204 2230 2371 2301 fugit,
2408 2230 2772 2304 labyrinthum
2813 2234 3015 2304 erroris
3046 2233 3272 2288 intexet.
3308 2230 3363 2288 Id
3405 2233 3550 2288 enim

1957 2325 2334 2379 elucubratum
2367 2335 2471 2392 est,
2501 2335 2555 2379 nt
2583 2341 2875 2395 regnorum
2912 2327 3180 2391 tramites,
3231 2327 3320 2396 qtti
3352 2341 3446 2394 per
3477 2325 3556 2392 vi:

1959 2417 2231 2470 ciuitatem
2263 2417 2479 2470 nimiam
2511 2432 2647 2485 pene
2670 2418 2819 2470 mixti
2851 2429 3026 2486 erant,
3063 2417 3414 2474 distinctione
3444 2419 3544 2472 mi-

1963 2507 2034 2561 nii
2063 2518 2467 2577 separarentur,
2520 2516 2577 2564 et
2614 2509 2866 2564 eumdem
2909 2510 2920 2547 ί
2957 2512 3157 2566 coloris
3189 2511 3365 2567 locum
3397 2529 3555 2583 quem

1965 2603 2116 2669 prior
2148 2600 2460 2656 membrana
2495 2603 2824 2672 signaverat,
2872 2605 3034 2657 etiam
3069 2605 3342 2674 posterior
3370 2621 3559 2660 serva-

1966 2705 2068 2749 ret.
2099 2693 2211 2749 Nec
2260 2696 2447 2765 ignoro
2474 2697 2674 2750 multos
2727 2698 2862 2760 lore,
2897 2698 2986 2763 qui
3016 2696 3173 2749 solita
3204 2696 3431 2751 libidine
3463 2697 3562 2751 de-

1967 2787 2219 2841 trahendi
2248 2788 2530 2852 omnibus,
2560 2789 2704 2858 quod
2737 2789 2915 2842 vitare
2949 2805 3052 2842 nen
3089 2797 3288 2856 potest,
3327 2788 3426 2843 nisi
3469 2789 3566 2858 qui

1970 2883 2194 2935 omnino
2223 2882 2294 2934 nil
2326 2881 2539 2944 scribit,
2566 2881 2693 2935 huic
2742 2872 3007 2934 volumini
3039 2885 3052 2930 ι
3087 2880 3384 2950 genuinum
3416 2882 3553 2935 den-

1973 2979 2082 3027 tem
2108 2973 2352 3043 intigant.
2385 2971 2876 3027 Calumniabnntnr
2900 2972 2925 3008 κ
2947 2981 3216 3044 tempora,
3247 2983 3568 3028 convcrtent

2040 3119 2065 3156 Β
2098 3107 2296 3164 lterum
2334 3107 2602 3176 Settliger,
2647 3124 2820 3162 attines
2859 3106 3161 3179 Itttjusmodt'
3215 3107 3570 3175 requirenda:

1967 3179 2146 3234 minus
2178 3181 2338 3246 bene,
2392 3187 2447 3232 et
2499 3180 2652 3233 libris
2687 3179 2962 3248 plerisque
3017 3179 3139 3232 aliis
3187 3180 3574 3234 contradicen-

1969 3253 2133 3306 tibus.

2044 3320 2072 3358 ¹ι
2103 3322 2387 3386 Voculam,
2421 3332 2514 3393 ut,
2546 3337 2706 3394 quam
2751 3336 2882 3376 mss.
2908 3321 3146 3391 editiqne
3169 3321 3407 3375 retinent
3428 3321 3575 3393 libri,

1977 3391 2220 3463 Scaliger
2248 3395 2476 3462 respuit.

2053 3463 2068 3502 ί
2106 3462 2250 3520 Ideni
2284 3479 2493 3532 vocent,
2526 3463 2736 3531 coloris,
2769 3463 3160 3533 prmiermittit.
3194 3462 3329 3516 Tum
3355 3463 3568 3519 auetior

1977 3545 2060 3591 est
2090 3535 2296 3600 verbis,
2323 3552 2441 3606 qua-
2467 3549 2519 3593 et
2541 3539 2713 3593 codex
2759 3535 2977 3604 quidem
3009 3534 3318 3606 Parmensis
3351 3535 3462 3590 fere
3481 3550 3577 3592 ea-

1976 3607 2100 3662 dem
2144 3609 2305 3661 habet
2331 3604 2356 3672 ,“
2375 3617 2430 3661 et
2460 3619 2671 3664 veteres
2696 3607 2988 3667 editiones,
3025 3604 3117 3659 sed
3149 3605 3437 3660 meliorum
3487 3622 3576 3661 au-

1979 3678 2232 3733 ctoritate
2267 3678 2512 3733 eodicum
2545 3678 2796 3734 exsulare
2835 3676 3044 3746 pridem
3083 3677 3244 3744 jussit
3289 3677 3578 3732 Pontacus.

1981 3750 2118 3804 Sunt
2155 3759 2335 3804 autem
2379 3761 2503 3820 post
2548 3756 2854 3820 signaverat,
2884 3747 3048 3820 verba
3083 3750 3220 3820 ista:
3253 3763 3318 3802 ea:
3363 3749 3578 3803 adverso

1982 3822 2138 3892 positi
2182 3817 2674 3895 numerisignarent
2699 3817 3235 3895 ,_tf8(,_PlC._R_CCllllS
3267 3833 3363 3887 pro
3404 3821 3580 3895 signa-

1984 3889 2126 3958 rent,
2159 3908 2280 3946 cum
2322 3889 2606 3947 Parmensi
2641 3891 2800 3945 codd.
2833 3889 3062 3944 Palatini
3109 3890 3404 3942 retinerent.
3441 3889 3579 3946 Vide

1984 3978 2119 4032 quas
2149 3963 2669 4018 habuitVazatensis
2688 3961 2977 4028 episcopus
3006 3959 3324 4032 repudiandi
3359 3975 3572 4015 causas.

1987 4031 2190 4092 Sensus
2235 4048 2400 4103 porro
2431 4035 2490 4090 S.
2529 4034 2773 4088 Doctoris
2801 4033 2964 4085 etiam
2991 4045 3018 4083 a
3046 4031 3328 4100 Scaligero
3357 4031 3578 4101 exposi-

1989 4115 2095 4169 tus,
2131 4105 2217 4158 hic
2249 4114 2351 4166 est,
2379 4113 2437 4159 ut
2465 4106 2625 4168 scias,
2655 4103 2874 4173 quando
2907 4103 2959 4156 in
2995 4103 3377 4163 exulaizatione
3402 4103 3578 4158 histo-

1987 4176 2121 4240 rica,
2178 4191 2273 4231 seu
2329 4177 2506 4246 spatio
2557 4177 2701 4239 libri,
2750 4173 2902 4246 quod
2953 4182 3229 4242 gestorum
3290 4173 3574 4246 historiam

1989 4244 2422 4317 comprehendit,
2467 4249 2680 4318 longius
2729 4245 2986 4318 dictatum
3035 4247 3191 4299 unius
3237 4244 3580 4318 annilineis

1990 4316 2163 4374 teneri
2200 4334 2305 4374 non
2362 4316 2582 4387 potest,'
2619 4317 2716 4373 sed
2748 4317 2814 4370 ad
2850 4316 3138 4372 inferiores
3191 4316 3455 4383 excurrit,
3511 4318 3580 4372 ad

1992 4406 2126 4460 tinos
2154 4408 2258 4445 non
2283 4389 2541 4460 pertinet,
2568 4395 2906 4458 occupatque
2935 4389 3070 4460 adeo
3093 4390 3433 4459 sequentium
3455 4403 3579 4457 ges-

1995 4458 2172 4516 torum
2204 4458 2389 4516 sedem
2430 4481 2440 4513 :
2470 4477 2536 4516 ne
2560 4460 2833 4532 periochae
2852 4458 3332 4532 commisceantur,
3361 4460 3585 4529 virgulis

1995 4533 2251 4588 coloratis
2279 4529 2575 4602 distingui;
2606 4547 2673 4587 eo
2704 4529 2920 4586 infectis
2951 4531 3160 4595 colore,
3188 4547 3293 4599 quo
3317 4546 3582 4602 annorum

1997 4605 2061 4658 ad
2092 4619 2230 4674 quos
2253 4601 2584 4669 referuntur,
2615 4614 2740 4656 sunt
2779 4602 2954 4656 linear.
3002 4602 3112 4655 lloc
3134 4610 3218 4656 est
3247 4601 3390 4671 quod
3421 4616 3582 4671 supra

301 4674 406 4737 hac
450 4684 616 4738 etiam
648 4682 716 4735 de
767 4694 928 4732 causa
959 4678 1138 4730 minus
1187 4676 1599 4765 probari,‘qttlod
1626 4689 1744 4765 eain
1775 4674 1892 4765 dis-
1921 4704 1972 4765 Β
1997 4675 2230 4765 dixerat,
2264 4677 2493 4765 virgula-3
2522 4675 2667 4729 rebus
2697 4675 2892 4765 pariter
2923 4689 2983 4725 ac
3005 4674 3230 4726 numeris
3259 4676 3580 4754 intertextus.

305 4755 626 4809 tinctionem
657 4751 1034 4806 columnarum
1078 4746 1402 4815 neglexerit.
1441 4745 1580 4800 Vide
1607 4756 1658 4799 et
1694 4745 1896 4798 l‘raal’a-

303 4829 512 4882 tionem
545 4832 812 4879 nostram.

383 4907 405 4934 ε
431 4897 589 4951 llaud
607 4903 754 4949 recte
772 4890 1038 4960 Scaliger,
1062 4889 1492 4956 Quartonnmeri,
1513 4899 1621 4944 etc.
1642 4904 1657 4954 ;
1682 4897 1735 4943 et
1750 4901 1870 4942 mox
1883 4926 1898 4953 ,

306 4985 424 5020 cum
452 4969 616 5021 minio
637 4967 788 5038 facta:
814 4963 1025 5038 litterae.

387 5038 405 5078 ί
432 5030 680 5109 Apponit
705 5033 948 5110 Scaliger
985 5031 1074 5110 hic
1115 5034 1308 5089 τελείαν
1336 5037 1552 5110 στιγμὴν
1581 5048 1593 5082 :
1620 5037 1729 5083 tum
1761 5030 1900 5110 hanc

311 5103 543 5167 omnino
562 5103 930 5183 przl-lei'mi_ilit
953 5103 1239 5183 verborum
1270 5103 1555 5174 pet'icOpen
1588 5103 1900 5183 ξιμιωειρςιηι

309 5171 662 5254 superioribus
709 5177 868 5254 signis
895 5176 1159 5230 subdenda
1201 5171 1289 5242 est,
1323 5171 1481 5254 quam
1507 5171 1742 5254 retinent
1773 5171 1896 5226 libri

313 5249 509 5308 omnes
539 5252 670 5308 editi
695 5253 920 5320 pariter_
936 5261 998 5300 ac
1029 5263 1154 5301 mss.
1193 5254 1353 5316 atque
1374 5249 1492 5320 ipse
1513 5249 1744 5320 postulat
1770 5260 1892 5320 ora-

316 5326 483 5382 tionis
533 5314 843 5379 conteitttts.
894 5318 1136 5390 Denique
1168 5314 1356 5372 iisdem
1381 5314 1804 5390 V’rel‘ragantibns
1836 5314 1894 5367 li~

318 5399 433 5452 bris
455 5399 508 5451 in
531 5396 638 5450 line
661 5391 889 5464 periodi.
922 5387 1258 5464 respondente
1286 5389 1409 5459 legit
1433 5404 1537 5464 pro
1567 5387 1892 5464 respondere.

321 5469 462 5523 llinc
492 5459 675 5537 porro~
707 5475 814 5537 est,
864 5461 1007 5537 quod
1054 5461 1447 5537 depravatoad
1505 5463 1645 5537 hunc
1675 5459 1894 5513 modum

323 5532 506 5605 textu,
534 5552 640 5591 non
665 5535 954 5605 intellexit,
979 5532 1103 5602 quid
1130 5544 1312 5599 pestea
1343 5532 1487 5585 dicat
1516 5533 1893 5605 llieronymus.

323 5601 544 5665 sextam
589 5607 788 5662 lineam
812 5601 1007 5660 eodem
1035 5605 1220 5657 colore
1250 5619 1355 5672 qu.»
1388 5603 1700 5664 seeundam,
1743 5601 1894 5672 litant

329 5675 500 5736 fuisse
527 5722 543 5745 ,
575 5687 632 5734 et
658 5687 902 5733 oetavztm
933 5683 988 5729 ut
1013 5669 1299 5744 quartam}
1338 5677 1563 5744 visaque
1591 5673 1690 5727 sibi
1718 5669 1918 5745 estlli-

330 5740 676 5819 storia,'qute
706 5749 947 5804 colorem
991 5740 1241 5801 secunda:
1274 5740 1539 5819 habuerit,
1583 5746 1635 5799 in
1668 5740 1920 5819 ambiguo

333 5841 453 5880 esse
507 5816 687 5877 utrum
732 5821 798 5873 ad
834 5819 1124 5873 secundam
1158 5835 1223 5872 an
1274 5817 1341 5871 ad
1371 5827 1578 5872 sextam
1611 5818 1800 5871 referri
1825 5816 1922 5868 de-

335 5898 478 5954 beat.
509 5894 650 5953 Vide
677 5905 892 5948 rursum
923 5888 1300 5948 Praefationem
1334 5900 1596 5945 nostram.

2003 4746 2138 4800 lluic
2167 4744 2534 4812 incommodo,
2581 4746 2722 4814 qUod
2755 4753 2810 4800 et
2853 4759 3113 4813 perquam
3147 4760 3272 4797 rare
3318 4745 3368 4798 itt
3402 4751 3585 4798 nostra

2001 4818 2242 4871 editione
2283 4819 2544 4882 occurrit,
2586 4832 2654 4872 ex
2702 4815 2926 4871 Pontaci
2979 4815 3330 4883 dispositione
3369 4815 3586 4869 obviam

2003 4889 2132 4953 itur,
2157 4898 2420 4958 occupato
2444 4890 2586 4942 inani
2611 4888 2849 4942 adversa:
2874 4888 3137 4940 colurnum
3149 4888 3350 4954 spatio,
3373 4885 3456 4939 vel
3479 4887 3592 4941 dis-

2006 4961 2176 5014 tincto
2209 4961 2430 5014 uncinis
2455 4969 2736 5014 eontextu.

2080 5031 2093 5081 i
2129 5028 2421 5086 Contendit
2464 5025 2959 5100 Schurzlleischius
3000 5024 3345 5100 Tltegninum,
3376 5038 3592 5100 proge-

2006 5104 2219 5156 nuinum
2266 5103 2492 5157 rescribi
2520 5101 2722 5156 debere
2763 5115 2844 5171 ex_
2875 5097 3082 5166 vulgari
3104 5097 3424 5171 Prorerbio.
3479 5097 3594 5171 Ego

2008 5173 2149 5228 istud
2183 5175 2349 5227 multo
2378 5171 2645 5241 vulgatius
2686 5168 2964 5232 existimo,
3009 5169 3152 5238 quod
3186 5170 3342 5239 pueri
3389 5168 3589 5240 sciunt,

2001 5253 2056 5299 ct
2086 5245 2304 5300 Persius
2332 5245 2496 5298 habet
2523 5242 2704 5313 Satyr.
2732 5257 2750 5295 1
2785 5259 2796 5293 :
2889 5308 2892 5311 _
2945 5263 2948 5266 ·

2439 5359 2611 5408 Seeuit
2637 5357 2852 5407 Lucilius
2878 5356 3075 5419 urbem,
3141 5417 3150 5419 _
3391 5403 3394 5406 Α

2187 5422 2280 5484 Te,
2305 5421 2462 5484 Lupe,
2492 5429 2563 5484 te,
2594 5421 2733 5483 Muli,
2760 5429 2810 5470 et
2833 5417 3107 5482 genuinum
3131 5417 3282 5481 fregit
3303 5420 3354 5468 in
3379 5419 3490 5467 illis.

2007 5529 2327 5595 Smpissime
2368 5537 2548 5582 autem
2582 5527 2944 5597 Hieronymus
2983 5527 3081 5578 hac
3115 5526 3227 5592 ipsa
3259 5524 3518 5597 paret-mia
3549 5525 3602 5579 itt

2021 5600 2417 5652 tletrectatores
2439 5613 2565 5652 suos
2589 5595 2970 5652 utitut'.'Paulo
2992 5604 3116 5650 ante
3142 5597 3291 5650 vitari
3314 5595 3447 5666 legit
3471 5595 3606 5650 Pon-

2024 5681 2209 5724 lacena
2251 5669 2442 5734 editio,
2475 5668 2617 5724 haud
2649 5678 2817 5736 recte,
2849 5684 2947 5738 pro
2971 5668 3152 5721 vitare.

2095 5739 2120 5778 ¹ί
2153 5740 2464 5796 Parmensis
2511 5758 2612 5795 tus.
2649 5752 2703 5795 et
2745 5737 2997 5804 Palatini,
3036 5746 3169 5794 teste
3199 5737 3484 5800 Salmasio,
3512 5753 3600 5790 ca-

2024 5813 2413 5884 lumniabnntur
2444 5813 2495 5866 in
2523 5821 2751 5884 tempora
2827 5811 2970 5882 quod
3001 5827 3105 5864 non
3159 5809 3430 5880 improbo,
3463 5817 3517 5862 et
3550 5808 3606 5865 in

2025 5883 2147 5941 aliis
2175 5899 2303 5940 mss.
2329 5881 2601 5940 Pontacus
2625 5881 2855 5953 reperit.
