  <div class='ocr_page' id='page_1' title='image "/cluster/home/n/w/nwhite01/storage/ocr_20150623/27/hvd.32044020299038/034.png"; bbox 0 0 4064 6438; ppageno 0'>
   <div class='ocr_carea' id='block_1_1' title="bbox 223 326 3518 398">
    <p class='ocr_par' dir='ltr' id='par_1_1' title="bbox 223 326 3518 398">
     <span class='ocr_line' id='line_1_1' title="bbox 223 326 3518 398; baseline -0.004 1"><span class='ocrx_word' id='word_1_1' title='bbox 223 341 293 398; x_wconf 81' lang='lat'><strong>57</strong></span> <span class='ocrx_word' id='word_1_2' title='bbox 606 333 1165 396; x_wconf 81' lang='lat' dir='ltr'><strong>INTERPRETATIO</strong></span> <span class='ocrx_word' id='word_1_3' title='bbox 1203 330 1580 390; x_wconf 66' lang='lat' dir='ltr'><strong>CIIRONICE</strong></span> <span class='ocrx_word' id='word_1_4' title='bbox 1622 329 1895 390; x_wconf 82' lang='lat' dir='ltr'><strong>EUSEBII</strong></span> <span class='ocrx_word' id='word_1_5' title='bbox 1932 327 2285 388; x_wconf 82' lang='lat' dir='ltr'><strong>PAMPHlLl.</strong></span> <span class='ocrx_word' id='word_1_6' title='bbox 2329 327 2701 387; x_wconf 67' lang='lat' dir='ltr'><strong>PREFATIO</strong></span> <span class='ocrx_word' id='word_1_7' title='bbox 2739 327 3105 387; x_wconf 80' lang='lat' dir='ltr'><strong>AUCTORIS.</strong></span> <span class='ocrx_word' id='word_1_8' title='bbox 3446 326 3518 387; x_wconf 76' lang='lat'><strong>58</strong></span> 
     </span>
    </p>
   </div>
   <div class='ocr_carea' id='block_1_2' title="bbox 216 445 3517 523">
    <p class='ocr_par' dir='ltr' id='par_1_2' title="bbox 216 445 3517 523">
     <span class='ocr_line' id='line_1_2' title="bbox 216 445 3517 523; baseline -0.001 -17"><span class='ocrx_word' id='word_1_9' title='bbox 216 455 367 523; x_wconf 78' lang='lat' dir='ltr'><strong>juxta</strong></span> <span class='ocrx_word' id='word_1_10' title='bbox 419 466 547 508; x_wconf 92' lang='lat' dir='ltr'><strong>eum</strong></span> <span class='ocrx_word' id='word_1_11' title='bbox 599 460 780 507; x_wconf 87' lang='lat' dir='ltr'><strong>tamen</strong></span> <span class='ocrx_word' id='word_1_12' title='bbox 813 465 1100 506; x_wconf 86' lang='lat' dir='ltr'><strong>numerum</strong></span> <span class='ocrx_word' id='word_1_13' title='bbox 1123 490 1140 518; x_wconf 89' lang='lat'><strong>,</strong></span> <span class='ocrx_word' id='word_1_14' title='bbox 1178 464 1339 520; x_wconf 87' lang='lat' dir='ltr'><strong>quem</strong></span> <span class='ocrx_word' id='word_1_15' title='bbox 1385 448 1812 504; x_wconf 76' lang='lat' dir='ltr'><strong>contractiorem</strong></span> <span class='ocrx_word' id='word_1_16' title='bbox 1843 456 1897 519; x_wconf 75' lang='grc' dir='ltr'><strong>Α</strong></span> <span class='ocrx_word' id='word_1_17' title='bbox 1921 462 2025 518; x_wconf 91' lang='lat' dir='ltr'><strong>que</strong></span> <span class='ocrx_word' id='word_1_18' title='bbox 2049 463 2077 501; x_wconf 87' lang='lat' dir='ltr'><strong>a</strong></span> <span class='ocrx_word' id='word_1_19' title='bbox 2100 445 2380 501; x_wconf 89' lang='lat' dir='ltr'><strong>nativitate</strong></span> <span class='ocrx_word' id='word_1_20' title='bbox 2400 446 2671 503; x_wconf 81' lang='lat' dir='ltr'><strong>Abraham</strong></span> <span class='ocrx_word' id='word_1_21' title='bbox 2696 462 2862 519; x_wconf 86' lang='lat' dir='ltr'><strong>usque</strong></span> <span class='ocrx_word' id='word_1_22' title='bbox 2884 447 2950 502; x_wconf 91' lang='lat' dir='ltr'><strong>ad</strong></span> <span class='ocrx_word' id='word_1_23' title='bbox 2972 446 3190 503; x_wconf 85' lang='lat' dir='ltr'><strong>Labdon</strong></span> <span class='ocrx_word' id='word_1_24' title='bbox 3211 456 3265 503; x_wconf 92' lang='lat' dir='ltr'><strong>et</strong></span> <span class='ocrx_word' id='word_1_25' title='bbox 3287 446 3517 505; x_wconf 85' lang='lat' dir='ltr'><strong>Samson</strong></span> 
     </span>
    </p>
   </div>
   <div class='ocr_carea' id='block_1_3' title="bbox 219 540 1817 615">
    <p class='ocr_par' dir='ltr' id='par_1_3' title="bbox 219 540 1817 615">
     <span class='ocr_line' id='line_1_3' title="bbox 219 540 1817 615; baseline -0.003 -15"><span class='ocrx_word' id='word_1_26' title='bbox 219 545 460 601; x_wconf 75' lang='lat' dir='ltr'><strong>editione</strong></span> <span class='ocrx_word' id='word_1_27' title='bbox 487 544 719 615; x_wconf 76' lang='lat' dir='ltr'><strong>Vulgata</strong></span> <span class='ocrx_word' id='word_1_28' title='bbox 740 559 921 599; x_wconf 88' lang='lat' dir='ltr'><strong>sermo</strong></span> <span class='ocrx_word' id='word_1_29' title='bbox 944 543 1149 613; x_wconf 76' lang='lat' dir='ltr'><strong>praebet</strong></span> <span class='ocrx_word' id='word_1_30' title='bbox 1176 542 1457 599; x_wconf 68' lang='lat' dir='ltr'><strong>Hebrteus.</strong></span> <span class='ocrx_word' id='word_1_31' title='bbox 1489 540 1696 598; x_wconf 81' lang='lat' dir='ltr'><strong>Verum</strong></span> <span class='ocrx_word' id='word_1_32' title='bbox 1730 542 1817 597; x_wconf 88' lang='lat' dir='ltr'><strong>itt-</strong></span> 
     </span>
    </p>
   </div>
   <div class='ocr_carea' id='block_1_4' title="bbox 218 633 1821 709">
    <p class='ocr_par' dir='ltr' id='par_1_4' title="bbox 218 633 1821 709">
     <span class='ocr_line' id='line_1_4' title="bbox 218 633 1821 709; baseline -0.002 -17"><span class='ocrx_word' id='word_1_33' title='bbox 218 637 534 692; x_wconf 83' lang='lat' dir='ltr'><strong>curiositate</strong></span> <span class='ocrx_word' id='word_1_34' title='bbox 560 634 672 709; x_wconf 78' lang='grc' dir='ltr'><strong>[ΑΙ.</strong></span> <span class='ocrx_word' id='word_1_35' title='bbox 703 635 755 690; x_wconf 92' lang='lat' dir='ltr'><strong>in</strong></span> <span class='ocrx_word' id='word_1_36' title='bbox 778 633 1117 707; x_wconf 79' lang='lat' dir='ltr'><strong>curiositate]</strong></span> <span class='ocrx_word' id='word_1_37' title='bbox 1148 649 1215 690; x_wconf 92' lang='lat' dir='ltr'><strong>ne</strong></span> <span class='ocrx_word' id='word_1_38' title='bbox 1234 650 1420 690; x_wconf 86' lang='lat' dir='ltr'><strong>cesses</strong></span> <span class='ocrx_word' id='word_1_39' title='bbox 1453 652 1464 686; x_wconf 91' lang='lat'>:</span> <span class='ocrx_word' id='word_1_40' title='bbox 1501 641 1557 689; x_wconf 87' lang='lat' dir='ltr'><strong>et</strong></span> <span class='ocrx_word' id='word_1_41' title='bbox 1587 648 1710 689; x_wconf 93' lang='lat' dir='ltr'><strong>cum</strong></span> <span class='ocrx_word' id='word_1_42' title='bbox 1738 633 1821 688; x_wconf 89' lang='lat' dir='ltr'><strong>di-</strong></span> 
     </span>
    </p>
   </div>
   <div class='ocr_carea' id='block_1_5' title="bbox 218 725 1817 797">
    <p class='ocr_par' dir='ltr' id='par_1_5' title="bbox 218 725 1817 797">
     <span class='ocr_line' id='line_1_5' title="bbox 218 725 1817 797; baseline 0.001 -18"><span class='ocrx_word' id='word_1_43' title='bbox 218 728 392 781; x_wconf 79' lang='lat' dir='ltr'><strong>vinant</strong></span> <span class='ocrx_word' id='word_1_44' title='bbox 425 726 767 797; x_wconf 84' lang='lat' dir='ltr'><strong>Scripturam</strong></span> <span class='ocrx_word' id='word_1_45' title='bbox 795 725 1089 796; x_wconf 83' lang='lat' dir='ltr'><strong>diligenter</strong></span> <span class='ocrx_word' id='word_1_46' title='bbox 1132 725 1433 793; x_wconf 77' lang='lat' dir='ltr'><strong>evolveris,</strong></span> <span class='ocrx_word' id='word_1_47' title='bbox 1471 740 1502 780; x_wconf 92' lang='lat' dir='ltr'><strong>a</strong></span> <span class='ocrx_word' id='word_1_48' title='bbox 1534 725 1817 781; x_wconf 88' lang='lat' dir='ltr'><strong>nativitate</strong></span> 
     </span>
    </p>
   </div>
   <div class='ocr_carea' id='block_1_6' title="bbox 219 816 1816 887">
    <p class='ocr_par' dir='ltr' id='par_1_6' title="bbox 219 816 1816 887">
     <span class='ocr_line' id='line_1_6' title="bbox 219 816 1816 887; baseline 0.001 -14"><span class='ocrx_word' id='word_1_49' title='bbox 219 818 449 873; x_wconf 73' lang='lat' dir='ltr'><strong>Abrahze</strong></span> <span class='ocrx_word' id='word_1_50' title='bbox 498 833 679 887; x_wconf 88' lang='lat' dir='ltr'><strong>usque</strong></span> <span class='ocrx_word' id='word_1_51' title='bbox 706 816 774 871; x_wconf 90' lang='lat' dir='ltr'><strong>ad</strong></span> <span class='ocrx_word' id='word_1_52' title='bbox 823 817 989 873; x_wconf 83' lang='lat' dir='ltr'><strong>totius</strong></span> <span class='ocrx_word' id='word_1_53' title='bbox 1019 817 1173 873; x_wconf 83' lang='lat' dir='ltr'><strong>orbis</strong></span> <span class='ocrx_word' id='word_1_54' title='bbox 1210 816 1473 873; x_wconf 88' lang='lat' dir='ltr'><strong>diluvium</strong></span> <span class='ocrx_word' id='word_1_55' title='bbox 1503 861 1518 886; x_wconf 91' lang='lat'><strong>,</strong></span> <span class='ocrx_word' id='word_1_56' title='bbox 1568 818 1816 874; x_wconf 86' lang='lat' dir='ltr'><strong>invenies</strong></span> 
     </span>
    </p>
   </div>
   <div class='ocr_carea' id='block_1_7' title="bbox 219 908 1813 980">
    <p class='ocr_par' dir='ltr' id='par_1_7' title="bbox 219 908 1813 980">
     <span class='ocr_line' id='line_1_7' title="bbox 219 908 1813 980; baseline 0.001 -16"><span class='ocrx_word' id='word_1_57' title='bbox 219 918 515 965; x_wconf 83' lang='lat' dir='ltr'><strong>retrorsum</strong></span> <span class='ocrx_word' id='word_1_58' title='bbox 546 924 725 964; x_wconf 89' lang='lat' dir='ltr'><strong>annos</strong></span> <span class='ocrx_word' id='word_1_59' title='bbox 749 924 1048 965; x_wconf 76' lang='lat' dir='ltr'><strong>nccccnu.</strong></span> <span class='ocrx_word' id='word_1_60' title='bbox 1082 908 1213 965; x_wconf 85' lang='lat' dir='ltr'><strong>Item</strong></span> <span class='ocrx_word' id='word_1_61' title='bbox 1242 925 1272 964; x_wconf 92' lang='lat' dir='ltr'><strong>a</strong></span> <span class='ocrx_word' id='word_1_62' title='bbox 1303 909 1509 967; x_wconf 85' lang='lat' dir='ltr'><strong>diluvio</strong></span> <span class='ocrx_word' id='word_1_63' title='bbox 1533 924 1705 980; x_wconf 91' lang='lat' dir='ltr'><strong>usque</strong></span> <span class='ocrx_word' id='word_1_64' title='bbox 1744 909 1813 965; x_wconf 89' lang='lat' dir='ltr'><strong>ad</strong></span> 
     </span>
    </p>
   </div>
   <div class='ocr_carea' id='block_1_8' title="bbox 216 1000 1816 1072">
    <p class='ocr_par' dir='ltr' id='par_1_8' title="bbox 216 1000 1816 1072">
     <span class='ocr_line' id='line_1_8' title="bbox 216 1000 1816 1072; baseline 0.003 -17"><span class='ocrx_word' id='word_1_65' title='bbox 216 1000 403 1067; x_wconf 81' lang='lat' dir='ltr'><strong>Adam,</strong></span> <span class='ocrx_word' id='word_1_66' title='bbox 438 1016 725 1068; x_wconf 69' lang='lat' dir='ltr'><strong>IICCXLII,</strong></span> <span class='ocrx_word' id='word_1_67' title='bbox 750 1001 803 1056; x_wconf 92' lang='lat' dir='ltr'><strong>in</strong></span> <span class='ocrx_word' id='word_1_68' title='bbox 825 1001 1023 1072; x_wconf 88' lang='lat' dir='ltr'><strong>quibus</strong></span> <span class='ocrx_word' id='word_1_69' title='bbox 1051 1001 1199 1056; x_wconf 92' lang='lat' dir='ltr'><strong>nulla</strong></span> <span class='ocrx_word' id='word_1_70' title='bbox 1227 1002 1441 1071; x_wconf 88' lang='lat' dir='ltr'><strong>penitus</strong></span> <span class='ocrx_word' id='word_1_71' title='bbox 1468 1001 1684 1071; x_wconf 82' lang='lat' dir='ltr'><strong>Graeca,</strong></span> <span class='ocrx_word' id='word_1_72' title='bbox 1714 1017 1816 1059; x_wconf 90' lang='lat' dir='ltr'><strong>nec</strong></span> 
     </span>
    </p>
   </div>
   <div class='ocr_carea' id='block_1_9' title="bbox 215 1093 1816 1167">
    <p class='ocr_par' dir='ltr' id='par_1_9' title="bbox 215 1093 1816 1167">
     <span class='ocr_line' id='line_1_9' title="bbox 215 1093 1816 1167; baseline 0.003 -20"><span class='ocrx_word' id='word_1_73' title='bbox 215 1093 471 1159; x_wconf 75' lang='lat' dir='ltr'><strong>Barbara,</strong></span> <span class='ocrx_word' id='word_1_74' title='bbox 501 1102 585 1161; x_wconf 88' lang='lat' dir='ltr'><strong>et,</strong></span> <span class='ocrx_word' id='word_1_75' title='bbox 614 1103 674 1149; x_wconf 91' lang='lat' dir='ltr'><strong>ut</strong></span> <span class='ocrx_word' id='word_1_76' title='bbox 702 1094 897 1165; x_wconf 89' lang='lat' dir='ltr'><strong>loquar</strong></span> <span class='ocrx_word' id='word_1_77' title='bbox 928 1094 983 1149; x_wconf 92' lang='lat' dir='ltr'><strong>in</strong></span> <span class='ocrx_word' id='word_1_78' title='bbox 1013 1105 1325 1163; x_wconf 87' lang='lat' dir='ltr'><strong>commune,</strong></span> <span class='ocrx_word' id='word_1_79' title='bbox 1356 1096 1575 1167; x_wconf 81' lang='lat' dir='ltr'><strong>gentilis</strong></span> <span class='ocrx_word' id='word_1_80' title='bbox 1608 1096 1816 1167; x_wconf 90' lang='lat' dir='ltr'><strong>reperi-</strong></span> 
     </span>
    </p>
   </div>
   <div class='ocr_carea' id='block_1_10' title="bbox 217 1183 1815 1259">
    <p class='ocr_par' dir='ltr' id='par_1_10' title="bbox 217 1183 1815 1259">
     <span class='ocr_line' id='line_1_10' title="bbox 217 1183 1815 1259; baseline 0.004 -21"><span class='ocrx_word' id='word_1_81' title='bbox 217 1196 294 1239; x_wconf 83' lang='lat' dir='ltr'><strong>tur</strong></span> <span class='ocrx_word' id='word_1_82' title='bbox 320 1183 584 1241; x_wconf 74' lang='lat' dir='ltr'><strong>historia.</strong></span> <span class='ocrx_word' id='word_1_83' title='bbox 631 1186 1003 1255; x_wconf 85' lang='lat' dir='ltr'><strong>Quamobrem</strong></span> <span class='ocrx_word' id='word_1_84' title='bbox 1037 1197 1063 1224; x_wconf 73' lang='grc' dir='ltr'><strong><em>η</em></strong></span> <span class='ocrx_word' id='word_1_85' title='bbox 1104 1202 1346 1258; x_wconf 70' lang='lat' dir='ltr'><strong>praesens</strong></span> <span class='ocrx_word' id='word_1_86' title='bbox 1373 1188 1697 1259; x_wconf 89' lang='lat' dir='ltr'><strong>opusculum</strong></span> <span class='ocrx_word' id='word_1_87' title='bbox 1744 1190 1815 1244; x_wconf 90' lang='lat' dir='ltr'><strong>ab</strong></span> 
     </span>
    </p>
   </div>
   <div class='ocr_carea' id='block_1_11' title="bbox 215 1276 1809 1347">
    <p class='ocr_par' dir='ltr' id='par_1_11' title="bbox 215 1276 1809 1347">
     <span class='ocr_line' id='line_1_11' title="bbox 215 1276 1809 1347; baseline 0.003 -15"><span class='ocrx_word' id='word_1_88' title='bbox 215 1277 487 1332; x_wconf 78' lang='lat' dir='ltr'><strong>Abraham</strong></span> <span class='ocrx_word' id='word_1_89' title='bbox 529 1287 589 1333; x_wconf 88' lang='lat' dir='ltr'><strong>et</strong></span> <span class='ocrx_word' id='word_1_90' title='bbox 634 1276 664 1317; x_wconf 65' lang='grc' dir='ltr'>δ</span> <span class='ocrx_word' id='word_1_91' title='bbox 696 1278 836 1335; x_wconf 92' lang='lat' dir='ltr'><strong>Nino</strong></span> <span class='ocrx_word' id='word_1_92' title='bbox 865 1294 1035 1347; x_wconf 90' lang='lat' dir='ltr'><strong>usque</strong></span> <span class='ocrx_word' id='word_1_93' title='bbox 1060 1280 1127 1335; x_wconf 92' lang='lat' dir='ltr'><strong>ad</strong></span> <span class='ocrx_word' id='word_1_94' title='bbox 1156 1289 1398 1336; x_wconf 89' lang='lat' dir='ltr'><strong>nostram</strong></span> <span class='ocrx_word' id='word_1_95' title='bbox 1431 1293 1644 1336; x_wconf 74' lang='lat' dir='ltr'><strong>mtatem</strong></span> <span class='ocrx_word' id='word_1_96' title='bbox 1678 1281 1809 1339; x_wconf 80' lang='lat' dir='ltr'><strong>inie-</strong></span> 
     </span>
    </p>
   </div>
   <div class='ocr_carea' id='block_1_12' title="bbox 214 1370 1814 1445">
    <p class='ocr_par' dir='ltr' id='par_1_12' title="bbox 214 1370 1814 1445">
     <span class='ocr_line' id='line_1_12' title="bbox 214 1370 1814 1445; baseline 0.005 -22"><span class='ocrx_word' id='word_1_97' title='bbox 214 1370 345 1424; x_wconf 85' lang='lat' dir='ltr'><strong>tiora</strong></span> <span class='ocrx_word' id='word_1_98' title='bbox 392 1380 653 1441; x_wconf 89' lang='lat' dir='ltr'><strong>tempora</strong></span> <span class='ocrx_word' id='word_1_99' title='bbox 704 1379 1093 1441; x_wconf 84' lang='lat' dir='ltr'><strong>persequetur;</strong></span> <span class='ocrx_word' id='word_1_100' title='bbox 1143 1381 1199 1427; x_wconf 90' lang='lat' dir='ltr'><strong>et</strong></span> <span class='ocrx_word' id='word_1_101' title='bbox 1226 1373 1410 1428; x_wconf 87' lang='lat' dir='ltr'><strong>statim</strong></span> <span class='ocrx_word' id='word_1_102' title='bbox 1440 1373 1495 1429; x_wconf 92' lang='lat' dir='ltr'><strong>in</strong></span> <span class='ocrx_word' id='word_1_103' title='bbox 1544 1374 1814 1445; x_wconf 89' lang='lat' dir='ltr'><strong>principio</strong></span> 
     </span>
    </p>
   </div>
   <div class='ocr_carea' id='block_1_13' title="bbox 214 1463 1815 1539">
    <p class='ocr_par' dir='ltr' id='par_1_13' title="bbox 214 1463 1815 1539">
     <span class='ocr_line' id='line_1_13' title="bbox 214 1463 1815 1539; baseline 0.004 -23"><span class='ocrx_word' id='word_1_104' title='bbox 214 1464 287 1517; x_wconf 82' lang='lat' dir='ltr'><strong>sui</strong></span> <span class='ocrx_word' id='word_1_105' title='bbox 338 1463 712 1519; x_wconf 70' lang='lat' dir='ltr'><strong>llebrzeorum</strong></span> <span class='ocrx_word' id='word_1_106' title='bbox 763 1464 1079 1533; x_wconf 85' lang='lat' dir='ltr'><strong>Abraham,</strong></span> <span class='ocrx_word' id='word_1_107' title='bbox 1113 1468 1465 1539; x_wconf 83' lang='lat' dir='ltr'><strong>Assyriorum</strong></span> <span class='ocrx_word' id='word_1_108' title='bbox 1505 1466 1701 1522; x_wconf 82' lang='lat' dir='ltr'><strong>Ninum</strong></span> <span class='ocrx_word' id='word_1_109' title='bbox 1759 1476 1815 1523; x_wconf 91' lang='lat' dir='ltr'><strong>et</strong></span> 
     </span>
    </p>
   </div>
   <div class='ocr_carea' id='block_1_14' title="bbox 214 1558 1814 1631">
    <p class='ocr_par' dir='ltr' id='par_1_14' title="bbox 214 1558 1814 1631">
     <span class='ocr_line' id='line_1_14' title="bbox 214 1558 1814 1631; baseline 0.003 -19"><span class='ocrx_word' id='word_1_110' title='bbox 214 1558 558 1613; x_wconf 84' lang='lat' dir='ltr'><strong>Semiramim</strong></span> <span class='ocrx_word' id='word_1_111' title='bbox 583 1568 877 1628; x_wconf 86' lang='lat' dir='ltr'><strong>proponet.</strong></span> <span class='ocrx_word' id='word_1_112' title='bbox 907 1560 1043 1627; x_wconf 85' lang='lat' dir='ltr'><strong>Quia</strong></span> <span class='ocrx_word' id='word_1_113' title='bbox 1068 1575 1243 1631; x_wconf 89' lang='lat' dir='ltr'><strong>neque</strong></span> <span class='ocrx_word' id='word_1_114' title='bbox 1265 1559 1606 1615; x_wconf 82' lang='lat' dir='ltr'><strong>Athenarum</strong></span> <span class='ocrx_word' id='word_1_115' title='bbox 1633 1559 1814 1617; x_wconf 93' lang='lat' dir='ltr'><strong>adhuc</strong></span> 
     </span>
    </p>
   </div>
   <div class='ocr_carea' id='block_1_15' title="bbox 212 1652 1810 1725">
    <p class='ocr_par' dir='ltr' id='par_1_15' title="bbox 212 1652 1810 1725">
     <span class='ocr_line' id='line_1_15' title="bbox 212 1652 1810 1725; baseline 0.001 -19"><span class='ocrx_word' id='word_1_116' title='bbox 212 1653 352 1715; x_wconf 79' lang='lat' dir='ltr'><strong>urbs,</strong></span> <span class='ocrx_word' id='word_1_117' title='bbox 407 1668 599 1723; x_wconf 91' lang='lat' dir='ltr'><strong>neque</strong></span> <span class='ocrx_word' id='word_1_118' title='bbox 625 1652 953 1724; x_wconf 82' lang='lat' dir='ltr'><strong>Argivorum</strong></span> <span class='ocrx_word' id='word_1_119' title='bbox 994 1669 1220 1723; x_wconf 80' lang='lat' dir='ltr'><strong>regnum</strong></span> <span class='ocrx_word' id='word_1_120' title='bbox 1254 1669 1454 1709; x_wconf 92' lang='lat' dir='ltr'><strong>nomen</strong></span> <span class='ocrx_word' id='word_1_121' title='bbox 1482 1663 1810 1725; x_wconf 86' lang='lat' dir='ltr'><strong>acceperat,</strong></span> 
     </span>
    </p>
   </div>
   <div class='ocr_carea' id='block_1_16' title="bbox 210 1744 1812 1817">
    <p class='ocr_par' dir='ltr' id='par_1_16' title="bbox 210 1744 1812 1817">
     <span class='ocr_line' id='line_1_16' title="bbox 210 1744 1812 1817; baseline 0.003 -20"><span class='ocrx_word' id='word_1_122' title='bbox 210 1744 327 1797; x_wconf 66' lang='lat' dir='ltr'><strong>sofis</strong></span> <span class='ocrx_word' id='word_1_123' title='bbox 372 1744 663 1815; x_wconf 84' lang='lat' dir='ltr'><strong>Sicyoniis</strong></span> <span class='ocrx_word' id='word_1_124' title='bbox 696 1745 752 1800; x_wconf 90' lang='lat' dir='ltr'><strong>in</strong></span> <span class='ocrx_word' id='word_1_125' title='bbox 802 1744 1014 1801; x_wconf 72' lang='lat' dir='ltr'><strong>Grmcia</strong></span> <span class='ocrx_word' id='word_1_126' title='bbox 1059 1745 1385 1801; x_wconf 85' lang='lat' dir='ltr'><strong>ﬂorentibus</strong></span> <span class='ocrx_word' id='word_1_127' title='bbox 1435 1764 1447 1798; x_wconf 73' lang='grc' dir='ltr'>ε</span> <span class='ocrx_word' id='word_1_128' title='bbox 1501 1747 1643 1817; x_wconf 91' lang='lat' dir='ltr'><strong>apud</strong></span> <span class='ocrx_word' id='word_1_129' title='bbox 1675 1761 1812 1817; x_wconf 87' lang='lat' dir='ltr'><strong>quos</strong></span> 
     </span>
    </p>
   </div>
   <div class='ocr_carea' id='block_1_17' title="bbox 1919 539 3518 612">
    <p class='ocr_par' dir='ltr' id='par_1_17' title="bbox 1919 539 3518 612">
     <span class='ocr_line' id='line_1_17' title="bbox 1919 539 3518 612; baseline 0.001 -17"><span class='ocrx_word' id='word_1_130' title='bbox 1919 539 2139 595; x_wconf 84' lang='lat' dir='ltr'><strong>Judices</strong></span> <span class='ocrx_word' id='word_1_131' title='bbox 2163 539 2539 608; x_wconf 67' lang='lat' dir='ltr'><strong>llebrteorum,</strong></span> <span class='ocrx_word' id='word_1_132' title='bbox 2564 542 2653 610; x_wconf 92' lang='lat' dir='ltr'><strong>qui</strong></span> <span class='ocrx_word' id='word_1_133' title='bbox 2677 539 2930 612; x_wconf 86' lang='lat' dir='ltr'><strong>Trojanis</strong></span> <span class='ocrx_word' id='word_1_134' title='bbox 2960 540 3296 609; x_wconf 86' lang='lat' dir='ltr'><strong>temporibus</strong></span> <span class='ocrx_word' id='word_1_135' title='bbox 3320 541 3518 611; x_wconf 88' lang='lat' dir='ltr'><strong>populo</strong></span> 
     </span>
    </p>
   </div>
   <div class='ocr_carea' id='block_1_18' title="bbox 1919 630 3515 702">
    <p class='ocr_par' dir='ltr' id='par_1_18' title="bbox 1919 630 3515 702">
     <span class='ocr_line' id='line_1_18' title="bbox 1919 630 3515 702; baseline 0 -17"><span class='ocrx_word' id='word_1_136' title='bbox 1919 631 2287 702; x_wconf 69' lang='lat' dir='ltr'><strong>praefuerunt,</strong></span> <span class='ocrx_word' id='word_1_137' title='bbox 2308 646 2462 702; x_wconf 81' lang='lat' dir='ltr'><strong>aeque</strong></span> <span class='ocrx_word' id='word_1_138' title='bbox 2484 632 2801 701; x_wconf 86' lang='lat' dir='ltr'><strong>supputabis</strong></span> <span class='ocrx_word' id='word_1_139' title='bbox 2828 646 3001 686; x_wconf 84' lang='lat' dir='ltr'><strong>annos</strong></span> <span class='ocrx_word' id='word_1_140' title='bbox 3032 647 3351 687; x_wconf 78' lang='lat' dir='ltr'><strong>ncccxxxtv.</strong></span> <span class='ocrx_word' id='word_1_141' title='bbox 3384 630 3515 686; x_wconf 83' lang='lat' dir='ltr'><strong>Item</strong></span> 
     </span>
    </p>
   </div>
   <div class='ocr_carea' id='block_1_19' title="bbox 1916 724 3508 797">
    <p class='ocr_par' dir='ltr' id='par_1_19' title="bbox 1916 724 3508 797">
     <span class='ocr_line' id='line_1_19' title="bbox 1916 724 3508 797; baseline -0.001 -18"><span class='ocrx_word' id='word_1_142' title='bbox 1916 725 2056 796; x_wconf 90' lang='lat' dir='ltr'><strong>apud</strong></span> <span class='ocrx_word' id='word_1_143' title='bbox 2089 724 2376 797; x_wconf 62' lang='lat' dir='ltr'><strong>IEgyptios</strong></span> <span class='ocrx_word' id='word_1_144' title='bbox 2406 724 2474 779; x_wconf 88' lang='lat' dir='ltr'><strong>ab</strong></span> <span class='ocrx_word' id='word_1_145' title='bbox 2497 733 2656 779; x_wconf 80' lang='lat' dir='ltr'><strong>:etate</strong></span> <span class='ocrx_word' id='word_1_146' title='bbox 2681 724 2804 779; x_wconf 85' lang='lat' dir='ltr'><strong>Nini</strong></span> <span class='ocrx_word' id='word_1_147' title='bbox 2842 734 2898 781; x_wconf 88' lang='lat' dir='ltr'><strong>et</strong></span> <span class='ocrx_word' id='word_1_148' title='bbox 2944 724 3343 789; x_wconf 87' lang='lat' dir='ltr'><strong>Semiramidis,</strong></span> <span class='ocrx_word' id='word_1_149' title='bbox 3401 738 3508 793; x_wconf 92' lang='lat' dir='ltr'><strong>quo</strong></span> 
     </span>
    </p>
   </div>
   <div class='ocr_carea' id='block_1_20' title="bbox 1920 815 3513 891">
    <p class='ocr_par' dir='ltr' id='par_1_20' title="bbox 1920 815 3513 891">
     <span class='ocr_line' id='line_1_20' title="bbox 1920 815 3513 891; baseline -0.003 -16"><span class='ocrx_word' id='word_1_150' title='bbox 1920 828 2168 891; x_wconf 90' lang='lat' dir='ltr'><strong>tempore</strong></span> <span class='ocrx_word' id='word_1_151' title='bbox 2208 818 2572 875; x_wconf 76' lang='lat' dir='ltr'><strong>scxtadecima</strong></span> <span class='ocrx_word' id='word_1_152' title='bbox 2595 817 2707 887; x_wconf 91' lang='lat' dir='ltr'><strong>jam</strong></span> <span class='ocrx_word' id='word_1_153' title='bbox 2739 818 2984 889; x_wconf 83' lang='lat' dir='ltr'><strong>dynastia</strong></span> <span class='ocrx_word' id='word_1_154' title='bbox 3011 816 3231 872; x_wconf 78' lang='lat' dir='ltr'><strong>Thebaei</strong></span> <span class='ocrx_word' id='word_1_155' title='bbox 3261 815 3513 888; x_wconf 63' lang='lat' dir='ltr'><strong>Egyptis</strong></span> 
     </span>
    </p>
   </div>
   <div class='ocr_carea' id='block_1_21' title="bbox 1917 908 3514 985">
    <p class='ocr_par' dir='ltr' id='par_1_21' title="bbox 1917 908 3514 985">
     <span class='ocr_line' id='line_1_21' title="bbox 1917 908 3514 985; baseline -0.003 -16"><span class='ocrx_word' id='word_1_156' title='bbox 1917 913 2282 985; x_wconf 80' lang='lat' dir='ltr'><strong>imperabant,</strong></span> <span class='ocrx_word' id='word_1_157' title='bbox 2317 927 2491 982; x_wconf 90' lang='lat' dir='ltr'><strong>usque</strong></span> <span class='ocrx_word' id='word_1_158' title='bbox 2520 909 2588 966; x_wconf 90' lang='lat' dir='ltr'><strong>ad</strong></span> <span class='ocrx_word' id='word_1_159' title='bbox 2614 908 2929 966; x_wconf 81' lang='lat' dir='ltr'><strong>vicesimam</strong></span> <span class='ocrx_word' id='word_1_160' title='bbox 2964 909 3296 983; x_wconf 87' lang='lat' dir='ltr'><strong>dynastiam,</strong></span> <span class='ocrx_word' id='word_1_161' title='bbox 3341 916 3397 963; x_wconf 87' lang='lat' dir='ltr'><strong>et</strong></span> <span class='ocrx_word' id='word_1_162' title='bbox 3423 923 3514 965; x_wconf 85' lang='lat' dir='ltr'><strong>re-</strong></span> 
     </span>
    </p>
   </div>
   <div class='ocr_carea' id='block_1_22' title="bbox 1916 1001 3520 1078">
    <p class='ocr_par' dir='ltr' id='par_1_22' title="bbox 1916 1001 3520 1078">
     <span class='ocr_line' id='line_1_22' title="bbox 1916 1001 3520 1078; baseline -0.004 -16"><span class='ocrx_word' id='word_1_163' title='bbox 1916 1023 2037 1078; x_wconf 93' lang='lat' dir='ltr'><strong>gem</strong></span> <span class='ocrx_word' id='word_1_164' title='bbox 2066 1006 2287 1078; x_wconf 63' lang='lat' dir='ltr'><strong>Egypti</strong></span> <span class='ocrx_word' id='word_1_165' title='bbox 2308 1015 2330 1045; x_wconf 76' lang='grc' dir='ltr'><strong>ο</strong></span> <span class='ocrx_word' id='word_1_166' title='bbox 2355 1003 2623 1073; x_wconf 88' lang='lat' dir='ltr'><strong>Thuorin,</strong></span> <span class='ocrx_word' id='word_1_167' title='bbox 2654 1002 2746 1075; x_wconf 91' lang='lat' dir='ltr'><strong>qui</strong></span> <span class='ocrx_word' id='word_1_168' title='bbox 2767 1003 2835 1059; x_wconf 86' lang='lat' dir='ltr'><strong>ab</strong></span> <span class='ocrx_word' id='word_1_169' title='bbox 2873 1002 3109 1058; x_wconf 85' lang='lat' dir='ltr'><strong>Homero</strong></span> <span class='ocrx_word' id='word_1_170' title='bbox 3140 1001 3376 1073; x_wconf 79' lang='lat' dir='ltr'><strong>Polybus</strong></span> <span class='ocrx_word' id='word_1_171' title='bbox 3422 1015 3520 1056; x_wconf 86' lang='lat' dir='ltr'><strong>vo-</strong></span> 
     </span>
    </p>
   </div>
   <div class='ocr_carea' id='block_1_23' title="bbox 1916 1094 3511 1170">
    <p class='ocr_par' dir='ltr' id='par_1_23' title="bbox 1916 1094 3511 1170">
     <span class='ocr_line' id='line_1_23' title="bbox 1916 1094 3511 1170; baseline -0.003 -15"><span class='ocrx_word' id='word_1_172' title='bbox 1916 1108 2091 1168; x_wconf 84' lang='lat' dir='ltr'><strong>catur,</strong></span> <span class='ocrx_word' id='word_1_173' title='bbox 2121 1100 2223 1155; x_wconf 92' lang='lat' dir='ltr'><strong>sub</strong></span> <span class='ocrx_word' id='word_1_174' title='bbox 2252 1113 2362 1170; x_wconf 93' lang='lat' dir='ltr'><strong>quo</strong></span> <span class='ocrx_word' id='word_1_175' title='bbox 2390 1097 2557 1167; x_wconf 83' lang='lat' dir='ltr'><strong>Troja</strong></span> <span class='ocrx_word' id='word_1_176' title='bbox 2591 1104 2749 1166; x_wconf 88' lang='lat' dir='ltr'><strong>capta</strong></span> <span class='ocrx_word' id='word_1_177' title='bbox 2800 1105 2908 1162; x_wconf 90' lang='lat' dir='ltr'><strong>est,</strong></span> <span class='ocrx_word' id='word_1_178' title='bbox 2957 1096 3290 1165; x_wconf 88' lang='lat' dir='ltr'><strong>colliguntur</strong></span> <span class='ocrx_word' id='word_1_179' title='bbox 3346 1094 3511 1150; x_wconf 89' lang='lat' dir='ltr'><strong>etiam</strong></span> 
     </span>
    </p>
   </div>
   <div class='ocr_carea' id='block_1_24' title="bbox 1917 1187 3510 1263">
    <p class='ocr_par' dir='ltr' id='par_1_24' title="bbox 1917 1187 3510 1263">
     <span class='ocr_line' id='line_1_24' title="bbox 1917 1187 3510 1263; baseline -0.004 -15"><span class='ocrx_word' id='word_1_180' title='bbox 1917 1191 2215 1263; x_wconf 88' lang='lat' dir='ltr'><strong>supradicti</strong></span> <span class='ocrx_word' id='word_1_181' title='bbox 2242 1190 2365 1245; x_wconf 91' lang='lat' dir='ltr'><strong>anni</strong></span> <span class='ocrx_word' id='word_1_182' title='bbox 2415 1203 2737 1246; x_wconf 78' lang='lat' dir='ltr'><strong>ncccxxxtv.</strong></span> <span class='ocrx_word' id='word_1_183' title='bbox 2793 1188 2961 1258; x_wconf 76' lang='lat' dir='ltr'><strong>Igitur</strong></span> <span class='ocrx_word' id='word_1_184' title='bbox 3006 1194 3404 1258; x_wconf 84' lang='lat' dir='ltr'><strong>consequenter</strong></span> <span class='ocrx_word' id='word_1_185' title='bbox 3454 1187 3510 1242; x_wconf 92' lang='lat' dir='ltr'><strong>in</strong></span> 
     </span>
    </p>
   </div>
   <div class='ocr_carea' id='block_1_25' title="bbox 1916 1279 3515 1355">
    <p class='ocr_par' dir='ltr' id='par_1_25' title="bbox 1916 1279 3515 1355">
     <span class='ocr_line' id='line_1_25' title="bbox 1916 1279 3515 1355; baseline -0.003 -15"><span class='ocrx_word' id='word_1_186' title='bbox 1916 1286 2086 1341; x_wconf 88' lang='lat' dir='ltr'><strong>libelli</strong></span> <span class='ocrx_word' id='word_1_187' title='bbox 2118 1284 2298 1341; x_wconf 83' lang='lat' dir='ltr'><strong>fronte</strong></span> <span class='ocrx_word' id='word_1_188' title='bbox 2328 1284 2579 1355; x_wconf 88' lang='lat' dir='ltr'><strong>ponimus</strong></span> <span class='ocrx_word' id='word_1_189' title='bbox 2605 1297 2714 1339; x_wconf 91' lang='lat' dir='ltr'><strong>uno</strong></span> <span class='ocrx_word' id='word_1_190' title='bbox 2735 1281 3035 1353; x_wconf 87' lang='lat' dir='ltr'><strong>eodemque</strong></span> <span class='ocrx_word' id='word_1_191' title='bbox 3063 1289 3308 1350; x_wconf 91' lang='lat' dir='ltr'><strong>tempore</strong></span> <span class='ocrx_word' id='word_1_192' title='bbox 3342 1279 3515 1336; x_wconf 87' lang='lat' dir='ltr'><strong>Abra-</strong></span> 
     </span>
    </p>
   </div>
   <div class='ocr_carea' id='block_1_26' title="bbox 1916 1370 3513 1444">
    <p class='ocr_par' dir='ltr' id='par_1_26' title="bbox 1916 1370 3513 1444">
     <span class='ocr_line' id='line_1_26' title="bbox 1916 1370 3513 1444; baseline -0.004 -11"><span class='ocrx_word' id='word_1_193' title='bbox 1916 1379 2062 1441; x_wconf 87' lang='lat' dir='ltr'><strong>ltam,</strong></span> <span class='ocrx_word' id='word_1_194' title='bbox 2088 1377 2310 1444; x_wconf 90' lang='lat' dir='ltr'><strong>Ninum,</strong></span> <span class='ocrx_word' id='word_1_195' title='bbox 2349 1375 2733 1444; x_wconf 89' lang='lat' dir='ltr'><strong>Semiratnim,</strong></span> <span class='ocrx_word' id='word_1_196' title='bbox 2778 1375 3081 1444; x_wconf 81' lang='lat' dir='ltr'><strong>EurOpem,</strong></span> <span class='ocrx_word' id='word_1_197' title='bbox 3133 1370 3513 1443; x_wconf 67' lang='lat' dir='ltr'><strong>Egyjitittrum</strong></span> 
     </span>
    </p>
   </div>
   <div class='ocr_carea' id='block_1_27' title="bbox 1915 1462 3514 1540">
    <p class='ocr_par' dir='ltr' id='par_1_27' title="bbox 1915 1462 3514 1540">
     <span class='ocr_line' id='line_1_27' title="bbox 1915 1462 3514 1540; baseline -0.007 -13"><span class='ocrx_word' id='word_1_198' title='bbox 1915 1472 2206 1527; x_wconf 69' lang='lat' dir='ltr'><strong>Thebaros.</strong></span> <span class='ocrx_word' id='word_1_199' title='bbox 2262 1470 2331 1525; x_wconf 89' lang='lat' dir='ltr'><strong>Et</strong></span> <span class='ocrx_word' id='word_1_200' title='bbox 2359 1469 2474 1525; x_wconf 87' lang='lat' dir='ltr'><strong>haec</strong></span> <span class='ocrx_word' id='word_1_201' title='bbox 2519 1467 2737 1540; x_wconf 92' lang='lat' dir='ltr'><strong>quidem</strong></span> <span class='ocrx_word' id='word_1_202' title='bbox 2782 1468 2851 1521; x_wconf 91' lang='lat' dir='ltr'><strong>ita</strong></span> <span class='ocrx_word' id='word_1_203' title='bbox 2883 1481 2942 1522; x_wconf 90' lang='lat' dir='ltr'><strong>se</strong></span> <span class='ocrx_word' id='word_1_204' title='bbox 2973 1464 3203 1529; x_wconf 91' lang='lat' dir='ltr'><strong>habere,</strong></span> <span class='ocrx_word' id='word_1_205' title='bbox 3229 1472 3288 1517; x_wconf 92' lang='lat' dir='ltr'><strong>ut</strong></span> <span class='ocrx_word' id='word_1_206' title='bbox 3305 1462 3514 1534; x_wconf 78' lang='lat' dir='ltr'><strong>praefati</strong></span> 
     </span>
    </p>
   </div>
   <div class='ocr_carea' id='block_1_28' title="bbox 1915 1556 3575 1636">
    <p class='ocr_par' dir='ltr' id='par_1_28' title="bbox 1915 1556 3575 1636">
     <span class='ocr_line' id='line_1_28' title="bbox 1915 1556 3575 1636; baseline -0.008 -14"><span class='ocrx_word' id='word_1_207' title='bbox 1915 1582 2124 1634; x_wconf 90' lang='lat' dir='ltr'><strong>sumus,</strong></span> <span class='ocrx_word' id='word_1_208' title='bbox 2155 1564 2425 1636; x_wconf 89' lang='lat' dir='ltr'><strong>posterior</strong></span> <span class='ocrx_word' id='word_1_209' title='bbox 2453 1570 2634 1619; x_wconf 79' lang='lat' dir='ltr'><strong>textos</strong></span> <span class='ocrx_word' id='word_1_210' title='bbox 2658 1559 2929 1616; x_wconf 88' lang='lat' dir='ltr'><strong>ostendet.</strong></span> <span class='ocrx_word' id='word_1_211' title='bbox 2974 1558 3128 1613; x_wconf 86' lang='lat' dir='ltr'><strong>Nunc</strong></span> <span class='ocrx_word' id='word_1_212' title='bbox 3150 1556 3281 1612; x_wconf 90' lang='lat' dir='ltr'><strong>illud</strong></span> <span class='ocrx_word' id='word_1_213' title='bbox 3306 1556 3358 1611; x_wconf 92' lang='lat' dir='ltr'><strong>in</strong></span> <span class='ocrx_word' id='word_1_214' title='bbox 3386 1570 3514 1611; x_wconf 91' lang='lat' dir='ltr'><strong>cura</strong></span> <span class='ocrx_word' id='word_1_215' title='bbox 3572 1576 3575 1579; x_wconf 94' lang='grc'>·</span> 
     </span>
    </p>
   </div>
   <div class='ocr_carea' id='block_1_29' title="bbox 1915 1653 3515 1726">
    <p class='ocr_par' dir='ltr' id='par_1_29' title="bbox 1915 1653 3515 1726">
     <span class='ocr_line' id='line_1_29' title="bbox 1915 1653 3515 1726; baseline -0.008 -9"><span class='ocrx_word' id='word_1_216' title='bbox 1915 1670 2018 1726; x_wconf 91' lang='lat' dir='ltr'><strong>est,</strong></span> <span class='ocrx_word' id='word_1_217' title='bbox 2050 1659 2289 1714; x_wconf 89' lang='lat' dir='ltr'><strong>utetiam</strong></span> <span class='ocrx_word' id='word_1_218' title='bbox 2316 1656 2673 1713; x_wconf 66' lang='lat' dir='ltr'><strong>Hebraeorum</strong></span> <span class='ocrx_word' id='word_1_219' title='bbox 2697 1668 2871 1708; x_wconf 91' lang='lat' dir='ltr'><strong>annos</strong></span> <span class='ocrx_word' id='word_1_220' title='bbox 2911 1653 2963 1707; x_wconf 91' lang='lat' dir='ltr'><strong>in</strong></span> <span class='ocrx_word' id='word_1_221' title='bbox 3008 1659 3242 1722; x_wconf 88' lang='lat' dir='ltr'><strong>quatuor</strong></span> <span class='ocrx_word' id='word_1_222' title='bbox 3272 1658 3515 1718; x_wconf 88' lang='lat' dir='ltr'><strong>tempora</strong></span> 
     </span>
    </p>
   </div>
   <div class='ocr_carea' id='block_1_30' title="bbox 1916 1740 3514 1817">
    <p class='ocr_par' dir='ltr' id='par_1_30' title="bbox 1916 1740 3514 1817">
     <span class='ocr_line' id='line_1_30' title="bbox 1916 1740 3514 1817; baseline -0.008 -9"><span class='ocrx_word' id='word_1_223' title='bbox 1916 1752 2241 1808; x_wconf 83' lang='lat' dir='ltr'><strong>dividamus.</strong></span> <span class='ocrx_word' id='word_1_224' title='bbox 2295 1750 2378 1807; x_wconf 84' lang='lat' dir='ltr'><strong>Ab</strong></span> <span class='ocrx_word' id='word_1_225' title='bbox 2408 1749 2681 1804; x_wconf 82' lang='lat' dir='ltr'><strong>Abraham</strong></span> <span class='ocrx_word' id='word_1_226' title='bbox 2713 1762 2885 1817; x_wconf 89' lang='lat' dir='ltr'><strong>usque</strong></span> <span class='ocrx_word' id='word_1_227' title='bbox 2926 1744 2993 1799; x_wconf 88' lang='lat' dir='ltr'><strong>ad</strong></span> <span class='ocrx_word' id='word_1_228' title='bbox 3041 1744 3249 1808; x_wconf 82' lang='lat' dir='ltr'><strong>Mosen,</strong></span> <span class='ocrx_word' id='word_1_229' title='bbox 3293 1759 3320 1795; x_wconf 89' lang='lat' dir='ltr'><strong>a</strong></span> <span class='ocrx_word' id='word_1_230' title='bbox 3365 1740 3514 1796; x_wconf 87' lang='lat' dir='ltr'><strong>Mosc</strong></span> 
     </span>
    </p>
   </div>
   <div class='ocr_carea' id='block_1_31' title="bbox 209 1833 3511 1915">
    <p class='ocr_par' dir='ltr' id='par_1_31' title="bbox 209 1833 3511 1915">
     <span class='ocr_line' id='line_1_31' title="bbox 209 1833 3511 1915; baseline -0.001 -24"><span class='ocrx_word' id='word_1_231' title='bbox 209 1838 547 1907; x_wconf 77' lang='lat' dir='ltr'><strong>temporibus</strong></span> <span class='ocrx_word' id='word_1_232' title='bbox 580 1837 818 1893; x_wconf 77' lang='lat' dir='ltr'><strong>Abrahze</strong></span> <span class='ocrx_word' id='word_1_233' title='bbox 850 1848 903 1894; x_wconf 89' lang='lat' dir='ltr'><strong>et</strong></span> <span class='ocrx_word' id='word_1_234' title='bbox 933 1838 1055 1894; x_wconf 91' lang='lat' dir='ltr'><strong>Nini</strong></span> <span class='ocrx_word' id='word_1_235' title='bbox 1088 1839 1363 1910; x_wconf 84' lang='lat' dir='ltr'><strong>Europem</strong></span> <span class='ocrx_word' id='word_1_236' title='bbox 1394 1839 1690 1895; x_wconf 86' lang='lat' dir='ltr'><strong>secundum</strong></span> <span class='ocrx_word' id='word_1_237' title='bbox 1723 1855 1807 1897; x_wconf 85' lang='lat' dir='ltr'><strong>re-</strong></span> <span class='ocrx_word' id='word_1_238' title='bbox 1836 1849 1883 1910; x_wconf 79' lang='grc' dir='ltr'><strong><em>Β</em></strong></span> <span class='ocrx_word' id='word_1_239' title='bbox 1911 1860 2082 1915; x_wconf 88' lang='lat' dir='ltr'><strong>usque</strong></span> <span class='ocrx_word' id='word_1_240' title='bbox 2128 1843 2196 1898; x_wconf 88' lang='lat' dir='ltr'><strong>ad</strong></span> <span class='ocrx_word' id='word_1_241' title='bbox 2247 1843 2475 1913; x_wconf 90' lang='lat' dir='ltr'><strong>primam</strong></span> <span class='ocrx_word' id='word_1_242' title='bbox 2525 1839 2943 1895; x_wconf 83' lang='lat' dir='ltr'><strong>aediﬁcationem</strong></span> <span class='ocrx_word' id='word_1_243' title='bbox 2999 1835 3213 1905; x_wconf 88' lang='lat' dir='ltr'><strong>templi,</strong></span> <span class='ocrx_word' id='word_1_244' title='bbox 3263 1849 3291 1887; x_wconf 91' lang='lat' dir='ltr'><strong>a</strong></span> <span class='ocrx_word' id='word_1_245' title='bbox 3340 1833 3511 1904; x_wconf 90' lang='lat' dir='ltr'><strong>prima</strong></span> 
     </span>
    </p>
   </div>
   <div class='ocr_carea' id='block_1_32' title="bbox 206 1929 1811 2001">
    <p class='ocr_par' dir='ltr' id='par_1_32' title="bbox 206 1929 1811 2001">
     <span class='ocr_line' id='line_1_32' title="bbox 206 1929 1811 2001; baseline 0.003 -17"><span class='ocrx_word' id='word_1_246' title='bbox 206 1946 395 2001; x_wconf 78' lang='lat' dir='ltr'><strong>gnasse</strong></span> <span class='ocrx_word' id='word_1_247' title='bbox 419 1931 629 1985; x_wconf 78' lang='lat' dir='ltr'><strong>lerunt.</strong></span> <span class='ocrx_word' id='word_1_248' title='bbox 665 1929 819 1998; x_wconf 85' lang='lat' dir='ltr'><strong>Quod</strong></span> <span class='ocrx_word' id='word_1_249' title='bbox 852 1946 950 1986; x_wconf 92' lang='lat' dir='ltr'><strong>cur</strong></span> <span class='ocrx_word' id='word_1_250' title='bbox 973 1931 1136 1986; x_wconf 84' lang='lat' dir='ltr'><strong>etiam</strong></span> <span class='ocrx_word' id='word_1_251' title='bbox 1172 1946 1272 1986; x_wconf 93' lang='lat' dir='ltr'><strong>nos</strong></span> <span class='ocrx_word' id='word_1_252' title='bbox 1305 1940 1578 2001; x_wconf 90' lang='lat' dir='ltr'><strong>putemus,</strong></span> <span class='ocrx_word' id='word_1_253' title='bbox 1620 1947 1691 1987; x_wconf 79' lang='lat' dir='ltr'><strong>ex</strong></span> <span class='ocrx_word' id='word_1_254' title='bbox 1721 1947 1811 1989; x_wconf 89' lang='lat' dir='ltr'><strong>se-</strong></span> 
     </span>
    </p>
   </div>
   <div class='ocr_carea' id='block_1_33' title="bbox 206 2020 1806 2093">
    <p class='ocr_par' dir='ltr' id='par_1_33' title="bbox 206 2020 1806 2093">
     <span class='ocr_line' id='line_1_33' title="bbox 206 2020 1806 2093; baseline 0.003 -18"><span class='ocrx_word' id='word_1_255' title='bbox 206 2020 494 2091; x_wconf 78' lang='lat' dir='ltr'><strong>quentibus</strong></span> <span class='ocrx_word' id='word_1_256' title='bbox 509 2021 1006 2076; x_wconf 85' lang='lat' dir='ltr'><strong>demonstrabitur.</strong></span> <span class='ocrx_word' id='word_1_257' title='bbox 1033 2021 1089 2077; x_wconf 90' lang='lat' dir='ltr'><strong>Si</strong></span> <span class='ocrx_word' id='word_1_258' title='bbox 1104 2022 1247 2077; x_wconf 91' lang='lat' dir='ltr'><strong>enim</strong></span> <span class='ocrx_word' id='word_1_259' title='bbox 1267 2022 1559 2093; x_wconf 77' lang='lat' dir='ltr'><strong>diligenter</strong></span> <span class='ocrx_word' id='word_1_260' title='bbox 1580 2038 1806 2080; x_wconf 87' lang='lat' dir='ltr'><strong>enume-</strong></span> 
     </span>
    </p>
   </div>
   <div class='ocr_carea' id='block_1_34' title="bbox 206 2114 1799 2185">
    <p class='ocr_par' dir='ltr' id='par_1_34' title="bbox 206 2114 1799 2185">
     <span class='ocr_line' id='line_1_34' title="bbox 206 2114 1799 2185; baseline 0.001 -16"><span class='ocrx_word' id='word_1_261' title='bbox 206 2132 282 2170; x_wconf 74' lang='lat' dir='ltr'><strong>res</strong></span> <span class='ocrx_word' id='word_1_262' title='bbox 301 2116 368 2169; x_wconf 80' lang='lat' dir='ltr'><strong>ah</strong></span> <span class='ocrx_word' id='word_1_263' title='bbox 388 2115 591 2170; x_wconf 89' lang='lat' dir='ltr'><strong>ultima</strong></span> <span class='ocrx_word' id='word_1_264' title='bbox 603 2122 766 2170; x_wconf 60' lang='lat' dir='ltr'><strong>aetate</strong></span> <span class='ocrx_word' id='word_1_265' title='bbox 783 2114 931 2179; x_wconf 88' lang='lat' dir='ltr'><strong>Nini,</strong></span> <span class='ocrx_word' id='word_1_266' title='bbox 954 2130 1129 2185; x_wconf 85' lang='lat' dir='ltr'><strong>usque</strong></span> <span class='ocrx_word' id='word_1_267' title='bbox 1143 2115 1207 2171; x_wconf 91' lang='lat' dir='ltr'><strong>ad</strong></span> <span class='ocrx_word' id='word_1_268' title='bbox 1222 2116 1398 2185; x_wconf 87' lang='lat' dir='ltr'><strong>Trojae</strong></span> <span class='ocrx_word' id='word_1_269' title='bbox 1412 2116 1799 2185; x_wconf 85' lang='lat' dir='ltr'><strong>captivitatem,</strong></span> 
     </span>
    </p>
   </div>
   <div class='ocr_carea' id='block_1_35' title="bbox 204 2209 1802 2281">
    <p class='ocr_par' dir='ltr' id='par_1_35' title="bbox 204 2209 1802 2281">
     <span class='ocr_line' id='line_1_35' title="bbox 204 2209 1802 2281; baseline 0.001 -18"><span class='ocrx_word' id='word_1_270' title='bbox 204 2209 441 2264; x_wconf 84' lang='lat' dir='ltr'><strong>invenies</strong></span> <span class='ocrx_word' id='word_1_271' title='bbox 488 2222 674 2263; x_wconf 89' lang='lat' dir='ltr'><strong>annos</strong></span> <span class='ocrx_word' id='word_1_272' title='bbox 725 2224 1046 2264; x_wconf 80' lang='lat' dir='ltr'><strong>occcxxxw.</strong></span> <span class='ocrx_word' id='word_1_273' title='bbox 1094 2210 1225 2264; x_wconf 85' lang='lat' dir='ltr'><strong>Item</strong></span> <span class='ocrx_word' id='word_1_274' title='bbox 1259 2211 1313 2263; x_wconf 93' lang='lat' dir='ltr'><strong>in</strong></span> <span class='ocrx_word' id='word_1_275' title='bbox 1351 2209 1586 2281; x_wconf 79' lang='lat' dir='ltr'><strong>Sicyone</strong></span> <span class='ocrx_word' id='word_1_276' title='bbox 1626 2224 1654 2263; x_wconf 91' lang='lat' dir='ltr'><strong>a</strong></span> <span class='ocrx_word' id='word_1_277' title='bbox 1688 2225 1802 2265; x_wconf 68' lang='grc' dir='ltr'>χχιι</span> 
     </span>
    </p>
   </div>
   <div class='ocr_carea' id='block_1_36' title="bbox 200 2299 1800 2373">
    <p class='ocr_par' dir='ltr' id='par_1_36' title="bbox 200 2299 1800 2373">
     <span class='ocr_line' id='line_1_36' title="bbox 200 2299 1800 2373; baseline 0.003 -19"><span class='ocrx_word' id='word_1_278' title='bbox 200 2317 330 2357; x_wconf 83' lang='lat' dir='ltr'><strong>anno</strong></span> <span class='ocrx_word' id='word_1_279' title='bbox 358 2302 513 2372; x_wconf 84' lang='lat' dir='ltr'><strong>regis</strong></span> <span class='ocrx_word' id='word_1_280' title='bbox 548 2301 805 2371; x_wconf 84' lang='lat' dir='ltr'><strong>Europis,</strong></span> <span class='ocrx_word' id='word_1_281' title='bbox 837 2316 1010 2371; x_wconf 89' lang='lat' dir='ltr'><strong>usque</strong></span> <span class='ocrx_word' id='word_1_282' title='bbox 1033 2299 1100 2356; x_wconf 91' lang='lat' dir='ltr'><strong>ad</strong></span> <span class='ocrx_word' id='word_1_283' title='bbox 1140 2300 1513 2372; x_wconf 87' lang='lat' dir='ltr'><strong>supradictum</strong></span> <span class='ocrx_word' id='word_1_284' title='bbox 1548 2309 1800 2373; x_wconf 88' lang='lat' dir='ltr'><strong>tempus,</strong></span> 
     </span>
    </p>
   </div>
   <div class='ocr_carea' id='block_1_37' title="bbox 201 2392 1806 2468">
    <p class='ocr_par' dir='ltr' id='par_1_37' title="bbox 201 2392 1806 2468">
     <span class='ocr_line' id='line_1_37' title="bbox 201 2392 1806 2468; baseline -0.001 -14"><span class='ocrx_word' id='word_1_285' title='bbox 201 2396 411 2455; x_wconf 79' lang='lat' dir='ltr'><strong>eosdem</strong></span> <span class='ocrx_word' id='word_1_286' title='bbox 426 2408 613 2450; x_wconf 85' lang='lat' dir='ltr'><strong>annos</strong></span> <span class='ocrx_word' id='word_1_287' title='bbox 627 2392 873 2451; x_wconf 86' lang='lat' dir='ltr'><strong>invenies</strong></span> <span class='ocrx_word' id='word_1_288' title='bbox 886 2408 1090 2451; x_wconf 80' lang='lat' dir='ltr'><strong>ecccxx</strong></span> <span class='ocrx_word' id='word_1_289' title='bbox 1101 2409 1211 2449; x_wconf 72' lang='lat' dir='ltr'><strong>31v.</strong></span> <span class='ocrx_word' id='word_1_290' title='bbox 1230 2393 1386 2466; x_wconf 88' lang='lat' dir='ltr'><strong>Apud</strong></span> <span class='ocrx_word' id='word_1_291' title='bbox 1398 2394 1658 2452; x_wconf 69' lang='lat' dir='ltr'><strong>Hebraios</strong></span> <span class='ocrx_word' id='word_1_292' title='bbox 1670 2410 1806 2468; x_wconf 91' lang='lat' dir='ltr'><strong>quo-</strong></span> 
     </span>
    </p>
   </div>
   <div class='ocr_carea' id='block_1_38' title="bbox 1915 1928 3506 2006">
    <p class='ocr_par' dir='ltr' id='par_1_38' title="bbox 1915 1928 3506 2006">
     <span class='ocr_line' id='line_1_38' title="bbox 1915 1928 3506 2006; baseline -0.008 -12"><span class='ocrx_word' id='word_1_293' title='bbox 1915 1938 2274 1994; x_wconf 70' lang='lat' dir='ltr'><strong>atditieatione</strong></span> <span class='ocrx_word' id='word_1_294' title='bbox 2290 1936 2471 2006; x_wconf 86' lang='lat' dir='ltr'><strong>templi</strong></span> <span class='ocrx_word' id='word_1_295' title='bbox 2485 1949 2654 2005; x_wconf 92' lang='lat' dir='ltr'><strong>usque</strong></span> <span class='ocrx_word' id='word_1_296' title='bbox 2667 1933 2733 1988; x_wconf 88' lang='lat' dir='ltr'><strong>ad</strong></span> <span class='ocrx_word' id='word_1_297' title='bbox 2750 1932 3042 1989; x_wconf 79' lang='lat' dir='ltr'><strong>secundam</strong></span> <span class='ocrx_word' id='word_1_298' title='bbox 3060 1928 3506 1985; x_wconf 87' lang='lat' dir='ltr'><strong>instaurationem</strong></span> 
     </span>
    </p>
   </div>
   <div class='ocr_carea' id='block_1_39' title="bbox 1912 2018 3512 2101">
    <p class='ocr_par' dir='ltr' id='par_1_39' title="bbox 1912 2018 3512 2101">
     <span class='ocr_line' id='line_1_39' title="bbox 1912 2018 3512 2101; baseline -0.006 -16"><span class='ocrx_word' id='word_1_299' title='bbox 1912 2030 2135 2101; x_wconf 87' lang='lat' dir='ltr'><strong>ejus,ab</strong></span> <span class='ocrx_word' id='word_1_300' title='bbox 2162 2026 2682 2097; x_wconf 88' lang='lat' dir='ltr'><strong>instaurationcejus</strong></span> <span class='ocrx_word' id='word_1_301' title='bbox 2709 2040 2881 2095; x_wconf 90' lang='lat' dir='ltr'><strong>usque</strong></span> <span class='ocrx_word' id='word_1_302' title='bbox 2903 2023 2967 2078; x_wconf 90' lang='lat' dir='ltr'><strong>ad</strong></span> <span class='ocrx_word' id='word_1_303' title='bbox 2990 2021 3281 2077; x_wconf 89' lang='lat' dir='ltr'><strong>adventum</strong></span> <span class='ocrx_word' id='word_1_304' title='bbox 3310 2018 3512 2075; x_wconf 84' lang='lat' dir='ltr'><strong>Christi</strong></span> 
     </span>
    </p>
   </div>
   <div class='ocr_carea' id='block_1_40' title="bbox 1913 2112 3504 2191">
    <p class='ocr_par' dir='ltr' id='par_1_40' title="bbox 1913 2112 3504 2191">
     <span class='ocr_line' id='line_1_40' title="bbox 1913 2112 3504 2191; baseline -0.006 -14"><span class='ocrx_word' id='word_1_305' title='bbox 1913 2122 2146 2178; x_wconf 88' lang='lat' dir='ltr'><strong>Domini.</strong></span> <span class='ocrx_word' id='word_1_306' title='bbox 2172 2121 2220 2178; x_wconf 88' lang='lat' dir='ltr'><strong>A</strong></span> <span class='ocrx_word' id='word_1_307' title='bbox 2242 2120 2522 2177; x_wconf 88' lang='lat' dir='ltr'><strong>nativitatc</strong></span> <span class='ocrx_word' id='word_1_308' title='bbox 2549 2121 2750 2191; x_wconf 90' lang='lat' dir='ltr'><strong>quippe</strong></span> <span class='ocrx_word' id='word_1_309' title='bbox 2779 2117 3012 2173; x_wconf 65' lang='lat' dir='ltr'><strong>Abrahae</strong></span> <span class='ocrx_word' id='word_1_310' title='bbox 3039 2130 3211 2187; x_wconf 83' lang='lat' dir='ltr'><strong>usque</strong></span> <span class='ocrx_word' id='word_1_311' title='bbox 3229 2114 3295 2168; x_wconf 91' lang='lat' dir='ltr'><strong>ad</strong></span> <span class='ocrx_word' id='word_1_312' title='bbox 3316 2112 3504 2169; x_wconf 81' lang='lat' dir='ltr'><strong>Mosen</strong></span> 
     </span>
    </p>
   </div>
   <div class='ocr_carea' id='block_1_41' title="bbox 1910 2204 3505 2285">
    <p class='ocr_par' dir='ltr' id='par_1_41' title="bbox 1910 2204 3505 2285">
     <span class='ocr_line' id='line_1_41' title="bbox 1910 2204 3505 2285; baseline -0.006 -15"><span class='ocrx_word' id='word_1_313' title='bbox 1910 2223 1967 2270; x_wconf 88' lang='lat' dir='ltr'><strong>et</strong></span> <span class='ocrx_word' id='word_1_314' title='bbox 2006 2228 2285 2285; x_wconf 84' lang='lat' dir='ltr'><strong>egressum</strong></span> <span class='ocrx_word' id='word_1_315' title='bbox 2323 2213 2490 2269; x_wconf 89' lang='lat' dir='ltr'><strong>Israel</strong></span> <span class='ocrx_word' id='word_1_316' title='bbox 2529 2227 2596 2268; x_wconf 73' lang='lat' dir='ltr'><strong>ex</strong></span> <span class='ocrx_word' id='word_1_317' title='bbox 2647 2210 2918 2283; x_wconf 63' lang='lat' dir='ltr'><strong>Egypto,</strong></span> <span class='ocrx_word' id='word_1_318' title='bbox 2965 2213 3351 2278; x_wconf 88' lang='lat' dir='ltr'><strong>computantur</strong></span> <span class='ocrx_word' id='word_1_319' title='bbox 3378 2204 3505 2261; x_wconf 88' lang='lat' dir='ltr'><strong>anui</strong></span> 
     </span>
    </p>
   </div>
   <div class='ocr_carea' id='block_1_42' title="bbox 1909 2298 3509 2377">
    <p class='ocr_par' dir='ltr' id='par_1_42' title="bbox 1909 2298 3509 2377">
     <span class='ocr_line' id='line_1_42' title="bbox 1909 2298 3509 2377; baseline -0.008 -13"><span class='ocrx_word' id='word_1_320' title='bbox 1909 2305 1936 2345; x_wconf 75' lang='grc' dir='ltr'><strong>ἀ</strong></span> <span class='ocrx_word' id='word_1_321' title='bbox 1953 2324 2043 2364; x_wconf 85' lang='lat' dir='ltr'><strong>nv.</strong></span> <span class='ocrx_word' id='word_1_322' title='bbox 2063 2310 2103 2362; x_wconf 87' lang='lat' dir='ltr'><strong>A</strong></span> <span class='ocrx_word' id='word_1_323' title='bbox 2125 2307 2273 2363; x_wconf 82' lang='lat' dir='ltr'><strong>Mose</strong></span> <span class='ocrx_word' id='word_1_324' title='bbox 2297 2321 2468 2377; x_wconf 89' lang='lat' dir='ltr'><strong>usque</strong></span> <span class='ocrx_word' id='word_1_325' title='bbox 2484 2304 2552 2360; x_wconf 88' lang='lat' dir='ltr'><strong>ad</strong></span> <span class='ocrx_word' id='word_1_326' title='bbox 2571 2304 2919 2360; x_wconf 92' lang='lat' dir='ltr'><strong>Salomouem</strong></span> <span class='ocrx_word' id='word_1_327' title='bbox 2941 2310 2997 2358; x_wconf 89' lang='lat' dir='ltr'><strong>et</strong></span> <span class='ocrx_word' id='word_1_328' title='bbox 3019 2301 3250 2370; x_wconf 90' lang='lat' dir='ltr'><strong>primam</strong></span> <span class='ocrx_word' id='word_1_329' title='bbox 3272 2298 3509 2354; x_wconf 74' lang='lat' dir='ltr'><strong>aediﬁca-</strong></span> 
     </span>
    </p>
   </div>
   <div class='ocr_carea' id='block_1_43' title="bbox 1910 2392 3506 2469">
    <p class='ocr_par' dir='ltr' id='par_1_43' title="bbox 1910 2392 3506 2469">
     <span class='ocr_line' id='line_1_43' title="bbox 1910 2392 3506 2469; baseline -0.004 -15"><span class='ocrx_word' id='word_1_330' title='bbox 1910 2401 2113 2456; x_wconf 91' lang='lat' dir='ltr'><strong>tionem</strong></span> <span class='ocrx_word' id='word_1_331' title='bbox 2135 2398 2345 2469; x_wconf 89' lang='lat' dir='ltr'><strong>templi,</strong></span> <span class='ocrx_word' id='word_1_332' title='bbox 2388 2397 2514 2453; x_wconf 92' lang='lat' dir='ltr'><strong>anni</strong></span> <span class='ocrx_word' id='word_1_333' title='bbox 2544 2410 2864 2463; x_wconf 76' lang='lat' dir='ltr'><strong>coccum,</strong></span> <span class='ocrx_word' id='word_1_334' title='bbox 2905 2393 3209 2457; x_wconf 86' lang='lat' dir='ltr'><strong>secundum</strong></span> <span class='ocrx_word' id='word_1_335' title='bbox 3239 2392 3506 2449; x_wconf 91' lang='lat' dir='ltr'><strong>minorem</strong></span> 
     </span>
    </p>
   </div>
   <div class='ocr_carea' id='block_1_44' title="bbox 1738 2537 1971 2596">
    <p class='ocr_par' dir='ltr' id='par_1_44' title="bbox 1738 2537 1971 2596">
     <span class='ocr_line' id='line_1_44' title="bbox 1738 2537 1971 2596; baseline 0.004 -3"><span class='ocrx_word' id='word_1_336' title='bbox 1738 2537 1971 2596; x_wconf 61' lang='lat' dir='ltr'><strong>NOTAE.</strong></span> 
     </span>
    </p>
   </div>
   <div class='ocr_carea' id='block_1_45' title="bbox 200 2650 1801 2724">
    <p class='ocr_par' dir='ltr' id='par_1_45' title="bbox 200 2650 1801 2724">
     <span class='ocr_line' id='line_1_45' title="bbox 200 2650 1801 2724; baseline 0.001 -15"><span class='ocrx_word' id='word_1_337' title='bbox 200 2653 426 2722; x_wconf 83' lang='lat' dir='ltr'><strong>cipiunt.</strong></span> <span class='ocrx_word' id='word_1_338' title='bbox 453 2651 528 2707; x_wconf 81' lang='lat' dir='ltr'><strong>Et</strong></span> <span class='ocrx_word' id='word_1_339' title='bbox 549 2667 879 2723; x_wconf 89' lang='lat' dir='ltr'><strong>quamquam</strong></span> <span class='ocrx_word' id='word_1_340' title='bbox 903 2652 1285 2724; x_wconf 84' lang='lat' dir='ltr'><strong>castigatiores</strong></span> <span class='ocrx_word' id='word_1_341' title='bbox 1313 2653 1349 2707; x_wconf 89' lang='lat' dir='ltr'><strong>ii</strong></span> <span class='ocrx_word' id='word_1_342' title='bbox 1375 2650 1630 2724; x_wconf 88' lang='lat' dir='ltr'><strong>dicuntur</strong></span> <span class='ocrx_word' id='word_1_343' title='bbox 1655 2652 1801 2710; x_wconf 85' lang='lat' dir='ltr'><strong>Pon-</strong></span> 
     </span>
    </p>
   </div>
   <div class='ocr_carea' id='block_1_46' title="bbox 202 2723 1797 2792">
    <p class='ocr_par' dir='ltr' id='par_1_46' title="bbox 202 2723 1797 2792">
     <span class='ocr_line' id='line_1_46' title="bbox 202 2723 1797 2792; baseline 0.002 -15"><span class='ocrx_word' id='word_1_344' title='bbox 202 2736 308 2779; x_wconf 70' lang='lat' dir='ltr'><strong>U00</strong></span> <span class='ocrx_word' id='word_1_345' title='bbox 328 2733 389 2778; x_wconf 79' lang='lat' dir='ltr'><strong>et</strong></span> <span class='ocrx_word' id='word_1_346' title='bbox 409 2724 652 2779; x_wconf 75' lang='lat' dir='ltr'><strong>Petmio</strong></span> <span class='ocrx_word' id='word_1_347' title='bbox 670 2726 910 2791; x_wconf 88' lang='lat' dir='ltr'><strong>codices,</strong></span> <span class='ocrx_word' id='word_1_348' title='bbox 936 2723 1080 2792; x_wconf 79' lang='lat' dir='ltr'><strong>quia</strong></span> <span class='ocrx_word' id='word_1_349' title='bbox 1105 2724 1313 2778; x_wconf 90' lang='lat' dir='ltr'><strong>diluvio</strong></span> <span class='ocrx_word' id='word_1_350' title='bbox 1334 2723 1403 2778; x_wconf 87' lang='lat' dir='ltr'><strong>ad</strong></span> <span class='ocrx_word' id='word_1_351' title='bbox 1425 2723 1797 2781; x_wconf 85' lang='lat' dir='ltr'><strong>Abrahamum</strong></span> 
     </span>
    </p>
   </div>
   <div class='ocr_carea' id='block_1_47' title="bbox 202 2795 1799 2865">
    <p class='ocr_par' dir='ltr' id='par_1_47' title="bbox 202 2795 1799 2865">
     <span class='ocr_line' id='line_1_47' title="bbox 202 2795 1799 2865; baseline 0.003 -17"><span class='ocrx_word' id='word_1_352' title='bbox 202 2812 289 2862; x_wconf 83' lang='lat' dir='ltr'><strong>pro</strong></span> <span class='ocrx_word' id='word_1_353' title='bbox 319 2795 436 2850; x_wconf 65' lang='lat'><strong>9-52</strong></span> <span class='ocrx_word' id='word_1_354' title='bbox 488 2810 669 2849; x_wconf 88' lang='lat' dir='ltr'><strong>annos</strong></span> <span class='ocrx_word' id='word_1_355' title='bbox 699 2804 1016 2865; x_wconf 88' lang='lat' dir='ltr'><strong>computant</strong></span> <span class='ocrx_word' id='word_1_356' title='bbox 1048 2795 1219 2862; x_wconf 72' lang='grc'><strong>1072,</strong></span> <span class='ocrx_word' id='word_1_357' title='bbox 1261 2811 1322 2850; x_wconf 90' lang='lat' dir='ltr'><strong>ea</strong></span> <span class='ocrx_word' id='word_1_358' title='bbox 1366 2804 1545 2850; x_wconf 84' lang='lat' dir='ltr'><strong>tamen</strong></span> <span class='ocrx_word' id='word_1_359' title='bbox 1588 2810 1799 2852; x_wconf 85' lang='lat' dir='ltr'><strong>summa</strong></span> 
     </span>
    </p>
   </div>
   <div class='ocr_carea' id='block_1_48' title="bbox 201 2866 1801 2937">
    <p class='ocr_par' dir='ltr' id='par_1_48' title="bbox 201 2866 1801 2937">
     <span class='ocr_line' id='line_1_48' title="bbox 201 2866 1801 2937; baseline 0.002 -17"><span class='ocrx_word' id='word_1_360' title='bbox 201 2867 367 2920; x_wconf 83' lang='lat' dir='ltr'><strong>adhuc</strong></span> <span class='ocrx_word' id='word_1_361' title='bbox 412 2882 507 2921; x_wconf 75' lang='grc' dir='ltr'><strong>εει</strong></span> <span class='ocrx_word' id='word_1_362' title='bbox 556 2866 1073 2937; x_wconf 80' lang='lat' dir='ltr'><strong>Septuagintavirali</strong></span> <span class='ocrx_word' id='word_1_363' title='bbox 1116 2867 1330 2921; x_wconf 89' lang='lat' dir='ltr'><strong>calculo</strong></span> <span class='ocrx_word' id='word_1_364' title='bbox 1362 2867 1553 2921; x_wconf 87' lang='lat' dir='ltr'><strong>solidis</strong></span> <span class='ocrx_word' id='word_1_365' title='bbox 1582 2880 1801 2923; x_wconf 87' lang='lat' dir='ltr'><strong>centum</strong></span> 
     </span>
    </p>
   </div>
   <div class='ocr_carea' id='block_1_49' title="bbox 201 2938 1803 3008">
    <p class='ocr_par' dir='ltr' id='par_1_49' title="bbox 201 2938 1803 3008">
     <span class='ocr_line' id='line_1_49' title="bbox 201 2938 1803 3008; baseline 0.002 -18"><span class='ocrx_word' id='word_1_366' title='bbox 201 2938 480 3006; x_wconf 75' lang='lat' dir='ltr'><strong>sexaginta</strong></span> <span class='ocrx_word' id='word_1_367' title='bbox 512 2942 676 2991; x_wconf 83' lang='lat' dir='ltr'><strong>annis</strong></span> <span class='ocrx_word' id='word_1_368' title='bbox 705 2942 909 3004; x_wconf 87' lang='lat' dir='ltr'><strong>minor,</strong></span> <span class='ocrx_word' id='word_1_369' title='bbox 940 2947 1201 3008; x_wconf 90' lang='lat' dir='ltr'><strong>quantum</strong></span> <span class='ocrx_word' id='word_1_370' title='bbox 1237 2953 1434 3008; x_wconf 85' lang='lat' dir='ltr'><strong>nempe</strong></span> <span class='ocrx_word' id='word_1_371' title='bbox 1461 2938 1529 2993; x_wconf 88' lang='lat' dir='ltr'><strong>ab</strong></span> <span class='ocrx_word' id='word_1_372' title='bbox 1561 2953 1628 2994; x_wconf 91' lang='lat' dir='ltr'><strong>eo</strong></span> <span class='ocrx_word' id='word_1_373' title='bbox 1660 2954 1803 2994; x_wconf 89' lang='lat' dir='ltr'><strong>anno</strong></span> 
     </span>
    </p>
   </div>
   <div class='ocr_carea' id='block_1_50' title="bbox 201 3008 1798 3078">
    <p class='ocr_par' dir='ltr' id='par_1_50' title="bbox 201 3008 1798 3078">
     <span class='ocr_line' id='line_1_50' title="bbox 201 3008 1798 3078; baseline 0.002 -15"><span class='ocrx_word' id='word_1_374' title='bbox 201 3010 333 3063; x_wconf 62' lang='grc' dir='ltr'><strong>54η</strong></span> <span class='ocrx_word' id='word_1_375' title='bbox 359 3008 610 3063; x_wconf 85' lang='lat' dir='ltr'><strong>decedit.</strong></span> <span class='ocrx_word' id='word_1_376' title='bbox 638 3008 794 3063; x_wconf 85' lang='lat' dir='ltr'><strong>Prior</strong></span> <span class='ocrx_word' id='word_1_377' title='bbox 822 3020 1003 3064; x_wconf 90' lang='lat' dir='ltr'><strong>autem</strong></span> <span class='ocrx_word' id='word_1_378' title='bbox 1039 3009 1149 3072; x_wconf 90' lang='lat' dir='ltr'><strong>illa,</strong></span> <span class='ocrx_word' id='word_1_379' title='bbox 1175 3024 1299 3078; x_wconf 61' lang='lat' dir='ltr'><strong>quae</strong></span> <span class='ocrx_word' id='word_1_380' title='bbox 1324 3011 1473 3063; x_wconf 89' lang='lat' dir='ltr'><strong>solos</strong></span> <span class='ocrx_word' id='word_1_381' title='bbox 1504 3019 1652 3076; x_wconf 88' lang='lat' dir='ltr'><strong>putat</strong></span> <span class='ocrx_word' id='word_1_382' title='bbox 1671 3011 1798 3074; x_wconf 71' lang='grc'><strong>942,</strong></span> 
     </span>
    </p>
   </div>
   <div class='ocr_carea' id='block_1_51' title="bbox 203 3079 1802 3151">
    <p class='ocr_par' dir='ltr' id='par_1_51' title="bbox 203 3079 1802 3151">
     <span class='ocr_line' id='line_1_51' title="bbox 203 3079 1802 3151; baseline 0.003 -18"><span class='ocrx_word' id='word_1_383' title='bbox 203 3089 418 3146; x_wconf 70' lang='lat' dir='ltr'><strong>ncepta</strong></span> <span class='ocrx_word' id='word_1_384' title='bbox 447 3088 541 3134; x_wconf 90' lang='lat' dir='ltr'><strong>est</strong></span> <span class='ocrx_word' id='word_1_385' title='bbox 569 3081 732 3151; x_wconf 82' lang='lat' dir='ltr'><strong>vulgo</strong></span> <span class='ocrx_word' id='word_1_386' title='bbox 756 3091 1028 3151; x_wconf 90' lang='lat' dir='ltr'><strong>tamquam</strong></span> <span class='ocrx_word' id='word_1_387' title='bbox 1053 3094 1119 3134; x_wconf 85' lang='lat' dir='ltr'><strong>ex</strong></span> <span class='ocrx_word' id='word_1_388' title='bbox 1154 3079 1376 3135; x_wconf 86' lang='lat' dir='ltr'><strong>Eusebii</strong></span> <span class='ocrx_word' id='word_1_389' title='bbox 1404 3088 1459 3134; x_wconf 87' lang='lat' dir='ltr'><strong>et</strong></span> <span class='ocrx_word' id='word_1_390' title='bbox 1485 3080 1802 3151; x_wconf 83' lang='lat' dir='ltr'><strong>Hieronymi</strong></span> 
     </span>
    </p>
   </div>
   <div class='ocr_carea' id='block_1_52' title="bbox 204 3138 1878 3222">
    <p class='ocr_par' dir='ltr' id='par_1_52' title="bbox 204 3138 1878 3222">
     <span class='ocr_line' id='line_1_52' title="bbox 204 3138 1878 3222; baseline -0.001 -19"><span class='ocrx_word' id='word_1_391' title='bbox 204 3138 380 3206; x_wconf 80' lang='lat' dir='ltr'><strong>meuie</strong></span> <span class='ocrx_word' id='word_1_392' title='bbox 407 3153 483 3222; x_wconf 75' lang='lat' dir='ltr'><strong>ab</strong></span> <span class='ocrx_word' id='word_1_393' title='bbox 518 3138 777 3222; x_wconf 76' lang='lat' dir='ltr'><strong>omnibus</strong></span> <span class='ocrx_word' id='word_1_394' title='bbox 807 3138 921 3204; x_wconf 71' lang='lat' dir='ltr'><strong>fere</strong></span> <span class='ocrx_word' id='word_1_395' title='bbox 969 3151 1144 3206; x_wconf 59' lang='lat' dir='ltr'><strong>aetatis</strong></span> <span class='ocrx_word' id='word_1_396' title='bbox 1188 3151 1381 3206; x_wconf 57' lang='lat' dir='ltr'><strong>media;</strong></span> <span class='ocrx_word' id='word_1_397' title='bbox 1418 3138 1800 3222; x_wconf 66' lang='lat' dir='ltr'><strong>chronologis,</strong></span> <span class='ocrx_word' id='word_1_398' title='bbox 1831 3138 1878 3202; x_wconf 87' lang='lat' dir='ltr'>C</span> 
     </span>
    </p>
   </div>
   <div class='ocr_carea' id='block_1_53' title="bbox 204 3221 1806 3292">
    <p class='ocr_par' dir='ltr' id='par_1_53' title="bbox 204 3221 1806 3292">
     <span class='ocr_line' id='line_1_53' title="bbox 204 3221 1806 3292; baseline 0.002 -16"><span class='ocrx_word' id='word_1_399' title='bbox 204 3222 416 3288; x_wconf 83' lang='lat' dir='ltr'><strong>Orosio,</strong></span> <span class='ocrx_word' id='word_1_400' title='bbox 445 3221 623 3288; x_wconf 86' lang='lat' dir='ltr'><strong>Beda,</strong></span> <span class='ocrx_word' id='word_1_401' title='bbox 649 3222 985 3292; x_wconf 89' lang='lat' dir='ltr'><strong>Freculpho,</strong></span> <span class='ocrx_word' id='word_1_402' title='bbox 1016 3231 1176 3290; x_wconf 88' lang='lat' dir='ltr'><strong>atque</strong></span> <span class='ocrx_word' id='word_1_403' title='bbox 1206 3222 1352 3286; x_wconf 90' lang='lat' dir='ltr'><strong>aliis,</strong></span> <span class='ocrx_word' id='word_1_404' title='bbox 1376 3223 1464 3292; x_wconf 95' lang='lat' dir='ltr'><strong>qui</strong></span> <span class='ocrx_word' id='word_1_405' title='bbox 1494 3238 1555 3278; x_wconf 91' lang='lat' dir='ltr'><strong>se</strong></span> <span class='ocrx_word' id='word_1_406' title='bbox 1582 3221 1806 3279; x_wconf 81' lang='lat' dir='ltr'><strong>calculis</strong></span> 
     </span>
    </p>
   </div>
   <div class='ocr_carea' id='block_1_54' title="bbox 208 3292 1807 3363">
    <p class='ocr_par' dir='ltr' id='par_1_54' title="bbox 208 3292 1807 3363">
     <span class='ocr_line' id='line_1_54' title="bbox 208 3292 1807 3363; baseline 0.002 -17"><span class='ocrx_word' id='word_1_407' title='bbox 208 3293 531 3347; x_wconf 75' lang='lat' dir='ltr'><strong>Eusebianis</strong></span> <span class='ocrx_word' id='word_1_408' title='bbox 553 3294 811 3348; x_wconf 89' lang='lat' dir='ltr'><strong>insistere</strong></span> <span class='ocrx_word' id='word_1_409' title='bbox 842 3293 1193 3363; x_wconf 83' lang='lat' dir='ltr'><strong>proﬁtentur.</strong></span> <span class='ocrx_word' id='word_1_410' title='bbox 1226 3292 1319 3347; x_wconf 88' lang='lat' dir='ltr'><strong>Est</strong></span> <span class='ocrx_word' id='word_1_411' title='bbox 1354 3292 1520 3362; x_wconf 86' lang='lat' dir='ltr'><strong>igitur</strong></span> <span class='ocrx_word' id='word_1_412' title='bbox 1551 3295 1807 3350; x_wconf 76' lang='lat' dir='ltr'><strong>manifes-</strong></span> 
     </span>
    </p>
   </div>
   <div class='ocr_carea' id='block_1_55' title="bbox 208 3364 1805 3440">
    <p class='ocr_par' dir='ltr' id='par_1_55' title="bbox 208 3364 1805 3440">
     <span class='ocr_line' id='line_1_55' title="bbox 208 3364 1805 3440; baseline 0.003 -23"><span class='ocrx_word' id='word_1_413' title='bbox 208 3373 334 3440; x_wconf 78' lang='lat' dir='ltr'><strong>tum,</strong></span> <span class='ocrx_word' id='word_1_414' title='bbox 362 3379 558 3440; x_wconf 59' lang='lat' dir='ltr'><strong>neque</strong></span> <span class='ocrx_word' id='word_1_415' title='bbox 573 3365 625 3440; x_wconf 62' lang='grc' dir='ltr'><strong>ἐν</strong></span> <span class='ocrx_word' id='word_1_416' title='bbox 645 3367 885 3440; x_wconf 78' lang='grc' dir='ltr'><strong>παρέργῳ</strong></span> <span class='ocrx_word' id='word_1_417' title='bbox 906 3366 1269 3440; x_wconf 66' lang='lat' dir='ltr'><strong>disitutantem</strong></span> <span class='ocrx_word' id='word_1_418' title='bbox 1284 3364 1354 3418; x_wconf 91' lang='lat' dir='ltr'><strong>de</strong></span> <span class='ocrx_word' id='word_1_419' title='bbox 1378 3365 1805 3440; x_wconf 76' lang='lat' dir='ltr'><strong>patriarcharum</strong></span> 
     </span>
    </p>
   </div>
   <div class='ocr_carea' id='block_1_56' title="bbox 206 3434 1804 3505">
    <p class='ocr_par' dir='ltr' id='par_1_56' title="bbox 206 3434 1804 3505">
     <span class='ocr_line' id='line_1_56' title="bbox 206 3434 1804 3505; baseline 0.004 -20"><span class='ocrx_word' id='word_1_420' title='bbox 206 3438 357 3487; x_wconf 82' lang='lat' dir='ltr'><strong>anuis</strong></span> <span class='ocrx_word' id='word_1_421' title='bbox 390 3434 729 3500; x_wconf 72' lang='lat' dir='ltr'><strong>Eusebium,</strong></span> <span class='ocrx_word' id='word_1_422' title='bbox 753 3434 1110 3505; x_wconf 74' lang='lat' dir='ltr'><strong>Septuaginta</strong></span> <span class='ocrx_word' id='word_1_423' title='bbox 1143 3436 1505 3505; x_wconf 85' lang='lat' dir='ltr'><strong>interpretum</strong></span> <span class='ocrx_word' id='word_1_424' title='bbox 1534 3437 1682 3491; x_wconf 90' lang='lat' dir='ltr'><strong>abuti</strong></span> <span class='ocrx_word' id='word_1_425' title='bbox 1712 3452 1804 3491; x_wconf 88' lang='lat' dir='ltr'><strong>ra-</strong></span> 
     </span>
    </p>
   </div>
   <div class='ocr_carea' id='block_1_57' title="bbox 211 3504 1804 3578">
    <p class='ocr_par' dir='ltr' id='par_1_57' title="bbox 211 3504 1804 3578">
     <span class='ocr_line' id='line_1_57' title="bbox 211 3504 1804 3578; baseline 0.003 -20"><span class='ocrx_word' id='word_1_426' title='bbox 211 3506 474 3578; x_wconf 81' lang='lat' dir='ltr'><strong>tionibus,</strong></span> <span class='ocrx_word' id='word_1_427' title='bbox 523 3505 683 3578; x_wconf 82' lang='lat' dir='ltr'><strong>cujus</strong></span> <span class='ocrx_word' id='word_1_428' title='bbox 712 3514 796 3560; x_wconf 91' lang='lat' dir='ltr'><strong>est</strong></span> <span class='ocrx_word' id='word_1_429' title='bbox 821 3504 977 3560; x_wconf 82' lang='lat' dir='ltr'><strong>tanta</strong></span> <span class='ocrx_word' id='word_1_430' title='bbox 1002 3508 1071 3561; x_wconf 86' lang='lat' dir='ltr'><strong>ab</strong></span> <span class='ocrx_word' id='word_1_431' title='bbox 1112 3506 1217 3560; x_wconf 90' lang='lat' dir='ltr'><strong>illis</strong></span> <span class='ocrx_word' id='word_1_432' title='bbox 1243 3504 1552 3571; x_wconf 86' lang='lat' dir='ltr'><strong>dissensio,</strong></span> <span class='ocrx_word' id='word_1_433' title='bbox 1603 3520 1804 3578; x_wconf 87' lang='lat' dir='ltr'><strong>quanta</strong></span> 
     </span>
    </p>
   </div>
   <div class='ocr_carea' id='block_1_58' title="bbox 209 3576 1808 3641">
    <p class='ocr_par' dir='ltr' id='par_1_58' title="bbox 209 3576 1808 3641">
     <span class='ocr_line' id='line_1_58' title="bbox 209 3576 1808 3641; baseline 0.003 -11"><span class='ocrx_word' id='word_1_434' title='bbox 209 3592 308 3630; x_wconf 86' lang='lat' dir='ltr'><strong>non</strong></span> <span class='ocrx_word' id='word_1_435' title='bbox 333 3576 477 3631; x_wconf 88' lang='lat' dir='ltr'><strong>solis</strong></span> <span class='ocrx_word' id='word_1_436' title='bbox 499 3576 685 3641; x_wconf 73' lang='lat' dir='ltr'><strong>annis,</strong></span> <span class='ocrx_word' id='word_1_437' title='bbox 712 3578 805 3632; x_wconf 91' lang='lat' dir='ltr'><strong>sed</strong></span> <span class='ocrx_word' id='word_1_438' title='bbox 836 3578 1011 3633; x_wconf 91' lang='lat' dir='ltr'><strong>tribus</strong></span> <span class='ocrx_word' id='word_1_439' title='bbox 1040 3592 1310 3633; x_wconf 89' lang='lat' dir='ltr'><strong>annorum</strong></span> <span class='ocrx_word' id='word_1_440' title='bbox 1341 3579 1607 3634; x_wconf 87' lang='lat' dir='ltr'><strong>centuriis</strong></span> <span class='ocrx_word' id='word_1_441' title='bbox 1621 3576 1808 3635; x_wconf 56' lang='lat' dir='ltr'><strong>&#39;conti-</strong></span> 
     </span>
    </p>
   </div>
   <div class='ocr_carea' id='block_1_59' title="bbox 211 3660 380 3703">
    <p class='ocr_par' dir='ltr' id='par_1_59' title="bbox 211 3660 380 3703">
     <span class='ocr_line' id='line_1_59' title="bbox 211 3660 380 3703; baseline -0.006 0"><span class='ocrx_word' id='word_1_442' title='bbox 211 3660 331 3703; x_wconf 71' lang='grc' dir='ltr'><strong>ηειυ</strong></span> <span class='ocrx_word' id='word_1_443' title='bbox 340 3665 380 3702; x_wconf 68' lang='grc' dir='ltr'><strong>ἲ.</strong></span> 
     </span>
    </p>
   </div>
   <div class='ocr_carea' id='block_1_60' title="bbox 275 3718 1807 3790">
    <p class='ocr_par' dir='ltr' id='par_1_60' title="bbox 275 3718 1807 3790">
     <span class='ocr_line' id='line_1_60' title="bbox 275 3718 1807 3790; baseline 0.001 -16"><span class='ocrx_word' id='word_1_444' title='bbox 275 3721 392 3774; x_wconf 75' lang='lat' dir='ltr'><strong>Jam</strong></span> <span class='ocrx_word' id='word_1_445' title='bbox 423 3734 562 3773; x_wconf 85' lang='lat' dir='ltr'><strong>vero</strong></span> <span class='ocrx_word' id='word_1_446' title='bbox 586 3719 697 3774; x_wconf 90' lang='lat' dir='ltr'><strong>duo</strong></span> <span class='ocrx_word' id='word_1_447' title='bbox 727 3728 884 3786; x_wconf 88' lang='lat' dir='ltr'><strong>sunt,</strong></span> <span class='ocrx_word' id='word_1_448' title='bbox 917 3721 969 3774; x_wconf 88' lang='lat' dir='ltr'><strong>itt</strong></span> <span class='ocrx_word' id='word_1_449' title='bbox 1003 3734 1233 3790; x_wconf 90' lang='lat' dir='ltr'><strong>quorum</strong></span> <span class='ocrx_word' id='word_1_450' title='bbox 1266 3718 1383 3774; x_wconf 64' lang='lat' dir='ltr'><strong>haec</strong></span> <span class='ocrx_word' id='word_1_451' title='bbox 1413 3719 1675 3777; x_wconf 86' lang='lat' dir='ltr'><strong>hactenus</strong></span> <span class='ocrx_word' id='word_1_452' title='bbox 1698 3720 1807 3776; x_wconf 85' lang='lat' dir='ltr'><strong>dis-</strong></span> 
     </span>
    </p>
   </div>
   <div class='ocr_carea' id='block_1_61' title="bbox 216 3790 1807 3862">
    <p class='ocr_par' dir='ltr' id='par_1_61' title="bbox 216 3790 1807 3862">
     <span class='ocr_line' id='line_1_61' title="bbox 216 3790 1807 3862; baseline 0.004 -23"><span class='ocrx_word' id='word_1_453' title='bbox 216 3791 517 3856; x_wconf 73' lang='lat' dir='ltr'><strong>putavitth</strong></span> <span class='ocrx_word' id='word_1_454' title='bbox 538 3790 792 3859; x_wconf 82' lang='lat' dir='ltr'><strong>gratiam.</strong></span> <span class='ocrx_word' id='word_1_455' title='bbox 823 3792 902 3846; x_wconf 86' lang='lat' dir='ltr'><strong>Ac</strong></span> <span class='ocrx_word' id='word_1_456' title='bbox 928 3792 1162 3862; x_wconf 90' lang='lat' dir='ltr'><strong>primum</strong></span> <span class='ocrx_word' id='word_1_457' title='bbox 1190 3792 1484 3862; x_wconf 18' lang='lat' dir='ltr'><strong>coniiciiex</strong></span> <span class='ocrx_word' id='word_1_458' title='bbox 1517 3791 1599 3846; x_wconf 90' lang='lat' dir='ltr'><strong>his</strong></span> <span class='ocrx_word' id='word_1_459' title='bbox 1630 3795 1807 3847; x_wconf 86' lang='lat' dir='ltr'><strong>mani-</strong></span> 
     </span>
    </p>
   </div>
   <div class='ocr_carea' id='block_1_62' title="bbox 218 3861 1805 3932">
    <p class='ocr_par' dir='ltr' id='par_1_62' title="bbox 218 3861 1805 3932">
     <span class='ocr_line' id='line_1_62' title="bbox 218 3861 1805 3932; baseline 0.004 -19"><span class='ocrx_word' id='word_1_460' title='bbox 218 3864 343 3915; x_wconf 78' lang='lat' dir='ltr'><strong>leste</strong></span> <span class='ocrx_word' id='word_1_461' title='bbox 394 3862 830 3927; x_wconf 87' lang='lat' dir='ltr'><strong>contendimus,</strong></span> <span class='ocrx_word' id='word_1_462' title='bbox 882 3863 1078 3932; x_wconf 89' lang='lat' dir='ltr'><strong>injuria</strong></span> <span class='ocrx_word' id='word_1_463' title='bbox 1134 3862 1330 3917; x_wconf 91' lang='lat' dir='ltr'><strong>notarii</strong></span> <span class='ocrx_word' id='word_1_464' title='bbox 1385 3861 1679 3918; x_wconf 85' lang='lat' dir='ltr'><strong>Eusebium</strong></span> <span class='ocrx_word' id='word_1_465' title='bbox 1737 3865 1805 3920; x_wconf 90' lang='lat' dir='ltr'><strong>ab</strong></span> 
     </span>
    </p>
   </div>
   <div class='ocr_carea' id='block_1_63' title="bbox 219 3933 1805 4006">
    <p class='ocr_par' dir='ltr' id='par_1_63' title="bbox 219 3933 1805 4006">
     <span class='ocr_line' id='line_1_63' title="bbox 219 3933 1805 4006; baseline 0.004 -21"><span class='ocrx_word' id='word_1_466' title='bbox 219 3934 814 4006; x_wconf 59' lang='lat' dir='ltr'><strong>Sc:tliger0_&amp;vttla&#39;yia;</strong></span> <span class='ocrx_word' id='word_1_467' title='bbox 850 3934 1005 3997; x_wconf 91' lang='lat' dir='ltr'><strong>vitio,</strong></span> <span class='ocrx_word' id='word_1_468' title='bbox 1038 3933 1135 4004; x_wconf 89' lang='lat' dir='ltr'><strong>qui</strong></span> <span class='ocrx_word' id='word_1_469' title='bbox 1167 3949 1300 4006; x_wconf 87' lang='lat' dir='ltr'><strong>eum</strong></span> <span class='ocrx_word' id='word_1_470' title='bbox 1344 3934 1805 4006; x_wconf 71' lang='lat' dir='ltr'><strong>uteoutldcntius</strong></span> 
     </span>
    </p>
   </div>
   <div class='ocr_carea' id='block_1_64' title="bbox 217 4004 1802 4074">
    <p class='ocr_par' dir='ltr' id='par_1_64' title="bbox 217 4004 1802 4074">
     <span class='ocr_line' id='line_1_64' title="bbox 217 4004 1802 4074; baseline 0.003 -19"><span class='ocrx_word' id='word_1_471' title='bbox 217 4007 459 4073; x_wconf 77' lang='lat' dir='ltr'><strong>casnget,</strong></span> <span class='ocrx_word' id='word_1_472' title='bbox 489 4004 747 4074; x_wconf 81' lang='lat' dir='ltr'><strong>Syttreltn</strong></span> <span class='ocrx_word' id='word_1_473' title='bbox 773 4005 864 4058; x_wconf 91' lang='lat' dir='ltr'><strong>dat</strong></span> <span class='ocrx_word' id='word_1_474' title='bbox 899 4020 1130 4063; x_wconf 87' lang='lat' dir='ltr'><strong>manus:</strong></span> <span class='ocrx_word' id='word_1_475' title='bbox 1160 4005 1376 4069; x_wconf 85' lang='lat' dir='ltr'><strong>Merito,</strong></span> <span class='ocrx_word' id='word_1_476' title='bbox 1414 4004 1690 4074; x_wconf 86' lang='lat' dir='ltr'><strong>inquiens,</strong></span> <span class='ocrx_word' id='word_1_477' title='bbox 1720 4021 1802 4059; x_wconf 87' lang='lat' dir='ltr'><strong>re-</strong></span> 
     </span>
    </p>
   </div>
   <div class='ocr_carea' id='block_1_65' title="bbox 220 4074 1803 4144">
    <p class='ocr_par' dir='ltr' id='par_1_65' title="bbox 220 4074 1803 4144">
     <span class='ocr_line' id='line_1_65' title="bbox 220 4074 1803 4144; baseline 0.005 -22"><span class='ocrx_word' id='word_1_478' title='bbox 220 4074 617 4140; x_wconf 71' lang='lat' dir='ltr'><strong>prehenditura</strong></span> <span class='ocrx_word' id='word_1_479' title='bbox 644 4074 879 4144; x_wconf 78' lang='lat' dir='ltr'><strong>Georgio</strong></span> <span class='ocrx_word' id='word_1_480' title='bbox 908 4076 1195 4141; x_wconf 85' lang='lat' dir='ltr'><strong>Eusebius,</strong></span> <span class='ocrx_word' id='word_1_481' title='bbox 1220 4076 1364 4141; x_wconf 89' lang='lat' dir='ltr'><strong>quod</strong></span> <span class='ocrx_word' id='word_1_482' title='bbox 1390 4092 1512 4128; x_wconf 84' lang='lat' dir='ltr'><strong>cum</strong></span> <span class='ocrx_word' id='word_1_483' title='bbox 1538 4075 1803 4130; x_wconf 86' lang='lat' dir='ltr'><strong>minorem</strong></span> 
     </span>
    </p>
   </div>
   <div class='ocr_carea' id='block_1_66' title="bbox 220 4145 1806 4216">
    <p class='ocr_par' dir='ltr' id='par_1_66' title="bbox 220 4145 1806 4216">
     <span class='ocr_line' id='line_1_66' title="bbox 220 4145 1806 4216; baseline 0.004 -23"><span class='ocrx_word' id='word_1_484' title='bbox 220 4161 497 4201; x_wconf 74' lang='lat' dir='ltr'><strong>numerum</strong></span> <span class='ocrx_word' id='word_1_485' title='bbox 541 4147 699 4213; x_wconf 82' lang='lat' dir='ltr'><strong>sequi</strong></span> <span class='ocrx_word' id='word_1_486' title='bbox 738 4162 801 4201; x_wconf 86' lang='lat' dir='ltr'><strong>se</strong></span> <span class='ocrx_word' id='word_1_487' title='bbox 835 4151 1181 4213; x_wconf 79' lang='lat' dir='ltr'><strong>proﬁteatur,</strong></span> <span class='ocrx_word' id='word_1_488' title='bbox 1218 4157 1402 4201; x_wconf 88' lang='lat' dir='ltr'><strong>tamen</strong></span> <span class='ocrx_word' id='word_1_489' title='bbox 1450 4145 1806 4216; x_wconf 83' lang='lat' dir='ltr'><strong>Septuaginta</strong></span> 
     </span>
    </p>
   </div>
   <div class='ocr_carea' id='block_1_67' title="bbox 219 4217 1807 4286">
    <p class='ocr_par' dir='ltr' id='par_1_67' title="bbox 219 4217 1807 4286">
     <span class='ocr_line' id='line_1_67' title="bbox 219 4217 1807 4286; baseline 0.003 -18"><span class='ocrx_word' id='word_1_490' title='bbox 219 4218 452 4272; x_wconf 77' lang='lat' dir='ltr'><strong>seniores</strong></span> <span class='ocrx_word' id='word_1_491' title='bbox 484 4219 536 4271; x_wconf 92' lang='lat' dir='ltr'><strong>in</strong></span> <span class='ocrx_word' id='word_1_492' title='bbox 570 4217 653 4271; x_wconf 90' lang='lat' dir='ltr'><strong>his</strong></span> <span class='ocrx_word' id='word_1_493' title='bbox 684 4217 956 4285; x_wconf 84' lang='lat' dir='ltr'><strong>sequitur.</strong></span> <span class='ocrx_word' id='word_1_494' title='bbox 990 4218 1211 4272; x_wconf 85' lang='lat' dir='ltr'><strong>Falsum</strong></span> <span class='ocrx_word' id='word_1_495' title='bbox 1244 4218 1347 4272; x_wconf 90' lang='lat' dir='ltr'><strong>hoc</strong></span> <span class='ocrx_word' id='word_1_496' title='bbox 1379 4218 1539 4286; x_wconf 89' lang='lat' dir='ltr'><strong>plane</strong></span> <span class='ocrx_word' id='word_1_497' title='bbox 1560 4233 1682 4273; x_wconf 90' lang='lat' dir='ltr'><strong>esse</strong></span> <span class='ocrx_word' id='word_1_498' title='bbox 1709 4219 1807 4273; x_wconf 84' lang='lat' dir='ltr'><strong>de-</strong></span> 
     </span>
    </p>
   </div>
   <div class='ocr_carea' id='block_1_68' title="bbox 220 4288 1802 4358">
    <p class='ocr_par' dir='ltr' id='par_1_68' title="bbox 220 4288 1802 4358">
     <span class='ocr_line' id='line_1_68' title="bbox 220 4288 1802 4358; baseline 0.003 -19"><span class='ocrx_word' id='word_1_499' title='bbox 220 4297 537 4351; x_wconf 72' lang='lat' dir='ltr'><strong>monstrant,</strong></span> <span class='ocrx_word' id='word_1_500' title='bbox 570 4303 693 4357; x_wconf 74' lang='lat' dir='ltr'><strong>qua:</strong></span> <span class='ocrx_word' id='word_1_501' title='bbox 726 4288 989 4343; x_wconf 87' lang='lat' dir='ltr'><strong>hactenus</strong></span> <span class='ocrx_word' id='word_1_502' title='bbox 1020 4288 1290 4358; x_wconf 73' lang='lat' dir='ltr'><strong>disputata</strong></span> <span class='ocrx_word' id='word_1_503' title='bbox 1327 4299 1483 4352; x_wconf 88' lang='lat' dir='ltr'><strong>sunt;</strong></span> <span class='ocrx_word' id='word_1_504' title='bbox 1517 4304 1579 4342; x_wconf 91' lang='lat' dir='ltr'><strong>ac</strong></span> <span class='ocrx_word' id='word_1_505' title='bbox 1610 4288 1802 4344; x_wconf 81' lang='lat' dir='ltr'><strong>falsum</strong></span> 
     </span>
    </p>
   </div>
   <div class='ocr_carea' id='block_1_69' title="bbox 219 4359 1806 4430">
    <p class='ocr_par' dir='ltr' id='par_1_69' title="bbox 219 4359 1806 4430">
     <span class='ocr_line' id='line_1_69' title="bbox 219 4359 1806 4430; baseline 0.003 -20"><span class='ocrx_word' id='word_1_506' title='bbox 219 4374 277 4410; x_wconf 72' lang='lat' dir='ltr'><strong>ix</strong></span> <span class='ocrx_word' id='word_1_507' title='bbox 301 4359 565 4427; x_wconf 82' lang='lat' dir='ltr'><strong>Scaligeri</strong></span> <span class='ocrx_word' id='word_1_508' title='bbox 595 4375 811 4430; x_wconf 91' lang='lat' dir='ltr'><strong>quoque</strong></span> <span class='ocrx_word' id='word_1_509' title='bbox 842 4374 1003 4414; x_wconf 84' lang='lat' dir='ltr'><strong>sensu</strong></span> <span class='ocrx_word' id='word_1_510' title='bbox 1024 4401 1038 4423; x_wconf 95' lang='lat'><strong>,</strong></span> <span class='ocrx_word' id='word_1_511' title='bbox 1086 4360 1379 4413; x_wconf 76' lang='lat' dir='ltr'><strong>Eusebium</strong></span> <span class='ocrx_word' id='word_1_512' title='bbox 1414 4360 1466 4413; x_wconf 91' lang='lat' dir='ltr'><strong>in</strong></span> <span class='ocrx_word' id='word_1_513' title='bbox 1499 4374 1563 4414; x_wconf 89' lang='lat' dir='ltr'><strong>ea</strong></span> <span class='ocrx_word' id='word_1_514' title='bbox 1594 4370 1806 4429; x_wconf 90' lang='lat' dir='ltr'><strong>tempo-</strong></span> 
     </span>
    </p>
   </div>
   <div class='ocr_carea' id='block_1_70' title="bbox 220 4430 1806 4503">
    <p class='ocr_par' dir='ltr' id='par_1_70' title="bbox 220 4430 1806 4503">
     <span class='ocr_line' id='line_1_70' title="bbox 220 4430 1806 4503; baseline 0.003 -22"><span class='ocrx_word' id='word_1_515' title='bbox 220 4444 333 4482; x_wconf 84' lang='lat' dir='ltr'><strong>rum</strong></span> <span class='ocrx_word' id='word_1_516' title='bbox 375 4432 673 4503; x_wconf 67' lang='lat' dir='ltr'><strong>partitione</strong></span> <span class='ocrx_word' id='word_1_517' title='bbox 693 4472 706 4493; x_wconf 90' lang='lat'><strong>,</strong></span> <span class='ocrx_word' id='word_1_518' title='bbox 729 4446 831 4503; x_wconf 83' lang='lat' dir='ltr'><strong>qua</strong></span> <span class='ocrx_word' id='word_1_519' title='bbox 860 4433 1126 4503; x_wconf 87' lang='lat' dir='ltr'><strong>minorem</strong></span> <span class='ocrx_word' id='word_1_520' title='bbox 1156 4430 1260 4503; x_wconf 87' lang='lat' dir='ltr'><strong>sibi</strong></span> <span class='ocrx_word' id='word_1_521' title='bbox 1290 4445 1572 4503; x_wconf 84' lang='lat' dir='ltr'><strong>numerum</strong></span> <span class='ocrx_word' id='word_1_522' title='bbox 1607 4447 1806 4503; x_wconf 82' lang='lat' dir='ltr'><strong>propo-</strong></span> 
     </span>
    </p>
   </div>
   <div class='ocr_carea' id='block_1_71' title="bbox 216 4500 1801 4572">
    <p class='ocr_par' dir='ltr' id='par_1_71' title="bbox 216 4500 1801 4572">
     <span class='ocr_line' id='line_1_71' title="bbox 216 4500 1801 4572; baseline 0.004 -21"><span class='ocrx_word' id='word_1_523' title='bbox 216 4511 410 4564; x_wconf 67' lang='lat' dir='ltr'><strong>suerat,</strong></span> <span class='ocrx_word' id='word_1_524' title='bbox 433 4516 468 4554; x_wconf 81' lang='lat' dir='ltr'><strong>a</strong></span> <span class='ocrx_word' id='word_1_525' title='bbox 491 4502 697 4555; x_wconf 84' lang='lat' dir='ltr'><strong>diluvio</strong></span> <span class='ocrx_word' id='word_1_526' title='bbox 721 4501 932 4556; x_wconf 83' lang='lat' dir='ltr'><strong>scilicet</strong></span> <span class='ocrx_word' id='word_1_527' title='bbox 948 4502 1012 4555; x_wconf 87' lang='lat' dir='ltr'><strong>ad</strong></span> <span class='ocrx_word' id='word_1_528' title='bbox 1032 4501 1426 4565; x_wconf 79' lang='lat' dir='ltr'><strong>Ahrahatnntn,</strong></span> <span class='ocrx_word' id='word_1_529' title='bbox 1448 4500 1801 4572; x_wconf 73' lang='lat' dir='ltr'><strong>Septuaginta</strong></span> 
     </span>
    </p>
   </div>
   <div class='ocr_carea' id='block_1_72' title="bbox 218 4572 1800 4642">
    <p class='ocr_par' dir='ltr' id='par_1_72' title="bbox 218 4572 1800 4642">
     <span class='ocr_line' id='line_1_72' title="bbox 218 4572 1800 4642; baseline 0.004 -21"><span class='ocrx_word' id='word_1_530' title='bbox 218 4572 545 4639; x_wconf 76' lang='lat' dir='ltr'><strong>interpretes</strong></span> <span class='ocrx_word' id='word_1_531' title='bbox 577 4587 699 4626; x_wconf 91' lang='lat' dir='ltr'><strong>esse</strong></span> <span class='ocrx_word' id='word_1_532' title='bbox 727 4583 994 4627; x_wconf 85' lang='lat' dir='ltr'><strong>secutum.</strong></span> <span class='ocrx_word' id='word_1_533' title='bbox 1027 4573 1180 4641; x_wconf 82' lang='lat' dir='ltr'><strong>Quod</strong></span> <span class='ocrx_word' id='word_1_534' title='bbox 1211 4573 1253 4625; x_wconf 93' lang='lat' dir='ltr'><strong>si</strong></span> <span class='ocrx_word' id='word_1_535' title='bbox 1283 4572 1352 4626; x_wconf 89' lang='lat' dir='ltr'><strong>de</strong></span> <span class='ocrx_word' id='word_1_536' title='bbox 1384 4574 1654 4627; x_wconf 73' lang='lat' dir='ltr'><strong>Chronico</strong></span> <span class='ocrx_word' id='word_1_537' title='bbox 1684 4579 1800 4642; x_wconf 87' lang='lat' dir='ltr'><strong>ipso</strong></span> 
     </span>
    </p>
   </div>
   <div class='ocr_carea' id='block_1_73' title="bbox 214 4642 1801 4714">
    <p class='ocr_par' dir='ltr' id='par_1_73' title="bbox 214 4642 1801 4714">
     <span class='ocr_line' id='line_1_73' title="bbox 214 4642 1801 4714; baseline 0.002 -18"><span class='ocrx_word' id='word_1_538' title='bbox 214 4642 426 4697; x_wconf 60' lang='lat' dir='ltr'><strong>Cottone</strong></span> <span class='ocrx_word' id='word_1_539' title='bbox 460 4643 648 4714; x_wconf 87' lang='lat' dir='ltr'><strong>dicunt</strong></span> <span class='ocrx_word' id='word_1_540' title='bbox 680 4644 811 4711; x_wconf 90' lang='lat' dir='ltr'><strong>ipsi,</strong></span> <span class='ocrx_word' id='word_1_541' title='bbox 846 4643 937 4710; x_wconf 87' lang='lat' dir='ltr'><strong>qui</strong></span> <span class='ocrx_word' id='word_1_542' title='bbox 974 4645 1266 4698; x_wconf 77' lang='lat' dir='ltr'><strong>Eusebium</strong></span> <span class='ocrx_word' id='word_1_543' title='bbox 1306 4642 1560 4712; x_wconf 87' lang='lat' dir='ltr'><strong>culpant,</strong></span> <span class='ocrx_word' id='word_1_544' title='bbox 1601 4659 1801 4714; x_wconf 83' lang='lat' dir='ltr'><strong>propo-</strong></span> 
     </span>
    </p>
   </div>
   <div class='ocr_carea' id='block_1_74' title="bbox 214 4713 1798 4770">
    <p class='ocr_par' dir='ltr' id='par_1_74' title="bbox 214 4713 1798 4770">
     <span class='ocr_line' id='line_1_74' title="bbox 214 4713 1798 4770; baseline 0.004 -7"><span class='ocrx_word' id='word_1_545' title='bbox 214 4715 370 4766; x_wconf 71' lang='lat' dir='ltr'><strong>situm</strong></span> <span class='ocrx_word' id='word_1_546' title='bbox 419 4713 644 4769; x_wconf 88' lang='lat' dir='ltr'><strong>Eusebii</strong></span> <span class='ocrx_word' id='word_1_547' title='bbox 694 4729 757 4769; x_wconf 90' lang='lat' dir='ltr'><strong>ac</strong></span> <span class='ocrx_word' id='word_1_548' title='bbox 807 4724 1041 4768; x_wconf 87' lang='lat' dir='ltr'><strong>mentem</strong></span> <span class='ocrx_word' id='word_1_549' title='bbox 1091 4729 1197 4768; x_wconf 91' lang='lat' dir='ltr'><strong>non</strong></span> <span class='ocrx_word' id='word_1_550' title='bbox 1250 4714 1506 4769; x_wconf 72' lang='lat' dir='ltr'><strong>videntur</strong></span> <span class='ocrx_word' id='word_1_551' title='bbox 1542 4713 1798 4770; x_wconf 76' lang='lat' dir='ltr'><strong>assecuti.</strong></span> 
     </span>
    </p>
   </div>
   <div class='ocr_carea' id='block_1_75' title="bbox 212 4784 1799 4855">
    <p class='ocr_par' dir='ltr' id='par_1_75' title="bbox 212 4784 1799 4855">
     <span class='ocr_line' id='line_1_75' title="bbox 212 4784 1799 4855; baseline 0.003 -18"><span class='ocrx_word' id='word_1_552' title='bbox 212 4784 391 4853; x_wconf 70' lang='lat' dir='ltr'><strong>Neque</strong></span> <span class='ocrx_word' id='word_1_553' title='bbox 417 4785 569 4839; x_wconf 88' lang='lat' dir='ltr'><strong>enim</strong></span> <span class='ocrx_word' id='word_1_554' title='bbox 602 4787 697 4839; x_wconf 90' lang='lat' dir='ltr'><strong>illc</strong></span> <span class='ocrx_word' id='word_1_555' title='bbox 743 4787 983 4839; x_wconf 81' lang='lat' dir='ltr'><strong>incertus</strong></span> <span class='ocrx_word' id='word_1_556' title='bbox 1023 4790 1163 4839; x_wconf 91' lang='lat' dir='ltr'><strong>inter</strong></span> <span class='ocrx_word' id='word_1_557' title='bbox 1192 4796 1478 4855; x_wconf 90' lang='lat' dir='ltr'><strong>utrumque</strong></span> <span class='ocrx_word' id='word_1_558' title='bbox 1516 4802 1799 4841; x_wconf 87' lang='lat' dir='ltr'><strong>numerum</strong></span> 
     </span>
    </p>
   </div>
   <div class='ocr_carea' id='block_1_76' title="bbox 212 4855 1803 4926">
    <p class='ocr_par' dir='ltr' id='par_1_76' title="bbox 212 4855 1803 4926">
     <span class='ocr_line' id='line_1_76' title="bbox 212 4855 1803 4926; baseline 0.004 -21"><span class='ocrx_word' id='word_1_559' title='bbox 212 4858 388 4925; x_wconf 57' lang='lat' dir='ltr'><strong>vagari</strong></span> <span class='ocrx_word' id='word_1_560' title='bbox 423 4856 639 4923; x_wconf 88' lang='lat' dir='ltr'><strong>potuit,</strong></span> <span class='ocrx_word' id='word_1_561' title='bbox 689 4858 779 4926; x_wconf 88' lang='lat' dir='ltr'><strong>qui</strong></span> <span class='ocrx_word' id='word_1_562' title='bbox 817 4867 1062 4924; x_wconf 82' lang='lat' dir='ltr'><strong>tempora</strong></span> <span class='ocrx_word' id='word_1_563' title='bbox 1093 4855 1162 4909; x_wconf 87' lang='lat' dir='ltr'><strong>ab</strong></span> <span class='ocrx_word' id='word_1_564' title='bbox 1199 4855 1412 4910; x_wconf 86' lang='lat' dir='ltr'><strong>Adamo</strong></span> <span class='ocrx_word' id='word_1_565' title='bbox 1452 4858 1518 4910; x_wconf 93' lang='lat' dir='ltr'><strong>ad</strong></span> <span class='ocrx_word' id='word_1_566' title='bbox 1556 4858 1803 4911; x_wconf 87' lang='lat' dir='ltr'><strong>Abraha-</strong></span> 
     </span>
    </p>
   </div>
   <div class='ocr_carea' id='block_1_77' title="bbox 211 4926 1800 4996">
    <p class='ocr_par' dir='ltr' id='par_1_77' title="bbox 211 4926 1800 4996">
     <span class='ocr_line' id='line_1_77' title="bbox 211 4926 1800 4996; baseline 0.003 -18"><span class='ocrx_word' id='word_1_567' title='bbox 211 4940 355 4981; x_wconf 81' lang='lat' dir='ltr'><strong>tnum</strong></span> <span class='ocrx_word' id='word_1_568' title='bbox 380 4928 779 4996; x_wconf 62' lang='lat' dir='ltr'><strong>ttondigeSsit,</strong></span> <span class='ocrx_word' id='word_1_569' title='bbox 828 4928 922 4981; x_wconf 89' lang='lat' dir='ltr'><strong>sed</strong></span> <span class='ocrx_word' id='word_1_570' title='bbox 966 4926 1278 4981; x_wconf 89' lang='lat' dir='ltr'><strong>Abrahamo</strong></span> <span class='ocrx_word' id='word_1_571' title='bbox 1304 4927 1372 4981; x_wconf 84' lang='lat' dir='ltr'><strong>atl</strong></span> <span class='ocrx_word' id='word_1_572' title='bbox 1413 4927 1533 4981; x_wconf 81' lang='lat' dir='ltr'><strong>Nini</strong></span> <span class='ocrx_word' id='word_1_573' title='bbox 1586 4935 1800 4983; x_wconf 69' lang='lat' dir='ltr'><strong>mtatem</strong></span> 
     </span>
    </p>
   </div>
   <div class='ocr_carea' id='block_1_78' title="bbox 211 4997 1803 5067">
    <p class='ocr_par' dir='ltr' id='par_1_78' title="bbox 211 4997 1803 5067">
     <span class='ocr_line' id='line_1_78' title="bbox 211 4997 1803 5067; baseline 0.003 -17"><span class='ocrx_word' id='word_1_574' title='bbox 211 5006 529 5067; x_wconf 73' lang='lat' dir='ltr'><strong>eontpatato</strong></span> <span class='ocrx_word' id='word_1_575' title='bbox 553 5014 619 5052; x_wconf 82' lang='lat' dir='ltr'><strong>ex</strong></span> <span class='ocrx_word' id='word_1_576' title='bbox 645 4999 860 5053; x_wconf 67' lang='lat' dir='ltr'><strong>llebraei</strong></span> <span class='ocrx_word' id='word_1_577' title='bbox 902 5007 1112 5061; x_wconf 79' lang='lat' dir='ltr'><strong>textus,</strong></span> <span class='ocrx_word' id='word_1_578' title='bbox 1160 4997 1276 5051; x_wconf 86' lang='lat' dir='ltr'><strong>sive</strong></span> <span class='ocrx_word' id='word_1_579' title='bbox 1318 4999 1545 5053; x_wconf 85' lang='lat' dir='ltr'><strong>minoris</strong></span> <span class='ocrx_word' id='word_1_580' title='bbox 1590 4999 1803 5054; x_wconf 90' lang='lat' dir='ltr'><strong>numeri</strong></span> 
     </span>
    </p>
   </div>
   <div class='ocr_carea' id='block_1_79' title="bbox 211 5069 1803 5140">
    <p class='ocr_par' dir='ltr' id='par_1_79' title="bbox 211 5069 1803 5140">
     <span class='ocr_line' id='line_1_79' title="bbox 211 5069 1803 5140; baseline 0.003 -20"><span class='ocrx_word' id='word_1_581' title='bbox 211 5071 631 5137; x_wconf 79' lang='lat' dir='ltr'><strong>supputatione,</strong></span> <span class='ocrx_word' id='word_1_582' title='bbox 686 5070 939 5139; x_wconf 82' lang='lat' dir='ltr'><strong>superius</strong></span> <span class='ocrx_word' id='word_1_583' title='bbox 982 5069 1112 5140; x_wconf 87' lang='lat' dir='ltr'><strong>illud</strong></span> <span class='ocrx_word' id='word_1_584' title='bbox 1148 5070 1523 5140; x_wconf 87' lang='lat' dir='ltr'><strong>intervallum,</strong></span> <span class='ocrx_word' id='word_1_585' title='bbox 1562 5072 1613 5124; x_wconf 91' lang='lat' dir='ltr'><strong>in</strong></span> <span class='ocrx_word' id='word_1_586' title='bbox 1661 5071 1803 5140; x_wconf 87' lang='lat' dir='ltr'><strong>quod</strong></span> 
     </span>
    </p>
   </div>
   <div class='ocr_carea' id='block_1_80' title="bbox 214 5139 1803 5211">
    <p class='ocr_par' dir='ltr' id='par_1_80' title="bbox 214 5139 1803 5211">
     <span class='ocr_line' id='line_1_80' title="bbox 214 5139 1803 5211; baseline 0.002 -20"><span class='ocrx_word' id='word_1_587' title='bbox 214 5154 309 5194; x_wconf 85' lang='lat' dir='ltr'><strong>nec</strong></span> <span class='ocrx_word' id='word_1_588' title='bbox 335 5141 527 5195; x_wconf 60' lang='lat' dir='ltr'><strong>Grieca</strong></span> <span class='ocrx_word' id='word_1_589' title='bbox 561 5141 695 5203; x_wconf 89' lang='lat' dir='ltr'><strong>ulla,</strong></span> <span class='ocrx_word' id='word_1_590' title='bbox 747 5156 848 5195; x_wconf 89' lang='lat' dir='ltr'><strong>nec</strong></span> <span class='ocrx_word' id='word_1_591' title='bbox 880 5139 1115 5194; x_wconf 85' lang='lat' dir='ltr'><strong>Barbara</strong></span> <span class='ocrx_word' id='word_1_592' title='bbox 1144 5139 1371 5195; x_wconf 87' lang='lat' dir='ltr'><strong>historia</strong></span> <span class='ocrx_word' id='word_1_593' title='bbox 1416 5140 1652 5196; x_wconf 81' lang='lat' dir='ltr'><strong>conferri</strong></span> <span class='ocrx_word' id='word_1_594' title='bbox 1681 5139 1803 5211; x_wconf 87' lang='lat' dir='ltr'><strong>pn-</strong></span> 
     </span>
    </p>
   </div>
   <div class='ocr_carea' id='block_1_81' title="bbox 214 5211 1807 5280">
    <p class='ocr_par' dir='ltr' id='par_1_81' title="bbox 214 5211 1807 5280">
     <span class='ocr_line' id='line_1_81' title="bbox 214 5211 1807 5280; baseline 0.002 -17"><span class='ocrx_word' id='word_1_595' title='bbox 214 5220 369 5277; x_wconf 66' lang='lat' dir='ltr'><strong>terat,</strong></span> <span class='ocrx_word' id='word_1_596' title='bbox 404 5214 629 5266; x_wconf 86' lang='lat' dir='ltr'><strong>curioso</strong></span> <span class='ocrx_word' id='word_1_597' title='bbox 660 5212 888 5267; x_wconf 73' lang='lat' dir='ltr'><strong>cu‘libeJ.</strong></span> <span class='ocrx_word' id='word_1_598' title='bbox 919 5211 1108 5265; x_wconf 88' lang='lat' dir='ltr'><strong>lectori</strong></span> <span class='ocrx_word' id='word_1_599' title='bbox 1134 5211 1495 5266; x_wconf 84' lang='lat' dir='ltr'><strong>recolendnm</strong></span> <span class='ocrx_word' id='word_1_600' title='bbox 1526 5228 1593 5266; x_wconf 77' lang='lat' dir='ltr'><strong>ex</strong></span> <span class='ocrx_word' id='word_1_601' title='bbox 1623 5212 1807 5280; x_wconf 84' lang='lat' dir='ltr'><strong>Scrip-</strong></span> 
     </span>
    </p>
   </div>
   <div class='ocr_carea' id='block_1_82' title="bbox 216 5282 1806 5352">
    <p class='ocr_par' dir='ltr' id='par_1_82' title="bbox 216 5282 1806 5352">
     <span class='ocr_line' id='line_1_82' title="bbox 216 5282 1806 5352; baseline 0.003 -18"><span class='ocrx_word' id='word_1_602' title='bbox 216 5294 326 5335; x_wconf 46' lang='lat' dir='ltr'><strong>tura</strong></span> <span class='ocrx_word' id='word_1_603' title='bbox 356 5284 611 5352; x_wconf 85' lang='lat' dir='ltr'><strong>reliquit;</strong></span> <span class='ocrx_word' id='word_1_604' title='bbox 636 5292 691 5336; x_wconf 84' lang='lat' dir='ltr'><strong>et</strong></span> <span class='ocrx_word' id='word_1_605' title='bbox 711 5284 755 5337; x_wconf 90' lang='lat' dir='ltr'><strong>si</strong></span> <span class='ocrx_word' id='word_1_606' title='bbox 779 5282 898 5351; x_wconf 85' lang='lat' dir='ltr'><strong>ejus</strong></span> <span class='ocrx_word' id='word_1_607' title='bbox 920 5283 1136 5351; x_wconf 85' lang='lat' dir='ltr'><strong>quidem</strong></span> <span class='ocrx_word' id='word_1_608' title='bbox 1152 5298 1322 5337; x_wconf 83' lang='lat' dir='ltr'><strong>annos</strong></span> <span class='ocrx_word' id='word_1_609' title='bbox 1343 5284 1540 5345; x_wconf 84' lang='lat' dir='ltr'><strong>obiter,</strong></span> <span class='ocrx_word' id='word_1_610' title='bbox 1556 5300 1617 5337; x_wconf 91' lang='lat' dir='ltr'><strong>ac</strong></span> <span class='ocrx_word' id='word_1_611' title='bbox 1639 5285 1806 5338; x_wconf 88' lang='lat' dir='ltr'><strong>verbo</strong></span> 
     </span>
    </p>
   </div>
   <div class='ocr_carea' id='block_1_83' title="bbox 215 5354 1808 5423">
    <p class='ocr_par' dir='ltr' id='par_1_83' title="bbox 215 5354 1808 5423">
     <span class='ocr_line' id='line_1_83' title="bbox 215 5354 1808 5423; baseline 0.004 -18"><span class='ocrx_word' id='word_1_612' title='bbox 215 5362 366 5407; x_wconf 83' lang='lat' dir='ltr'><strong>tenus</strong></span> <span class='ocrx_word' id='word_1_613' title='bbox 392 5355 469 5408; x_wconf 83' lang='lat' dir='ltr'><strong>ab</strong></span> <span class='ocrx_word' id='word_1_614' title='bbox 506 5358 727 5423; x_wconf 80' lang='lat' dir='ltr'><strong>gemina</strong></span> <span class='ocrx_word' id='word_1_615' title='bbox 756 5354 963 5419; x_wconf 81' lang='lat' dir='ltr'><strong>epocha</strong></span> <span class='ocrx_word' id='word_1_616' title='bbox 994 5355 1289 5418; x_wconf 86' lang='lat' dir='ltr'><strong>indicavit,</strong></span> <span class='ocrx_word' id='word_1_617' title='bbox 1338 5368 1402 5407; x_wconf 83' lang='lat' dir='ltr'><strong>ea</strong></span> <span class='ocrx_word' id='word_1_618' title='bbox 1444 5354 1698 5408; x_wconf 88' lang='lat' dir='ltr'><strong>nimirum</strong></span> <span class='ocrx_word' id='word_1_619' title='bbox 1740 5356 1808 5411; x_wconf 90' lang='lat' dir='ltr'><strong>de</strong></span> 
     </span>
    </p>
   </div>
   <div class='ocr_carea' id='block_1_84' title="bbox 215 5424 1807 5493">
    <p class='ocr_par' dir='ltr' id='par_1_84' title="bbox 215 5424 1807 5493">
     <span class='ocr_line' id='line_1_84' title="bbox 215 5424 1807 5493; baseline 0.002 -16"><span class='ocrx_word' id='word_1_620' title='bbox 215 5440 375 5478; x_wconf 81' lang='lat' dir='ltr'><strong>causa</strong></span> <span class='ocrx_word' id='word_1_621' title='bbox 405 5425 564 5491; x_wconf 80' lang='lat' dir='ltr'><strong>fecit,</strong></span> <span class='ocrx_word' id='word_1_622' title='bbox 601 5434 657 5477; x_wconf 91' lang='lat' dir='ltr'><strong>nt</strong></span> <span class='ocrx_word' id='word_1_623' title='bbox 685 5440 743 5479; x_wconf 88' lang='lat' dir='ltr'><strong>se</strong></span> <span class='ocrx_word' id='word_1_624' title='bbox 772 5426 841 5477; x_wconf 88' lang='lat' dir='ltr'><strong>ab</strong></span> <span class='ocrx_word' id='word_1_625' title='bbox 870 5425 1127 5479; x_wconf 90' lang='lat' dir='ltr'><strong>illittsmet</strong></span> <span class='ocrx_word' id='word_1_626' title='bbox 1161 5424 1389 5486; x_wconf 88' lang='lat' dir='ltr'><strong>codicis,</strong></span> <span class='ocrx_word' id='word_1_627' title='bbox 1425 5425 1539 5479; x_wconf 90' lang='lat' dir='ltr'><strong>sive</strong></span> <span class='ocrx_word' id='word_1_628' title='bbox 1566 5424 1807 5493; x_wconf 82' lang='lat' dir='ltr'><strong>Septua-</strong></span> 
     </span>
    </p>
   </div>
   <div class='ocr_carea' id='block_1_85' title="bbox 215 5496 1809 5564">
    <p class='ocr_par' dir='ltr' id='par_1_85' title="bbox 215 5496 1809 5564">
     <span class='ocr_line' id='line_1_85' title="bbox 215 5496 1809 5564; baseline 0.001 -15"><span class='ocrx_word' id='word_1_629' title='bbox 215 5498 278 5559; x_wconf 40' lang='lat' dir='ltr'><strong>ei.</strong></span> <span class='ocrx_word' id='word_1_630' title='bbox 307 5506 355 5549; x_wconf 76' lang='lat' dir='ltr'><strong>ti</strong></span> <span class='ocrx_word' id='word_1_631' title='bbox 388 5498 675 5550; x_wconf 90' lang='lat' dir='ltr'><strong>seniorum</strong></span> <span class='ocrx_word' id='word_1_632' title='bbox 704 5496 931 5550; x_wconf 87' lang='lat' dir='ltr'><strong>calculis</strong></span> <span class='ocrx_word' id='word_1_633' title='bbox 957 5496 1246 5550; x_wconf 62' lang='lat' dir='ltr'><strong>dissentire</strong></span> <span class='ocrx_word' id='word_1_634' title='bbox 1270 5511 1336 5550; x_wconf 80' lang='lat' dir='ltr'><strong>ex</strong></span> <span class='ocrx_word' id='word_1_635' title='bbox 1366 5505 1539 5564; x_wconf 85' lang='lat' dir='ltr'><strong>parte,</strong></span> <span class='ocrx_word' id='word_1_636' title='bbox 1568 5496 1809 5551; x_wconf 78' lang='lat' dir='ltr'><strong>Gainano</strong></span> 
     </span>
    </p>
   </div>
   <div class='ocr_carea' id='block_1_86' title="bbox 214 5566 1809 5635">
    <p class='ocr_par' dir='ltr' id='par_1_86' title="bbox 214 5566 1809 5635">
     <span class='ocr_line' id='line_1_86' title="bbox 214 5566 1809 5635; baseline 0.002 -18"><span class='ocrx_word' id='word_1_637' title='bbox 214 5569 381 5621; x_wconf 84' lang='lat' dir='ltr'><strong>altero</strong></span> <span class='ocrx_word' id='word_1_638' title='bbox 416 5577 695 5635; x_wconf 70' lang='lat' dir='ltr'><strong>cXpuncto</strong></span> <span class='ocrx_word' id='word_1_639' title='bbox 718 5608 732 5632; x_wconf 96' lang='lat'><strong>,</strong></span> <span class='ocrx_word' id='word_1_640' title='bbox 763 5566 1106 5621; x_wconf 86' lang='lat' dir='ltr'><strong>admoneret.</strong></span> <span class='ocrx_word' id='word_1_641' title='bbox 1141 5566 1407 5621; x_wconf 77' lang='lat' dir='ltr'><strong>Uti-terum</strong></span> <span class='ocrx_word' id='word_1_642' title='bbox 1451 5569 1535 5621; x_wconf 90' lang='lat' dir='ltr'><strong>sui</strong></span> <span class='ocrx_word' id='word_1_643' title='bbox 1579 5570 1693 5621; x_wconf 71' lang='lat' dir='ltr'><strong>lucc</strong></span> <span class='ocrx_word' id='word_1_644' title='bbox 1728 5568 1809 5621; x_wconf 86' lang='lat' dir='ltr'><strong>itt-</strong></span> 
     </span>
    </p>
   </div>
   <div class='ocr_carea' id='block_1_87' title="bbox 214 5637 1812 5708">
    <p class='ocr_par' dir='ltr' id='par_1_87' title="bbox 214 5637 1812 5708">
     <span class='ocr_line' id='line_1_87' title="bbox 214 5637 1812 5708; baseline 0.001 -17"><span class='ocrx_word' id='word_1_645' title='bbox 214 5640 381 5691; x_wconf 82' lang='lat' dir='ltr'><strong>stttuti</strong></span> <span class='ocrx_word' id='word_1_646' title='bbox 429 5653 539 5693; x_wconf 93' lang='lat' dir='ltr'><strong>non</strong></span> <span class='ocrx_word' id='word_1_647' title='bbox 570 5652 714 5702; x_wconf 82' lang='lat' dir='ltr'><strong>esse,</strong></span> <span class='ocrx_word' id='word_1_648' title='bbox 751 5637 914 5707; x_wconf 89' lang='lat' dir='ltr'><strong>idque</strong></span> <span class='ocrx_word' id='word_1_649' title='bbox 942 5637 1047 5691; x_wconf 86' lang='lat' dir='ltr'><strong>sibi</strong></span> <span class='ocrx_word' id='word_1_650' title='bbox 1098 5653 1266 5692; x_wconf 92' lang='lat' dir='ltr'><strong>unum</strong></span> <span class='ocrx_word' id='word_1_651' title='bbox 1302 5640 1683 5708; x_wconf 73' lang='lat' dir='ltr'><strong>proposuisse,</strong></span> <span class='ocrx_word' id='word_1_652' title='bbox 1717 5654 1812 5692; x_wconf 82' lang='lat' dir='ltr'><strong>ex-</strong></span> 
     </span>
    </p>
   </div>
   <div class='ocr_carea' id='block_1_88' title="bbox 214 5709 1813 5777">
    <p class='ocr_par' dir='ltr' id='par_1_88' title="bbox 214 5709 1813 5777">
     <span class='ocr_line' id='line_1_88' title="bbox 214 5709 1813 5777; baseline 0.001 -15"><span class='ocrx_word' id='word_1_653' title='bbox 214 5722 399 5777; x_wconf 84' lang='lat' dir='ltr'><strong>presse</strong></span> <span class='ocrx_word' id='word_1_654' title='bbox 442 5718 595 5764; x_wconf 86' lang='lat' dir='ltr'><strong>nctat</strong></span> <span class='ocrx_word' id='word_1_655' title='bbox 636 5710 878 5774; x_wconf 78' lang='lat' dir='ltr'><strong>presenti</strong></span> <span class='ocrx_word' id='word_1_656' title='bbox 918 5709 1216 5775; x_wconf 88' lang='lat' dir='ltr'><strong>npttsculo,</strong></span> <span class='ocrx_word' id='word_1_657' title='bbox 1256 5719 1316 5763; x_wconf 91' lang='lat' dir='ltr'><strong>ut</strong></span> <span class='ocrx_word' id='word_1_658' title='bbox 1346 5711 1414 5764; x_wconf 92' lang='lat' dir='ltr'><strong>ab</strong></span> <span class='ocrx_word' id='word_1_659' title='bbox 1444 5709 1717 5763; x_wconf 86' lang='lat' dir='ltr'><strong>Abraham</strong></span> <span class='ocrx_word' id='word_1_660' title='bbox 1756 5718 1813 5764; x_wconf 91' lang='lat' dir='ltr'><strong>et</strong></span> 
     </span>
    </p>
   </div>
   <div class='ocr_carea' id='block_1_89' title="bbox 214 5779 1810 5850">
    <p class='ocr_par' dir='ltr' id='par_1_89' title="bbox 214 5779 1810 5850">
     <span class='ocr_line' id='line_1_89' title="bbox 214 5779 1810 5850; baseline 0.001 -17"><span class='ocrx_word' id='word_1_661' title='bbox 214 5781 370 5847; x_wconf 77' lang='lat' dir='ltr'><strong>Nino,</strong></span> <span class='ocrx_word' id='word_1_662' title='bbox 398 5796 570 5850; x_wconf 82' lang='lat' dir='ltr'><strong>usque</strong></span> <span class='ocrx_word' id='word_1_663' title='bbox 599 5782 665 5834; x_wconf 86' lang='lat' dir='ltr'><strong>ad</strong></span> <span class='ocrx_word' id='word_1_664' title='bbox 709 5795 861 5833; x_wconf 90' lang='lat' dir='ltr'><strong>suam</strong></span> <span class='ocrx_word' id='word_1_665' title='bbox 902 5789 1114 5835; x_wconf 80' lang='lat' dir='ltr'><strong>:etatcm</strong></span> <span class='ocrx_word' id='word_1_666' title='bbox 1143 5779 1396 5835; x_wconf 80' lang='lat' dir='ltr'><strong>interiora</strong></span> <span class='ocrx_word' id='word_1_667' title='bbox 1421 5790 1662 5850; x_wconf 89' lang='lat' dir='ltr'><strong>tetnpora</strong></span> <span class='ocrx_word' id='word_1_668' title='bbox 1690 5795 1810 5849; x_wconf 89' lang='lat' dir='ltr'><strong>per-</strong></span> 
     </span>
    </p>
   </div>
   <div class='ocr_carea' id='block_1_90' title="bbox 218 5851 1811 5923">
    <p class='ocr_par' dir='ltr' id='par_1_90' title="bbox 218 5851 1811 5923">
     <span class='ocr_line' id='line_1_90' title="bbox 218 5851 1811 5923; baseline 0.002 -17"><span class='ocrx_word' id='word_1_669' title='bbox 218 5860 471 5923; x_wconf 83' lang='lat' dir='ltr'><strong>sequatur</strong></span> <span class='ocrx_word' id='word_1_670' title='bbox 502 5869 517 5907; x_wconf 84' lang='lat'><strong>;</strong></span> <span class='ocrx_word' id='word_1_671' title='bbox 546 5867 659 5923; x_wconf 92' lang='lat' dir='ltr'><strong>quo</strong></span> <span class='ocrx_word' id='word_1_672' title='bbox 689 5851 743 5906; x_wconf 93' lang='lat' dir='ltr'><strong>in</strong></span> <span class='ocrx_word' id='word_1_673' title='bbox 772 5867 938 5923; x_wconf 87' lang='lat' dir='ltr'><strong>opere</strong></span> <span class='ocrx_word' id='word_1_674' title='bbox 970 5852 1223 5910; x_wconf 85' lang='lat' dir='ltr'><strong>universo</strong></span> <span class='ocrx_word' id='word_1_675' title='bbox 1256 5851 1386 5908; x_wconf 90' lang='lat' dir='ltr'><strong>nihil</strong></span> <span class='ocrx_word' id='word_1_676' title='bbox 1424 5866 1556 5911; x_wconf 85' lang='lat' dir='ltr'><strong>sane</strong></span> <span class='ocrx_word' id='word_1_677' title='bbox 1585 5860 1705 5911; x_wconf 84' lang='lat' dir='ltr'><strong>erat</strong></span> <span class='ocrx_word' id='word_1_678' title='bbox 1741 5867 1811 5910; x_wconf 83' lang='lat' dir='ltr'><strong>ex</strong></span> 
     </span>
    </p>
   </div>
   <div class='ocr_carea' id='block_1_91' title="bbox 1906 2651 3507 2729">
    <p class='ocr_par' dir='ltr' id='par_1_91' title="bbox 1906 2651 3507 2729">
     <span class='ocr_line' id='line_1_91' title="bbox 1906 2651 3507 2729; baseline -0.003 -15"><span class='ocrx_word' id='word_1_679' title='bbox 1906 2658 2220 2714; x_wconf 66' lang='lat' dir='ltr'><strong>Graecorum</strong></span> <span class='ocrx_word' id='word_1_680' title='bbox 2271 2656 2609 2729; x_wconf 79' lang='lat' dir='ltr'><strong>exaggeratis</strong></span> <span class='ocrx_word' id='word_1_681' title='bbox 2650 2657 2895 2729; x_wconf 81' lang='lat' dir='ltr'><strong>numeris</strong></span> <span class='ocrx_word' id='word_1_682' title='bbox 2930 2652 3307 2729; x_wconf 84' lang='lat' dir='ltr'><strong>repetendum.</strong></span> <span class='ocrx_word' id='word_1_683' title='bbox 3356 2651 3507 2709; x_wconf 88' lang='lat' dir='ltr'><strong>Alte-</strong></span> 
     </span>
    </p>
   </div>
   <div class='ocr_carea' id='block_1_92' title="bbox 1905 2724 3501 2800">
    <p class='ocr_par' dir='ltr' id='par_1_92' title="bbox 1905 2724 3501 2800">
     <span class='ocr_line' id='line_1_92' title="bbox 1905 2724 3501 2800; baseline -0.005 -15"><span class='ocrx_word' id='word_1_684' title='bbox 1905 2745 2049 2794; x_wconf 88' lang='lat' dir='ltr'><strong>rum,</strong></span> <span class='ocrx_word' id='word_1_685' title='bbox 2076 2730 2218 2800; x_wconf 88' lang='lat' dir='ltr'><strong>quod</strong></span> <span class='ocrx_word' id='word_1_686' title='bbox 2242 2724 2557 2789; x_wconf 78' lang='lat' dir='ltr'><strong>inferimus,</strong></span> <span class='ocrx_word' id='word_1_687' title='bbox 2576 2727 2697 2783; x_wconf 93' lang='lat' dir='ltr'><strong>huic</strong></span> <span class='ocrx_word' id='word_1_688' title='bbox 2725 2726 2941 2800; x_wconf 86' lang='lat' dir='ltr'><strong>quidem</strong></span> <span class='ocrx_word' id='word_1_689' title='bbox 2970 2724 3366 2800; x_wconf 41' lang='lat' dir='ltr'><strong>c&#39;ousectariutn</strong></span> <span class='ocrx_word' id='word_1_690' title='bbox 3394 2734 3501 2800; x_wconf 79' lang='lat' dir='ltr'><strong>est,</strong></span> 
     </span>
    </p>
   </div>
   <div class='ocr_carea' id='block_1_93' title="bbox 1908 2794 3505 2868">
    <p class='ocr_par' dir='ltr' id='par_1_93' title="bbox 1908 2794 3505 2868">
     <span class='ocr_line' id='line_1_93' title="bbox 1908 2794 3505 2868; baseline -0.002 -14"><span class='ocrx_word' id='word_1_691' title='bbox 1908 2794 2169 2855; x_wconf 72' lang='lat' dir='ltr'><strong>momenti</strong></span> <span class='ocrx_word' id='word_1_692' title='bbox 2209 2813 2391 2857; x_wconf 90' lang='lat' dir='ltr'><strong>autem</strong></span> <span class='ocrx_word' id='word_1_693' title='bbox 2436 2800 2607 2854; x_wconf 91' lang='lat' dir='ltr'><strong>multo</strong></span> <span class='ocrx_word' id='word_1_694' title='bbox 2642 2794 2900 2868; x_wconf 88' lang='lat' dir='ltr'><strong>majoris,</strong></span> <span class='ocrx_word' id='word_1_695' title='bbox 2930 2806 2983 2852; x_wconf 89' lang='lat' dir='ltr'><strong>et</strong></span> <span class='ocrx_word' id='word_1_696' title='bbox 3027 2796 3171 2868; x_wconf 90' lang='lat' dir='ltr'><strong>quod</strong></span> <span class='ocrx_word' id='word_1_697' title='bbox 3201 2802 3352 2868; x_wconf 77' lang='lat' dir='ltr'><strong>notat</strong></span> <span class='ocrx_word' id='word_1_698' title='bbox 3392 2794 3505 2852; x_wconf 83' lang='lat' dir='ltr'><strong>fere</strong></span> 
     </span>
    </p>
   </div>
   <div class='ocr_carea' id='block_1_94' title="bbox 1908 2865 3502 2944">
    <p class='ocr_par' dir='ltr' id='par_1_94' title="bbox 1908 2865 3502 2944">
     <span class='ocr_line' id='line_1_94' title="bbox 1908 2865 3502 2944; baseline -0.002 -19"><span class='ocrx_word' id='word_1_699' title='bbox 1908 2872 2201 2944; x_wconf 85' lang='lat' dir='ltr'><strong>Eusebiani</strong></span> <span class='ocrx_word' id='word_1_700' title='bbox 2237 2865 2952 2944; x_wconf 65' lang='lat' dir='ltr'><strong>syntagmatismemoriam</strong></span> <span class='ocrx_word' id='word_1_701' title='bbox 2984 2865 3252 2944; x_wconf 72' lang='lat' dir='ltr'><strong>continet.</strong></span> <span class='ocrx_word' id='word_1_702' title='bbox 3298 2865 3502 2944; x_wconf 81' lang='lat' dir='ltr'><strong>Nempe</strong></span> 
     </span>
    </p>
   </div>
   <div class='ocr_carea' id='block_1_95' title="bbox 1907 2936 3503 3007">
    <p class='ocr_par' dir='ltr' id='par_1_95' title="bbox 1907 2936 3503 3007">
     <span class='ocr_line' id='line_1_95' title="bbox 1907 2936 3503 3007; baseline -0.004 -11"><span class='ocrx_word' id='word_1_703' title='bbox 1907 2952 2113 2996; x_wconf 90' lang='lat' dir='ltr'><strong>tantntn</strong></span> <span class='ocrx_word' id='word_1_704' title='bbox 2142 2936 2336 2998; x_wconf 75' lang='lat' dir='ltr'><strong>abesse</strong></span> <span class='ocrx_word' id='word_1_705' title='bbox 2360 2936 2745 2997; x_wconf 77' lang='lat' dir='ltr'><strong>contendimus</strong></span> <span class='ocrx_word' id='word_1_706' title='bbox 2768 2956 2795 2992; x_wconf 88' lang='lat' dir='ltr'><strong>a</strong></span> <span class='ocrx_word' id='word_1_707' title='bbox 2824 2939 2996 2995; x_wconf 60' lang='lat' dir='ltr'><strong>Grteci</strong></span> <span class='ocrx_word' id='word_1_708' title='bbox 3024 2936 3349 3007; x_wconf 78' lang='lat' dir='ltr'><strong>exemplaris</strong></span> <span class='ocrx_word' id='word_1_709' title='bbox 3373 2951 3503 3006; x_wconf 88' lang='lat' dir='ltr'><strong>sup-</strong></span> 
     </span>
    </p>
   </div>
   <div class='ocr_carea' id='block_1_96' title="bbox 1906 3008 3502 3083">
    <p class='ocr_par' dir='ltr' id='par_1_96' title="bbox 1906 3008 3502 3083">
     <span class='ocr_line' id='line_1_96' title="bbox 1906 3008 3502 3083; baseline -0.004 -16"><span class='ocrx_word' id='word_1_710' title='bbox 1906 3014 2186 3083; x_wconf 90' lang='lat' dir='ltr'><strong>putatione</strong></span> <span class='ocrx_word' id='word_1_711' title='bbox 2217 3014 2273 3068; x_wconf 92' lang='lat' dir='ltr'><strong>in</strong></span> <span class='ocrx_word' id='word_1_712' title='bbox 2297 3014 2400 3068; x_wconf 91' lang='lat' dir='ltr'><strong>hoc</strong></span> <span class='ocrx_word' id='word_1_713' title='bbox 2428 3013 2741 3067; x_wconf 87' lang='lat' dir='ltr'><strong>adornando</strong></span> <span class='ocrx_word' id='word_1_714' title='bbox 2771 3010 3042 3083; x_wconf 78' lang='lat' dir='ltr'><strong>Chronico</strong></span> <span class='ocrx_word' id='word_1_715' title='bbox 3063 3008 3409 3083; x_wconf 76' lang='lat' dir='ltr'><strong>Eusebium,</strong></span> <span class='ocrx_word' id='word_1_716' title='bbox 3442 3017 3502 3083; x_wconf 79' lang='lat' dir='ltr'><strong>ut</strong></span> 
     </span>
    </p>
   </div>
   <div class='ocr_carea' id='block_1_97' title="bbox 1907 3078 3501 3152">
    <p class='ocr_par' dir='ltr' id='par_1_97' title="bbox 1907 3078 3501 3152">
     <span class='ocr_line' id='line_1_97' title="bbox 1907 3078 3501 3152; baseline -0.004 -13"><span class='ocrx_word' id='word_1_717' title='bbox 1907 3078 2200 3152; x_wconf 82' lang='lat' dir='ltr'><strong>numquam</strong></span> <span class='ocrx_word' id='word_1_718' title='bbox 2242 3085 2312 3140; x_wconf 87' lang='lat' dir='ltr'><strong>ab</strong></span> <span class='ocrx_word' id='word_1_719' title='bbox 2360 3098 2423 3138; x_wconf 88' lang='lat' dir='ltr'><strong>ea</strong></span> <span class='ocrx_word' id='word_1_720' title='bbox 2463 3098 2709 3148; x_wconf 90' lang='lat' dir='ltr'><strong>summa,</strong></span> <span class='ocrx_word' id='word_1_721' title='bbox 2748 3098 2872 3149; x_wconf 66' lang='lat' dir='ltr'><strong>qua:</strong></span> <span class='ocrx_word' id='word_1_722' title='bbox 2899 3081 2967 3152; x_wconf 87' lang='lat' dir='ltr'><strong>ab</strong></span> <span class='ocrx_word' id='word_1_723' title='bbox 2996 3079 3129 3136; x_wconf 89' lang='lat' dir='ltr'><strong>orbe</strong></span> <span class='ocrx_word' id='word_1_724' title='bbox 3167 3078 3389 3152; x_wconf 85' lang='lat' dir='ltr'><strong>condito</strong></span> <span class='ocrx_word' id='word_1_725' title='bbox 3431 3078 3501 3152; x_wconf 80' lang='lat' dir='ltr'><strong>ad</strong></span> 
     </span>
    </p>
   </div>
   <div class='ocr_carea' id='block_1_98' title="bbox 1908 3149 3503 3226">
    <p class='ocr_par' dir='ltr' id='par_1_98' title="bbox 1908 3149 3503 3226">
     <span class='ocr_line' id='line_1_98' title="bbox 1908 3149 3503 3226; baseline -0.003 -17"><span class='ocrx_word' id='word_1_726' title='bbox 1908 3149 2167 3210; x_wconf 83' lang='lat' dir='ltr'><strong>diluvium</strong></span> <span class='ocrx_word' id='word_1_727' title='bbox 2191 3197 2205 3220; x_wconf 98' lang='lat'><strong>,</strong></span> <span class='ocrx_word' id='word_1_728' title='bbox 2237 3166 2401 3226; x_wconf 90' lang='lat' dir='ltr'><strong>atque</strong></span> <span class='ocrx_word' id='word_1_729' title='bbox 2442 3154 2640 3209; x_wconf 81' lang='lat' dir='ltr'><strong>exinde</strong></span> <span class='ocrx_word' id='word_1_730' title='bbox 2677 3153 2743 3208; x_wconf 88' lang='lat' dir='ltr'><strong>ad</strong></span> <span class='ocrx_word' id='word_1_731' title='bbox 2772 3151 3141 3226; x_wconf 81' lang='lat' dir='ltr'><strong>Abrahamum</strong></span> <span class='ocrx_word' id='word_1_732' title='bbox 3189 3150 3385 3226; x_wconf 76' lang='lat' dir='ltr'><strong>initur,</strong></span> <span class='ocrx_word' id='word_1_733' title='bbox 3433 3149 3503 3226; x_wconf 79' lang='lat' dir='ltr'><strong>ad</strong></span> 
     </span>
    </p>
   </div>
   <div class='ocr_carea' id='block_1_99' title="bbox 1908 3220 3506 3296">
    <p class='ocr_par' dir='ltr' id='par_1_99' title="bbox 1908 3220 3506 3296">
     <span class='ocr_line' id='line_1_99' title="bbox 1908 3220 3506 3296; baseline -0.003 -16"><span class='ocrx_word' id='word_1_734' title='bbox 1908 3228 2043 3282; x_wconf 89' lang='lat' dir='ltr'><strong>alias</strong></span> <span class='ocrx_word' id='word_1_735' title='bbox 2080 3220 2383 3294; x_wconf 82' lang='lat' dir='ltr'><strong>temporum</strong></span> <span class='ocrx_word' id='word_1_736' title='bbox 2431 3226 2743 3296; x_wconf 90' lang='lat' dir='ltr'><strong>scquiorum</strong></span> <span class='ocrx_word' id='word_1_737' title='bbox 2784 3238 2921 3296; x_wconf 61' lang='lat' dir='ltr'><strong>arras</strong></span> <span class='ocrx_word' id='word_1_738' title='bbox 2947 3222 3235 3296; x_wconf 79' lang='lat' dir='ltr'><strong>collegerit</strong></span> <span class='ocrx_word' id='word_1_739' title='bbox 3262 3220 3506 3296; x_wconf 29' lang='lat' dir='ltr'><strong>iis‘locis</strong></span> 
     </span>
    </p>
   </div>
   <div class='ocr_carea' id='block_1_100' title="bbox 1909 3291 3503 3367">
    <p class='ocr_par' dir='ltr' id='par_1_100' title="bbox 1909 3291 3503 3367">
     <span class='ocr_line' id='line_1_100' title="bbox 1909 3291 3503 3367; baseline -0.003 -15"><span class='ocrx_word' id='word_1_740' title='bbox 1909 3297 2051 3352; x_wconf 88' lang='lat' dir='ltr'><strong>haud</strong></span> <span class='ocrx_word' id='word_1_741' title='bbox 2083 3291 2215 3352; x_wconf 85' lang='lat' dir='ltr'><strong>sane</strong></span> <span class='ocrx_word' id='word_1_742' title='bbox 2244 3298 2457 3367; x_wconf 91' lang='lat' dir='ltr'><strong>paucis,</strong></span> <span class='ocrx_word' id='word_1_743' title='bbox 2500 3291 2696 3367; x_wconf 78' lang='lat' dir='ltr'><strong>quibus</strong></span> <span class='ocrx_word' id='word_1_744' title='bbox 2724 3295 2888 3349; x_wconf 92' lang='lat' dir='ltr'><strong>totius</strong></span> <span class='ocrx_word' id='word_1_745' title='bbox 2927 3291 3111 3365; x_wconf 81' lang='lat' dir='ltr'><strong>operis</strong></span> <span class='ocrx_word' id='word_1_746' title='bbox 3149 3292 3233 3347; x_wconf 91' lang='lat' dir='ltr'><strong>sui</strong></span> <span class='ocrx_word' id='word_1_747' title='bbox 3263 3291 3503 3367; x_wconf 79' lang='lat' dir='ltr'><strong>rationes</strong></span> 
     </span>
    </p>
   </div>
   <div class='ocr_carea' id='block_1_101' title="bbox 1906 3363 3501 3438">
    <p class='ocr_par' dir='ltr' id='par_1_101' title="bbox 1906 3363 3501 3438">
     <span class='ocr_line' id='line_1_101' title="bbox 1906 3363 3501 3438; baseline -0.003 -15"><span class='ocrx_word' id='word_1_748' title='bbox 1906 3369 1973 3423; x_wconf 88' lang='lat' dir='ltr'><strong>ad</strong></span> <span class='ocrx_word' id='word_1_749' title='bbox 2022 3363 2268 3424; x_wconf 82' lang='lat' dir='ltr'><strong>diversas</strong></span> <span class='ocrx_word' id='word_1_750' title='bbox 2316 3363 2553 3438; x_wconf 60' lang='lat' dir='ltr'><strong>epocha&#39;s</strong></span> <span class='ocrx_word' id='word_1_751' title='bbox 2592 3377 2917 3438; x_wconf 88' lang='lat' dir='ltr'><strong>comparat,</strong></span> <span class='ocrx_word' id='word_1_752' title='bbox 2965 3363 3035 3438; x_wconf 72' lang='lat' dir='ltr'><strong>ac</strong></span> <span class='ocrx_word' id='word_1_753' title='bbox 3072 3375 3217 3418; x_wconf 92' lang='lat' dir='ltr'><strong>certa</strong></span> <span class='ocrx_word' id='word_1_754' title='bbox 3269 3363 3501 3438; x_wconf 79' lang='lat' dir='ltr'><strong>invicem</strong></span> 
     </span>
    </p>
   </div>
   <div class='ocr_carea' id='block_1_102' title="bbox 1911 3434 3501 3508">
    <p class='ocr_par' dir='ltr' id='par_1_102' title="bbox 1911 3434 3501 3508">
     <span class='ocr_line' id='line_1_102' title="bbox 1911 3434 3501 3508; baseline -0.005 -13"><span class='ocrx_word' id='word_1_755' title='bbox 1911 3441 2081 3495; x_wconf 90' lang='lat' dir='ltr'><strong>nectit</strong></span> <span class='ocrx_word' id='word_1_756' title='bbox 2119 3441 2296 3495; x_wconf 89' lang='lat' dir='ltr'><strong>initia.</strong></span> <span class='ocrx_word' id='word_1_757' title='bbox 2330 3434 2435 3495; x_wconf 83' lang='lat' dir='ltr'><strong>Sed</strong></span> <span class='ocrx_word' id='word_1_758' title='bbox 2467 3454 2589 3494; x_wconf 92' lang='lat' dir='ltr'><strong>cum</strong></span> <span class='ocrx_word' id='word_1_759' title='bbox 2619 3434 2739 3493; x_wconf 56' lang='lat' dir='ltr'><strong>hoc&#39;</strong></span> <span class='ocrx_word' id='word_1_760' title='bbox 2761 3437 2945 3508; x_wconf 90' lang='lat' dir='ltr'><strong>paucis</strong></span> <span class='ocrx_word' id='word_1_761' title='bbox 2987 3434 3348 3508; x_wconf 84' lang='lat' dir='ltr'><strong>demonstrari</strong></span> <span class='ocrx_word' id='word_1_762' title='bbox 3394 3448 3501 3508; x_wconf 78' lang='lat' dir='ltr'><strong>ne-</strong></span> 
     </span>
    </p>
   </div>
   <div class='ocr_carea' id='block_1_103' title="bbox 1908 3504 3504 3580">
    <p class='ocr_par' dir='ltr' id='par_1_103' title="bbox 1908 3504 3504 3580">
     <span class='ocr_line' id='line_1_103' title="bbox 1908 3504 3504 3580; baseline -0.004 -14"><span class='ocrx_word' id='word_1_763' title='bbox 1908 3520 2070 3579; x_wconf 87' lang='lat' dir='ltr'><strong>queat</strong></span> <span class='ocrx_word' id='word_1_764' title='bbox 2115 3528 2128 3565; x_wconf 90' lang='lat'><strong>:</strong></span> <span class='ocrx_word' id='word_1_765' title='bbox 2170 3511 2239 3565; x_wconf 90' lang='lat' dir='ltr'><strong>sit</strong></span> <span class='ocrx_word' id='word_1_766' title='bbox 2275 3513 2438 3566; x_wconf 88' lang='lat' dir='ltr'><strong>etiam</strong></span> <span class='ocrx_word' id='word_1_767' title='bbox 2484 3526 2622 3565; x_wconf 94' lang='lat' dir='ltr'><strong>unus</strong></span> <span class='ocrx_word' id='word_1_768' title='bbox 2671 3504 2832 3580; x_wconf 79' lang='lat' dir='ltr'><strong>atque</strong></span> <span class='ocrx_word' id='word_1_769' title='bbox 2870 3507 3012 3580; x_wconf 76' lang='lat' dir='ltr'><strong>alter</strong></span> <span class='ocrx_word' id='word_1_770' title='bbox 3052 3507 3204 3580; x_wconf 76' lang='lat' dir='ltr'><strong>locus</strong></span> <span class='ocrx_word' id='word_1_771' title='bbox 3244 3505 3299 3559; x_wconf 92' lang='lat' dir='ltr'><strong>in</strong></span> <span class='ocrx_word' id='word_1_772' title='bbox 3335 3504 3504 3580; x_wconf 74' lang='lat' dir='ltr'><strong>editis</strong></span> 
     </span>
    </p>
   </div>
   <div class='ocr_carea' id='block_1_104' title="bbox 1908 3574 3503 3648">
    <p class='ocr_par' dir='ltr' id='par_1_104' title="bbox 1908 3574 3503 3648">
     <span class='ocr_line' id='line_1_104' title="bbox 1908 3574 3503 3648; baseline -0.003 -13"><span class='ocrx_word' id='word_1_773' title='bbox 1908 3574 2095 3648; x_wconf 88' lang='lat' dir='ltr'><strong>libris,</strong></span> <span class='ocrx_word' id='word_1_774' title='bbox 2123 3592 2181 3637; x_wconf 89' lang='lat' dir='ltr'><strong>ttt</strong></span> <span class='ocrx_word' id='word_1_775' title='bbox 2200 3593 2282 3637; x_wconf 89' lang='lat' dir='ltr'><strong>est</strong></span> <span class='ocrx_word' id='word_1_776' title='bbox 2316 3583 2407 3637; x_wconf 92' lang='lat' dir='ltr'><strong>ille</strong></span> <span class='ocrx_word' id='word_1_777' title='bbox 2434 3582 2498 3635; x_wconf 85' lang='lat' dir='ltr'><strong>ad</strong></span> <span class='ocrx_word' id='word_1_778' title='bbox 2529 3574 3068 3636; x_wconf 55' lang='lat' dir='ltr'><strong>annttm&#39;Abraltami</strong></span> <span class='ocrx_word' id='word_1_779' title='bbox 3099 3576 3226 3643; x_wconf 85' lang='lat'><strong>990,</strong></span> <span class='ocrx_word' id='word_1_780' title='bbox 3258 3574 3350 3645; x_wconf 89' lang='lat' dir='ltr'><strong>qtti</strong></span> <span class='ocrx_word' id='word_1_781' title='bbox 3378 3590 3503 3630; x_wconf 87' lang='lat' dir='ltr'><strong>sen-</strong></span> 
     </span>
    </p>
   </div>
   <div class='ocr_carea' id='block_1_105' title="bbox 1910 3654 3502 3722">
    <p class='ocr_par' dir='ltr' id='par_1_105' title="bbox 1910 3654 3502 3722">
     <span class='ocr_line' id='line_1_105' title="bbox 1910 3654 3502 3722; baseline -0.002 -16"><span class='ocrx_word' id='word_1_782' title='bbox 1910 3655 2090 3708; x_wconf 71' lang='lat' dir='ltr'><strong>tentim</strong></span> <span class='ocrx_word' id='word_1_783' title='bbox 2132 3654 2256 3708; x_wconf 92' lang='lat' dir='ltr'><strong>huic</strong></span> <span class='ocrx_word' id='word_1_784' title='bbox 2286 3662 2487 3708; x_wconf 64' lang='lat' dir='ltr'><strong>nostra:</strong></span> <span class='ocrx_word' id='word_1_785' title='bbox 2530 3654 3177 3722; x_wconf 77' lang='lat' dir='ltr'><strong>reiragantur,_quornm</strong></span> <span class='ocrx_word' id='word_1_786' title='bbox 3206 3656 3290 3702; x_wconf 90' lang='lat' dir='ltr'><strong>est</strong></span> <span class='ocrx_word' id='word_1_787' title='bbox 3320 3657 3502 3703; x_wconf 87' lang='lat' dir='ltr'><strong>tamen</strong></span> 
     </span>
    </p>
   </div>
   <div class='ocr_carea' id='block_1_106' title="bbox 1909 3720 3504 3791">
    <p class='ocr_par' dir='ltr' id='par_1_106' title="bbox 1909 3720 3504 3791">
     <span class='ocr_line' id='line_1_106' title="bbox 1909 3720 3504 3791; baseline -0.004 -13"><span class='ocrx_word' id='word_1_788' title='bbox 1909 3724 2044 3781; x_wconf 84' lang='lat' dir='ltr'><strong>ﬁdes</strong></span> <span class='ocrx_word' id='word_1_789' title='bbox 2083 3725 2261 3779; x_wconf 91' lang='lat' dir='ltr'><strong>omnis</strong></span> <span class='ocrx_word' id='word_1_790' title='bbox 2298 3724 2561 3780; x_wconf 84' lang='lat' dir='ltr'><strong>elevanda</strong></span> <span class='ocrx_word' id='word_1_791' title='bbox 2591 3741 2605 3777; x_wconf 86' lang='lat'><strong>:</strong></span> <span class='ocrx_word' id='word_1_792' title='bbox 2645 3720 2877 3791; x_wconf 78' lang='lat' dir='ltr'><strong>denique</strong></span> <span class='ocrx_word' id='word_1_793' title='bbox 2917 3720 3173 3791; x_wconf 85' lang='lat' dir='ltr'><strong>Veterum</strong></span> <span class='ocrx_word' id='word_1_794' title='bbox 3210 3733 3277 3773; x_wconf 90' lang='lat' dir='ltr'><strong>ac</strong></span> <span class='ocrx_word' id='word_1_795' title='bbox 3305 3732 3504 3791; x_wconf 67' lang='lat' dir='ltr'><strong>recen-</strong></span> 
     </span>
    </p>
   </div>
   <div class='ocr_carea' id='block_1_107' title="bbox 1910 3787 3503 3861">
    <p class='ocr_par' dir='ltr' id='par_1_107' title="bbox 1910 3787 3503 3861">
     <span class='ocr_line' id='line_1_107' title="bbox 1910 3787 3503 3861; baseline -0.004 -12"><span class='ocrx_word' id='word_1_796' title='bbox 1910 3799 2104 3850; x_wconf 87' lang='lat' dir='ltr'><strong>tiorunt</strong></span> <span class='ocrx_word' id='word_1_797' title='bbox 2131 3796 2443 3852; x_wconf 86' lang='lat' dir='ltr'><strong>testimonia</strong></span> <span class='ocrx_word' id='word_1_798' title='bbox 2470 3806 2525 3850; x_wconf 91' lang='lat' dir='ltr'><strong>ct</strong></span> <span class='ocrx_word' id='word_1_799' title='bbox 2550 3787 2956 3861; x_wconf 66' lang='lat' dir='ltr'><strong>praeconceptas</strong></span> <span class='ocrx_word' id='word_1_800' title='bbox 2982 3790 3266 3860; x_wconf 90' lang='lat' dir='ltr'><strong>opiniones</strong></span> <span class='ocrx_word' id='word_1_801' title='bbox 3282 3787 3503 3861; x_wconf 87' lang='lat' dir='ltr'><strong>diluere</strong></span> 
     </span>
    </p>
   </div>
   <div class='ocr_carea' id='block_1_108' title="bbox 1908 3859 3504 3936">
    <p class='ocr_par' dir='ltr' id='par_1_108' title="bbox 1908 3859 3504 3936">
     <span class='ocr_line' id='line_1_108' title="bbox 1908 3859 3504 3936; baseline -0.006 -15"><span class='ocrx_word' id='word_1_802' title='bbox 1908 3876 2175 3936; x_wconf 90' lang='lat' dir='ltr'><strong>oporteat,</strong></span> <span class='ocrx_word' id='word_1_803' title='bbox 2200 3881 2321 3933; x_wconf 64' lang='lat' dir='ltr'><strong>quae</strong></span> <span class='ocrx_word' id='word_1_804' title='bbox 2346 3859 2592 3919; x_wconf 86' lang='lat' dir='ltr'><strong>notarum</strong></span> <span class='ocrx_word' id='word_1_805' title='bbox 2620 3859 2857 3919; x_wconf 76' lang='lat' dir='ltr'><strong>brevitas</strong></span> <span class='ocrx_word' id='word_1_806' title='bbox 2884 3877 2991 3936; x_wconf 74' lang='lat' dir='ltr'><strong>non</strong></span> <span class='ocrx_word' id='word_1_807' title='bbox 3024 3859 3246 3936; x_wconf 69' lang='lat' dir='ltr'><strong>patitur,</strong></span> <span class='ocrx_word' id='word_1_808' title='bbox 3280 3859 3334 3911; x_wconf 90' lang='lat' dir='ltr'><strong>itt</strong></span> <span class='ocrx_word' id='word_1_809' title='bbox 3356 3873 3504 3936; x_wconf 73' lang='lat' dir='ltr'><strong>prte-</strong></span> 
     </span>
    </p>
   </div>
   <div class='ocr_carea' id='block_1_109' title="bbox 1910 3929 3498 4006">
    <p class='ocr_par' dir='ltr' id='par_1_109' title="bbox 1910 3929 3498 4006">
     <span class='ocr_line' id='line_1_109' title="bbox 1910 3929 3498 4006; baseline -0.005 -16"><span class='ocrx_word' id='word_1_810' title='bbox 1910 3929 2014 3991; x_wconf 70' lang='lat' dir='ltr'><strong>liita</strong></span> <span class='ocrx_word' id='word_1_811' title='bbox 2045 3929 2171 3991; x_wconf 83' lang='lat' dir='ltr'><strong>huic</strong></span> <span class='ocrx_word' id='word_1_812' title='bbox 2198 3929 2343 3991; x_wconf 87' lang='lat' dir='ltr'><strong>torno</strong></span> <span class='ocrx_word' id='word_1_813' title='bbox 2361 3936 2702 4006; x_wconf 81' lang='lat' dir='ltr'><strong>praefatione,</strong></span> <span class='ocrx_word' id='word_1_814' title='bbox 2722 3932 3091 4006; x_wconf 86' lang='lat' dir='ltr'><strong>commodiore</strong></span> <span class='ocrx_word' id='word_1_815' title='bbox 3121 3930 3328 3984; x_wconf 86' lang='lat' dir='ltr'><strong>scilicet</strong></span> <span class='ocrx_word' id='word_1_816' title='bbox 3355 3929 3498 3997; x_wconf 90' lang='lat' dir='ltr'><strong>loco,</strong></span> 
     </span>
    </p>
   </div>
   <div class='ocr_carea' id='block_1_110' title="bbox 1907 4004 3499 4076">
    <p class='ocr_par' dir='ltr' id='par_1_110' title="bbox 1907 4004 3499 4076">
     <span class='ocr_line' id='line_1_110' title="bbox 1907 4004 3499 4076; baseline -0.006 -14"><span class='ocrx_word' id='word_1_817' title='bbox 1907 4009 2280 4074; x_wconf 64' lang='lat' dir='ltr'><strong>edisserimus,</strong></span> <span class='ocrx_word' id='word_1_818' title='bbox 2303 4004 2464 4076; x_wconf 80' lang='lat' dir='ltr'><strong>quam</strong></span> <span class='ocrx_word' id='word_1_819' title='bbox 2493 4006 2631 4060; x_wconf 87' lang='lat' dir='ltr'><strong>adeo</strong></span> <span class='ocrx_word' id='word_1_820' title='bbox 2659 4016 2715 4059; x_wconf 92' lang='lat' dir='ltr'><strong>ut</strong></span> <span class='ocrx_word' id='word_1_821' title='bbox 2744 4004 3259 4076; x_wconf 10' lang='lat' dir='ltr'><strong>recolas,iaucto_res</strong></span> <span class='ocrx_word' id='word_1_822' title='bbox 3289 4014 3499 4076; x_wconf 86' lang='lat' dir='ltr'><strong>sumus.</strong></span> 
     </span>
    </p>
   </div>
   <div class='ocr_carea' id='block_1_111' title="bbox 1982 4072 3503 4147">
    <p class='ocr_par' dir='ltr' id='par_1_111' title="bbox 1982 4072 3503 4147">
     <span class='ocr_line' id='line_1_111' title="bbox 1982 4072 3503 4147; baseline -0.005 -14"><span class='ocrx_word' id='word_1_823' title='bbox 1982 4088 2008 4114; x_wconf 70' lang='grc'><strong>³</strong></span> <span class='ocrx_word' id='word_1_824' title='bbox 2038 4078 2149 4133; x_wconf 87' lang='lat' dir='ltr'><strong>Nec</strong></span> <span class='ocrx_word' id='word_1_825' title='bbox 2180 4072 2345 4147; x_wconf 81' lang='lat' dir='ltr'><strong>porro</strong></span> <span class='ocrx_word' id='word_1_826' title='bbox 2378 4079 2482 4131; x_wconf 83' lang='lat' dir='ltr'><strong>alia</strong></span> <span class='ocrx_word' id='word_1_827' title='bbox 2509 4078 2674 4131; x_wconf 83' lang='lat' dir='ltr'><strong>totius</strong></span> <span class='ocrx_word' id='word_1_828' title='bbox 2706 4073 3206 4147; x_wconf 34' lang='lat' dir='ltr'><strong>EusebianiAoperis</strong></span> <span class='ocrx_word' id='word_1_829' title='bbox 3245 4072 3503 4147; x_wconf 74' lang='lat' dir='ltr'><strong>materies</strong></span> 
     </span>
    </p>
   </div>
   <div class='ocr_carea' id='block_1_112' title="bbox 1907 4142 3506 4219">
    <p class='ocr_par' dir='ltr' id='par_1_112' title="bbox 1907 4142 3506 4219">
     <span class='ocr_line' id='line_1_112' title="bbox 1907 4142 3506 4219; baseline -0.004 -16"><span class='ocrx_word' id='word_1_830' title='bbox 1907 4158 2014 4214; x_wconf 82' lang='lat' dir='ltr'><strong>est,</strong></span> <span class='ocrx_word' id='word_1_831' title='bbox 2047 4142 2223 4219; x_wconf 76' lang='lat' dir='ltr'><strong>neque</strong></span> <span class='ocrx_word' id='word_1_832' title='bbox 2252 4149 2387 4203; x_wconf 88' lang='lat' dir='ltr'><strong>adeo</strong></span> <span class='ocrx_word' id='word_1_833' title='bbox 2420 4149 2519 4202; x_wconf 91' lang='lat' dir='ltr'><strong>nisi</strong></span> <span class='ocrx_word' id='word_1_834' title='bbox 2560 4150 2767 4219; x_wconf 85' lang='lat' dir='ltr'><strong>huncce</strong></span> <span class='ocrx_word' id='word_1_835' title='bbox 2800 4162 2961 4219; x_wconf 76' lang='lat' dir='ltr'><strong>unum</strong></span> <span class='ocrx_word' id='word_1_836' title='bbox 2994 4142 3398 4219; x_wconf 79' lang='lat' dir='ltr'><strong>Chronicorum</strong></span> <span class='ocrx_word' id='word_1_837' title='bbox 3440 4142 3506 4196; x_wconf 84' lang='lat' dir='ltr'><strong>li-</strong></span> 
     </span>
    </p>
   </div>
   <div class='ocr_carea' id='block_1_113' title="bbox 1908 4216 3229 4288">
    <p class='ocr_par' dir='ltr' id='par_1_113' title="bbox 1908 4216 3229 4288">
     <span class='ocr_line' id='line_1_113' title="bbox 1908 4216 3229 4288; baseline -0.005 -13"><span class='ocrx_word' id='word_1_838' title='bbox 1908 4222 2064 4275; x_wconf 88' lang='lat' dir='ltr'><strong>brttttt</strong></span> <span class='ocrx_word' id='word_1_839' title='bbox 2097 4216 2377 4286; x_wconf 70' lang='lat' dir='ltr'><strong>prtesentis</strong></span> <span class='ocrx_word' id='word_1_840' title='bbox 2417 4218 2663 4288; x_wconf 88' lang='lat' dir='ltr'><strong>opusculi</strong></span> <span class='ocrx_word' id='word_1_841' title='bbox 2685 4219 2904 4273; x_wconf 82' lang='lat' dir='ltr'><strong>nemine</strong></span> <span class='ocrx_word' id='word_1_842' title='bbox 2927 4216 3229 4288; x_wconf 78' lang='lat' dir='ltr'><strong>denotavit.</strong></span> 
     </span>
    </p>
   </div>
   <div class='ocr_carea' id='block_1_114' title="bbox 1980 4281 3503 4360">
    <p class='ocr_par' dir='ltr' id='par_1_114' title="bbox 1980 4281 3503 4360">
     <span class='ocr_line' id='line_1_114' title="bbox 1980 4281 3503 4360; baseline -0.009 -13"><span class='ocrx_word' id='word_1_843' title='bbox 1980 4291 2007 4329; x_wconf 69' lang='grc' dir='ltr'>δ</span> <span class='ocrx_word' id='word_1_844' title='bbox 2051 4281 2257 4346; x_wconf 80' lang='lat' dir='ltr'><strong>Vitiosc</strong></span> <span class='ocrx_word' id='word_1_845' title='bbox 2297 4281 2583 4360; x_wconf 66' lang='lat' dir='ltr'><strong>Scaligeri,</strong></span> <span class='ocrx_word' id='word_1_846' title='bbox 2612 4292 2677 4345; x_wconf 84' lang='lat' dir='ltr'><strong>ab</strong></span> <span class='ocrx_word' id='word_1_847' title='bbox 2717 4288 2979 4343; x_wconf 78' lang='lat' dir='ltr'><strong>Abraham</strong></span> <span class='ocrx_word' id='word_1_848' title='bbox 3013 4286 3259 4360; x_wconf 74' lang='lat' dir='ltr'><strong>omnino;</strong></span> <span class='ocrx_word' id='word_1_849' title='bbox 3298 4300 3399 4360; x_wconf 84' lang='lat' dir='ltr'><strong>pro</strong></span> <span class='ocrx_word' id='word_1_850' title='bbox 3439 4281 3503 4335; x_wconf 84' lang='lat' dir='ltr'><strong>ab</strong></span> 
     </span>
    </p>
   </div>
   <div class='ocr_carea' id='block_1_115' title="bbox 1908 4357 3502 4431">
    <p class='ocr_par' dir='ltr' id='par_1_115' title="bbox 1908 4357 3502 4431">
     <span class='ocr_line' id='line_1_115' title="bbox 1908 4357 3502 4431; baseline -0.006 -14"><span class='ocrx_word' id='word_1_851' title='bbox 1908 4362 2167 4417; x_wconf 83' lang='lat' dir='ltr'><strong>Abraham</strong></span> <span class='ocrx_word' id='word_1_852' title='bbox 2214 4374 2262 4416; x_wconf 81' lang='lat' dir='ltr'><strong>et</strong></span> <span class='ocrx_word' id='word_1_853' title='bbox 2304 4357 2480 4425; x_wconf 52' lang='lat' dir='ltr'><strong>Nitto&#39;,</strong></span> <span class='ocrx_word' id='word_1_854' title='bbox 2514 4357 2674 4431; x_wconf 84' lang='lat' dir='ltr'><strong>quam</strong></span> <span class='ocrx_word' id='word_1_855' title='bbox 2732 4372 2785 4415; x_wconf 86' lang='lat' dir='ltr'><strong>et</strong></span> <span class='ocrx_word' id='word_1_856' title='bbox 2818 4360 2985 4431; x_wconf 82' lang='lat' dir='ltr'><strong>nostri</strong></span> <span class='ocrx_word' id='word_1_857' title='bbox 3032 4373 3184 4431; x_wconf 84' lang='lat' dir='ltr'><strong>mss._</strong></span> <span class='ocrx_word' id='word_1_858' title='bbox 3210 4357 3502 4411; x_wconf 88' lang='lat' dir='ltr'><strong>lectionem</strong></span> 
     </span>
    </p>
   </div>
   <div class='ocr_carea' id='block_1_116' title="bbox 1909 4427 3377 4508">
    <p class='ocr_par' dir='ltr' id='par_1_116' title="bbox 1909 4427 3377 4508">
     <span class='ocr_line' id='line_1_116' title="bbox 1909 4427 3377 4508; baseline 0.002 -3"><span class='ocrx_word' id='word_1_859' title='bbox 1909 4437 2225 4508; x_wconf 50' lang='lat' dir='ltr'><strong>vestierunt.</strong></span> <span class='ocrx_word' id='word_1_860' title='bbox 2258 4440 2313 4508; x_wconf 64' lang='lat' dir='ltr'><strong>et</strong></span> <span class='ocrx_word' id='word_1_861' title='bbox 2340 4427 2615 4508; x_wconf 64' lang='grc' dir='ltr'><strong>Ρρηιειέυε</strong></span> <span class='ocrx_word' id='word_1_862' title='bbox 2654 4432 2768 4508; x_wconf 56' lang='lat' dir='ltr'><strong>ipse</strong></span> <span class='ocrx_word' id='word_1_863' title='bbox 2802 4429 3015 4508; x_wconf 49' lang='lat' dir='ltr'><strong>item!&quot;</strong></span> <span class='ocrx_word' id='word_1_864' title='bbox 3057 4427 3324 4508; x_wconf 59' lang='lat' dir='ltr'><strong>restituit:</strong></span> <span class='ocrx_word' id='word_1_865' title='bbox 3367 4496 3377 4508; x_wconf 93' lang='lat'><strong>.</strong></span> 
     </span>
    </p>
   </div>
   <div class='ocr_carea' id='block_1_117' title="bbox 1984 4497 3496 4569">
    <p class='ocr_par' dir='ltr' id='par_1_117' title="bbox 1984 4497 3496 4569">
     <span class='ocr_line' id='line_1_117' title="bbox 1984 4497 3496 4569; baseline -0.004 -12"><span class='ocrx_word' id='word_1_866' title='bbox 1984 4518 2004 4543; x_wconf 75' lang='grc' dir='ltr'>ε</span> <span class='ocrx_word' id='word_1_867' title='bbox 2033 4505 2129 4559; x_wconf 93' lang='lat' dir='ltr'><strong>llic</strong></span> <span class='ocrx_word' id='word_1_868' title='bbox 2168 4503 2424 4559; x_wconf 84' lang='lat' dir='ltr'><strong>Straboni</strong></span> <span class='ocrx_word' id='word_1_869' title='bbox 2464 4515 2625 4569; x_wconf 87' lang='lat' dir='ltr'><strong>atque</strong></span> <span class='ocrx_word' id='word_1_870' title='bbox 2662 4497 2783 4556; x_wconf 83' lang='lat' dir='ltr'><strong>aliis</strong></span> <span class='ocrx_word' id='word_1_871' title='bbox 2810 4497 3031 4562; x_wconf 75' lang='lat' dir='ltr'><strong>Tironis,</strong></span> <span class='ocrx_word' id='word_1_872' title='bbox 3062 4506 3245 4566; x_wconf 83' lang='grc' dir='ltr'><strong>Θῶνις,</strong></span> <span class='ocrx_word' id='word_1_873' title='bbox 3275 4497 3496 4552; x_wconf 89' lang='lat' dir='ltr'><strong>dicitur.</strong></span> 
     </span>
    </p>
   </div>
   <div class='ocr_carea' id='block_1_118' title="bbox 1907 4570 3499 4648">
    <p class='ocr_par' dir='ltr' id='par_1_118' title="bbox 1907 4570 3499 4648">
     <span class='ocr_line' id='line_1_118' title="bbox 1907 4570 3499 4648; baseline -0.005 -18"><span class='ocrx_word' id='word_1_874' title='bbox 1907 4576 2154 4648; x_wconf 86' lang='lat' dir='ltr'><strong>Polybus</strong></span> <span class='ocrx_word' id='word_1_875' title='bbox 2186 4586 2367 4648; x_wconf 81' lang='lat' dir='ltr'><strong>autem</strong></span> <span class='ocrx_word' id='word_1_876' title='bbox 2411 4573 3011 4648; x_wconf 50' lang='lat' dir='ltr'><strong>llonieroapjfllatur,</strong></span> <span class='ocrx_word' id='word_1_877' title='bbox 3046 4570 3212 4648; x_wconf 78' lang='lat' dir='ltr'><strong>Odys.</strong></span> <span class='ocrx_word' id='word_1_878' title='bbox 3246 4581 3301 4637; x_wconf 83' lang='lat' dir='ltr'><strong>A,</strong></span> <span class='ocrx_word' id='word_1_879' title='bbox 3323 4639 3335 4648; x_wconf 85' lang='lat'>_</span> <span class='ocrx_word' id='word_1_880' title='bbox 3356 4584 3499 4648; x_wconf 86' lang='lat' dir='ltr'><strong>vers.</strong></span> 
     </span>
    </p>
   </div>
   <div class='ocr_carea' id='block_1_119' title="bbox 1906 4639 3504 4712">
    <p class='ocr_par' dir='ltr' id='par_1_119' title="bbox 1906 4639 3504 4712">
     <span class='ocr_line' id='line_1_119' title="bbox 1906 4639 3504 4712; baseline -0.005 -11"><span class='ocrx_word' id='word_1_881' title='bbox 1906 4639 2028 4702; x_wconf 45' lang='lat'><strong>1&#39;26:</strong></span> <span class='ocrx_word' id='word_1_882' title='bbox 2054 4646 2160 4702; x_wconf 84' lang='lat' dir='ltr'><strong>Sed</strong></span> <span class='ocrx_word' id='word_1_883' title='bbox 2188 4656 2242 4702; x_wconf 91' lang='lat' dir='ltr'><strong>et</strong></span> <span class='ocrx_word' id='word_1_884' title='bbox 2262 4646 2419 4710; x_wconf 88' lang='lat' dir='ltr'><strong>alius,</strong></span> <span class='ocrx_word' id='word_1_885' title='bbox 2442 4660 2585 4700; x_wconf 86' lang='lat' dir='ltr'><strong>vers.</strong></span> <span class='ocrx_word' id='word_1_886' title='bbox 2616 4639 2746 4712; x_wconf 68' lang='lat'><strong>228,</strong></span> <span class='ocrx_word' id='word_1_887' title='bbox 2767 4641 2915 4696; x_wconf 84' lang='lat' dir='ltr'><strong>Thon</strong></span> <span class='ocrx_word' id='word_1_888' title='bbox 2947 4639 3168 4710; x_wconf 84' lang='lat' dir='ltr'><strong>proprie</strong></span> <span class='ocrx_word' id='word_1_889' title='bbox 3192 4639 3504 4695; x_wconf 89' lang='lat' dir='ltr'><strong>nominatur</strong></span> 
     </span>
    </p>
   </div>
   <div class='ocr_carea' id='block_1_120' title="bbox 1905 4713 3506 4789">
    <p class='ocr_par' dir='ltr' id='par_1_120' title="bbox 1905 4713 3506 4789">
     <span class='ocr_line' id='line_1_120' title="bbox 1905 4713 3506 4789; baseline -0.008 -14"><span class='ocrx_word' id='word_1_890' title='bbox 1905 4718 2283 4789; x_wconf 66' lang='lat' dir='ltr'><strong>Egyptiorum</strong></span> <span class='ocrx_word' id='word_1_891' title='bbox 2315 4717 2568 4789; x_wconf 82' lang='lat' dir='ltr'><strong>dynasta,</strong></span> <span class='ocrx_word' id='word_1_892' title='bbox 2614 4716 2705 4789; x_wconf 84' lang='lat' dir='ltr'><strong>ubi</strong></span> <span class='ocrx_word' id='word_1_893' title='bbox 2738 4714 2806 4769; x_wconf 88' lang='lat' dir='ltr'><strong>de</strong></span> <span class='ocrx_word' id='word_1_894' title='bbox 2829 4714 3030 4789; x_wconf 83' lang='lat' dir='ltr'><strong>celebri</strong></span> <span class='ocrx_word' id='word_1_895' title='bbox 3050 4713 3320 4789; x_wconf 86' lang='lat' dir='ltr'><strong>Nepentes</strong></span> <span class='ocrx_word' id='word_1_896' title='bbox 3339 4715 3506 4789; x_wconf 78' lang='lat' dir='ltr'><strong>pltar-</strong></span> 
     </span>
    </p>
   </div>
   <div class='ocr_carea' id='block_1_121' title="bbox 1905 4781 3502 4863">
    <p class='ocr_par' dir='ltr' id='par_1_121' title="bbox 1905 4781 3502 4863">
     <span class='ocr_line' id='line_1_121' title="bbox 1905 4781 3502 4863; baseline -0.005 -22"><span class='ocrx_word' id='word_1_897' title='bbox 1905 4781 2083 4863; x_wconf 58' lang='lat' dir='ltr'><strong>tritico,</strong></span> <span class='ocrx_word' id='word_1_898' title='bbox 2111 4781 2575 4863; x_wconf 14' lang='grc' dir='ltr'><strong>(ιυοιῌᾲΠοξνᾷδαμνα</strong></span> <span class='ocrx_word' id='word_1_899' title='bbox 2602 4786 2766 4863; x_wconf 34' lang='grc' dir='ltr'><strong>πόρεν-</strong></span> <span class='ocrx_word' id='word_1_900' title='bbox 2784 4786 2953 4844; x_wconf 83' lang='grc' dir='ltr'><strong>Θωνὸς</strong></span> <span class='ocrx_word' id='word_1_901' title='bbox 2972 4786 3294 4863; x_wconf 76' lang='grc' dir='ltr'><strong>παράκοιτις,</strong></span> <span class='ocrx_word' id='word_1_902' title='bbox 3338 4781 3502 4863; x_wconf 55' lang='grc' dir='ltr'><strong>ρξοιξι-</strong></span> 
     </span>
    </p>
   </div>
   <div class='ocr_carea' id='block_1_122' title="bbox 1906 4851 3503 4926">
    <p class='ocr_par' dir='ltr' id='par_1_122' title="bbox 1906 4851 3503 4926">
     <span class='ocr_line' id='line_1_122' title="bbox 1906 4851 3503 4926; baseline -0.006 -13"><span class='ocrx_word' id='word_1_903' title='bbox 1906 4851 2097 4914; x_wconf 70' lang='lat' dir='ltr'><strong>damna</strong></span> <span class='ocrx_word' id='word_1_904' title='bbox 2119 4851 2292 4913; x_wconf 63' lang='lat' dir='ltr'><strong>attulit</strong></span> <span class='ocrx_word' id='word_1_905' title='bbox 2328 4851 2525 4912; x_wconf 71' lang='lat' dir='ltr'><strong>Titanis</strong></span> <span class='ocrx_word' id='word_1_906' title='bbox 2554 4851 2723 4912; x_wconf 74' lang='lat' dir='ltr'><strong>uxor:</strong></span> <span class='ocrx_word' id='word_1_907' title='bbox 2755 4859 2809 4911; x_wconf 88' lang='lat' dir='ltr'><strong>itt</strong></span> <span class='ocrx_word' id='word_1_908' title='bbox 2849 4871 3010 4926; x_wconf 86' lang='lat' dir='ltr'><strong>quem</strong></span> <span class='ocrx_word' id='word_1_909' title='bbox 3053 4851 3245 4926; x_wconf 85' lang='lat' dir='ltr'><strong>&#39;toeum</strong></span> <span class='ocrx_word' id='word_1_910' title='bbox 3300 4851 3503 4926; x_wconf 75' lang='lat' dir='ltr'><strong>vitiosis</strong></span> 
     </span>
    </p>
   </div>
   <div class='ocr_carea' id='block_1_123' title="bbox 1908 4921 3503 4999">
    <p class='ocr_par' dir='ltr' id='par_1_123' title="bbox 1908 4921 3503 4999">
     <span class='ocr_line' id='line_1_123' title="bbox 1908 4921 3503 4999; baseline -0.007 -13"><span class='ocrx_word' id='word_1_911' title='bbox 1908 4932 2255 4986; x_wconf 87' lang='lat' dir='ltr'><strong>Eustathium</strong></span> <span class='ocrx_word' id='word_1_912' title='bbox 2288 4931 2478 4986; x_wconf 87' lang='lat' dir='ltr'><strong>:adito</strong></span> <span class='ocrx_word' id='word_1_913' title='bbox 2522 4939 2577 4985; x_wconf 91' lang='lat' dir='ltr'><strong>et</strong></span> <span class='ocrx_word' id='word_1_914' title='bbox 2625 4921 2963 4999; x_wconf 79' lang='lat' dir='ltr'><strong>Stephanum</strong></span> <span class='ocrx_word' id='word_1_915' title='bbox 3012 4921 3503 4994; x_wconf 85' lang='lat' dir='ltr'><strong>ethnicographum</strong></span> 
     </span>
    </p>
   </div>
   <div class='ocr_carea' id='block_1_124' title="bbox 1907 5006 2163 5064">
    <p class='ocr_par' dir='ltr' id='par_1_124' title="bbox 1907 5006 2163 5064">
     <span class='ocr_line' id='line_1_124' title="bbox 1907 5006 2163 5064; baseline -0.02 -5"><span class='ocrx_word' id='word_1_916' title='bbox 1907 5006 1958 5059; x_wconf 83' lang='lat' dir='ltr'><strong>itt</strong></span> <span class='ocrx_word' id='word_1_917' title='bbox 1984 5011 2163 5064; x_wconf 82' lang='grc' dir='ltr'><strong>Θῶνις.</strong></span> 
     </span>
    </p>
   </div>
   <div class='ocr_carea' id='block_1_125' title="bbox 1979 5066 3501 5143">
    <p class='ocr_par' dir='ltr' id='par_1_125' title="bbox 1979 5066 3501 5143">
     <span class='ocr_line' id='line_1_125' title="bbox 1979 5066 3501 5143; baseline -0.008 -14"><span class='ocrx_word' id='word_1_918' title='bbox 1979 5071 2006 5110; x_wconf 73' lang='grc'><strong>(1</strong></span> <span class='ocrx_word' id='word_1_919' title='bbox 2033 5075 2207 5142; x_wconf 82' lang='lat' dir='ltr'><strong>Atque</strong></span> <span class='ocrx_word' id='word_1_920' title='bbox 2224 5082 2307 5128; x_wconf 91' lang='lat' dir='ltr'><strong>est</strong></span> <span class='ocrx_word' id='word_1_921' title='bbox 2329 5072 2546 5143; x_wconf 90' lang='lat' dir='ltr'><strong>quidem</strong></span> <span class='ocrx_word' id='word_1_922' title='bbox 2577 5069 2683 5125; x_wconf 92' lang='lat' dir='ltr'><strong>iste</strong></span> <span class='ocrx_word' id='word_1_923' title='bbox 2708 5069 2932 5143; x_wconf 81' lang='lat' dir='ltr'><strong>propior</strong></span> <span class='ocrx_word' id='word_1_924' title='bbox 2948 5066 3015 5122; x_wconf 89' lang='lat' dir='ltr'><strong>ad</strong></span> <span class='ocrx_word' id='word_1_925' title='bbox 3043 5066 3501 5143; x_wconf 70' lang='lat' dir='ltr'><strong>titletnnumerus,</strong></span> 
     </span>
    </p>
   </div>
   <div class='ocr_carea' id='block_1_126' title="bbox 1907 5136 3503 5215">
    <p class='ocr_par' dir='ltr' id='par_1_126' title="bbox 1907 5136 3503 5215">
     <span class='ocr_line' id='line_1_126' title="bbox 1907 5136 3503 5215; baseline -0.009 -15"><span class='ocrx_word' id='word_1_926' title='bbox 1907 5160 2065 5215; x_wconf 90' lang='lat' dir='ltr'><strong>quem</strong></span> <span class='ocrx_word' id='word_1_927' title='bbox 2090 5136 2144 5199; x_wconf 79' lang='lat' dir='ltr'><strong>et</strong></span> <span class='ocrx_word' id='word_1_928' title='bbox 2171 5161 2311 5200; x_wconf 90' lang='lat' dir='ltr'><strong>nunc</strong></span> <span class='ocrx_word' id='word_1_929' title='bbox 2345 5136 2649 5212; x_wconf 67' lang='lat' dir='ltr'><strong>praeferunt</strong></span> <span class='ocrx_word' id='word_1_930' title='bbox 2688 5136 2931 5215; x_wconf 80' lang='lat' dir='ltr'><strong>melioris</strong></span> <span class='ocrx_word' id='word_1_931' title='bbox 2965 5146 3123 5215; x_wconf 27' lang='lat' dir='ltr'><strong>‘nota:</strong></span> <span class='ocrx_word' id='word_1_932' title='bbox 3151 5136 3503 5215; x_wconf 81' lang='lat' dir='ltr'><strong>Chronologi.</strong></span> 
     </span>
    </p>
   </div>
   <div class='ocr_carea' id='block_1_127' title="bbox 1907 5208 3503 5286">
    <p class='ocr_par' dir='ltr' id='par_1_127' title="bbox 1907 5208 3503 5286">
     <span class='ocr_line' id='line_1_127' title="bbox 1907 5208 3503 5286; baseline -0.008 -15"><span class='ocrx_word' id='word_1_933' title='bbox 1907 5208 2015 5271; x_wconf 75' lang='lat' dir='ltr'><strong>Sed</strong></span> <span class='ocrx_word' id='word_1_934' title='bbox 2048 5230 2239 5286; x_wconf 84' lang='lat' dir='ltr'><strong>magna</strong></span> <span class='ocrx_word' id='word_1_935' title='bbox 2272 5208 2395 5269; x_wconf 83' lang='lat' dir='ltr'><strong>hinc</strong></span> <span class='ocrx_word' id='word_1_936' title='bbox 2421 5216 2598 5267; x_wconf 88' lang='lat' dir='ltr'><strong>oritur</strong></span> <span class='ocrx_word' id='word_1_937' title='bbox 2618 5210 2934 5286; x_wconf 69' lang='lat' dir='ltr'><strong>Alrictitium</strong></span> <span class='ocrx_word' id='word_1_938' title='bbox 2965 5210 3107 5265; x_wconf 89' lang='lat' dir='ltr'><strong>inter</strong></span> <span class='ocrx_word' id='word_1_939' title='bbox 3126 5219 3182 5263; x_wconf 89' lang='lat' dir='ltr'><strong>et</strong></span> <span class='ocrx_word' id='word_1_940' title='bbox 3212 5208 3503 5286; x_wconf 60' lang='lat' dir='ltr'><strong>Eusebium</strong></span> 
     </span>
    </p>
   </div>
   <div class='ocr_carea' id='block_1_128' title="bbox 1907 5280 3507 5351">
    <p class='ocr_par' dir='ltr' id='par_1_128' title="bbox 1907 5280 3507 5351">
     <span class='ocr_line' id='line_1_128' title="bbox 1907 5280 3507 5351; baseline -0.007 -9"><span class='ocrx_word' id='word_1_941' title='bbox 1907 5280 2176 5342; x_wconf 60' lang='lat' dir='ltr'><strong>dissensiii</strong></span> <span class='ocrx_word' id='word_1_942' title='bbox 2203 5300 2466 5339; x_wconf 86' lang='lat' dir='ltr'><strong>annorum</strong></span> <span class='ocrx_word' id='word_1_943' title='bbox 2497 5285 2720 5338; x_wconf 87' lang='lat' dir='ltr'><strong>circiter</strong></span> <span class='ocrx_word' id='word_1_944' title='bbox 2748 5280 2872 5347; x_wconf 73' lang='lat'><strong>162,</strong></span> <span class='ocrx_word' id='word_1_945' title='bbox 2902 5296 3003 5351; x_wconf 86' lang='lat' dir='ltr'><strong>qua</strong></span> <span class='ocrx_word' id='word_1_946' title='bbox 3037 5286 3090 5335; x_wconf 87' lang='lat' dir='ltr'><strong>iti</strong></span> <span class='ocrx_word' id='word_1_947' title='bbox 3120 5296 3176 5334; x_wconf 85' lang='lat' dir='ltr'><strong>re</strong></span> <span class='ocrx_word' id='word_1_948' title='bbox 3208 5280 3507 5351; x_wconf 47' lang='lat' dir='ltr'><strong>C&#39;t-sarien—</strong></span> 
     </span>
    </p>
   </div>
   <div class='ocr_carea' id='block_1_129' title="bbox 1909 5348 3508 5427">
    <p class='ocr_par' dir='ltr' id='par_1_129' title="bbox 1909 5348 3508 5427">
     <span class='ocr_line' id='line_1_129' title="bbox 1909 5348 3508 5427; baseline -0.008 -13"><span class='ocrx_word' id='word_1_949' title='bbox 1909 5375 2023 5414; x_wconf 90' lang='lat' dir='ltr'><strong>sem</strong></span> <span class='ocrx_word' id='word_1_950' title='bbox 2052 5358 2366 5427; x_wconf 77' lang='lat' dir='ltr'><strong>episcopum</strong></span> <span class='ocrx_word' id='word_1_951' title='bbox 2387 5354 2676 5425; x_wconf 83' lang='lat' dir='ltr'><strong>Synccllns</strong></span> <span class='ocrx_word' id='word_1_952' title='bbox 2705 5353 2886 5409; x_wconf 89' lang='lat' dir='ltr'><strong>denuo</strong></span> <span class='ocrx_word' id='word_1_953' title='bbox 2918 5348 3258 5427; x_wconf 65' lang='lat' dir='ltr'><strong>criminatur.</strong></span> <span class='ocrx_word' id='word_1_954' title='bbox 3281 5348 3508 5427; x_wconf 80' lang='lat' dir='ltr'><strong>Scilicet</strong></span> 
     </span>
    </p>
   </div>
   <div class='ocr_carea' id='block_1_130' title="bbox 1909 5422 3509 5499">
    <p class='ocr_par' dir='ltr' id='par_1_130' title="bbox 1909 5422 3509 5499">
     <span class='ocr_line' id='line_1_130' title="bbox 1909 5422 3509 5499; baseline -0.005 -16"><span class='ocrx_word' id='word_1_955' title='bbox 1909 5444 2029 5483; x_wconf 89' lang='lat' dir='ltr'><strong>cum</strong></span> <span class='ocrx_word' id='word_1_956' title='bbox 2058 5422 2210 5499; x_wconf 79' lang='lat' dir='ltr'><strong>juxta</strong></span> <span class='ocrx_word' id='word_1_957' title='bbox 2242 5422 2575 5499; x_wconf 71' lang='lat' dir='ltr'><strong>Africanum,</strong></span> <span class='ocrx_word' id='word_1_958' title='bbox 2614 5436 2779 5497; x_wconf 84' lang='lat' dir='ltr'><strong>atque</strong></span> <span class='ocrx_word' id='word_1_959' title='bbox 2808 5440 2877 5479; x_wconf 79' lang='lat' dir='ltr'><strong>ex</strong></span> <span class='ocrx_word' id='word_1_960' title='bbox 2908 5436 3166 5499; x_wconf 74' lang='lat' dir='ltr'><strong>veterum</strong></span> <span class='ocrx_word' id='word_1_961' title='bbox 3210 5422 3509 5499; x_wconf 70' lang='lat' dir='ltr'><strong>chronolo-</strong></span> 
     </span>
    </p>
   </div>
   <div class='ocr_carea' id='block_1_131' title="bbox 1910 5491 3505 5569">
    <p class='ocr_par' dir='ltr' id='par_1_131' title="bbox 1910 5491 3505 5569">
     <span class='ocr_line' id='line_1_131' title="bbox 1910 5491 3505 5569; baseline -0.003 -19"><span class='ocrx_word' id='word_1_962' title='bbox 1910 5491 2100 5569; x_wconf 80' lang='lat' dir='ltr'><strong>gorum</strong></span> <span class='ocrx_word' id='word_1_963' title='bbox 2138 5504 2311 5554; x_wconf 78' lang='lat' dir='ltr'><strong>tet-me</strong></span> <span class='ocrx_word' id='word_1_964' title='bbox 2346 5498 2584 5567; x_wconf 86' lang='lat' dir='ltr'><strong>omnium</strong></span> <span class='ocrx_word' id='word_1_965' title='bbox 2623 5491 2892 5569; x_wconf 81' lang='lat' dir='ltr'><strong>consensu</strong></span> <span class='ocrx_word' id='word_1_966' title='bbox 2915 5495 2979 5548; x_wconf 90' lang='lat' dir='ltr'><strong>ad</strong></span> <span class='ocrx_word' id='word_1_967' title='bbox 3029 5491 3505 5569; x_wconf 74' lang='lat' dir='ltr'><strong>quadragesimum</strong></span> 
     </span>
    </p>
   </div>
   <div class='ocr_carea' id='block_1_132' title="bbox 1911 5565 3507 5641">
    <p class='ocr_par' dir='ltr' id='par_1_132' title="bbox 1911 5565 3507 5641">
     <span class='ocr_line' id='line_1_132' title="bbox 1911 5565 3507 5641; baseline -0.005 -18"><span class='ocrx_word' id='word_1_968' title='bbox 1911 5565 2160 5641; x_wconf 74' lang='lat' dir='ltr'><strong>quartum</strong></span> <span class='ocrx_word' id='word_1_969' title='bbox 2184 5571 2303 5625; x_wconf 82' lang='lat' dir='ltr'><strong>Nini</strong></span> <span class='ocrx_word' id='word_1_970' title='bbox 2329 5565 2553 5633; x_wconf 86' lang='lat' dir='ltr'><strong>annum,</strong></span> <span class='ocrx_word' id='word_1_971' title='bbox 2603 5568 2895 5623; x_wconf 88' lang='lat' dir='ltr'><strong>Ahrahami</strong></span> <span class='ocrx_word' id='word_1_972' title='bbox 2922 5573 3097 5641; x_wconf 77' lang='lat' dir='ltr'><strong>ortum</strong></span> <span class='ocrx_word' id='word_1_973' title='bbox 3125 5565 3389 5619; x_wconf 78' lang='lat' dir='ltr'><strong>Eusebius</strong></span> <span class='ocrx_word' id='word_1_974' title='bbox 3421 5579 3507 5615; x_wconf 86' lang='lat' dir='ltr'><strong>rc-</strong></span> 
     </span>
    </p>
   </div>
   <div class='ocr_carea' id='block_1_133' title="bbox 1914 5637 3506 5714">
    <p class='ocr_par' dir='ltr' id='par_1_133' title="bbox 1914 5637 3506 5714">
     <span class='ocr_line' id='line_1_133' title="bbox 1914 5637 3506 5714; baseline -0.006 -18"><span class='ocrx_word' id='word_1_975' title='bbox 1914 5637 2156 5711; x_wconf 33' lang='lat' dir='ltr'><strong>t’ulisset,</strong></span> <span class='ocrx_word' id='word_1_976' title='bbox 2190 5650 2439 5714; x_wconf 86' lang='lat' dir='ltr'><strong>posteros</strong></span> <span class='ocrx_word' id='word_1_977' title='bbox 2469 5656 2537 5695; x_wconf 74' lang='lat' dir='ltr'><strong>ex</strong></span> <span class='ocrx_word' id='word_1_978' title='bbox 2557 5641 2755 5714; x_wconf 79' lang='lat' dir='ltr'><strong>ordine</strong></span> <span class='ocrx_word' id='word_1_979' title='bbox 2780 5637 3124 5714; x_wconf 78' lang='lat' dir='ltr'><strong>Assyriorum</strong></span> <span class='ocrx_word' id='word_1_980' title='bbox 3164 5648 3506 5714; x_wconf 45' lang='lat' dir='ltr'><strong>re_ges.enu-</strong></span> 
     </span>
    </p>
   </div>
   <div class='ocr_carea' id='block_1_134' title="bbox 1914 5706 3507 5784">
    <p class='ocr_par' dir='ltr' id='par_1_134' title="bbox 1914 5706 3507 5784">
     <span class='ocr_line' id='line_1_134' title="bbox 1914 5706 3507 5784; baseline -0.006 -18"><span class='ocrx_word' id='word_1_981' title='bbox 1914 5706 2324 5784; x_wconf 34' lang='lat' dir='ltr'><strong>tnerans’usque</strong></span> <span class='ocrx_word' id='word_1_982' title='bbox 2350 5712 2415 5768; x_wconf 91' lang='lat' dir='ltr'><strong>ad</strong></span> <span class='ocrx_word' id='word_1_983' title='bbox 2437 5712 2705 5784; x_wconf 10' lang='lat' dir='ltr'><strong>ilSupaletn</strong></span> <span class='ocrx_word' id='word_1_984' title='bbox 2723 5706 2914 5784; x_wconf 78' lang='lat' dir='ltr'><strong>_(cttjus</strong></span> <span class='ocrx_word' id='word_1_985' title='bbox 2962 5706 3115 5784; x_wconf 77' lang='lat' dir='ltr'><strong>regni</strong></span> <span class='ocrx_word' id='word_1_986' title='bbox 3165 5706 3507 5784; x_wconf 77' lang='lat' dir='ltr'><strong>trigesimum</strong></span> 
     </span>
    </p>
   </div>
   <div class='ocr_carea' id='block_1_135' title="bbox 1913 5778 3509 5853">
    <p class='ocr_par' dir='ltr' id='par_1_135' title="bbox 1913 5778 3509 5853">
     <span class='ocr_line' id='line_1_135' title="bbox 1913 5778 3509 5853; baseline -0.007 -16"><span class='ocrx_word' id='word_1_987' title='bbox 1913 5800 2034 5853; x_wconf 85' lang='lat' dir='ltr'><strong>quat</strong></span> <span class='ocrx_word' id='word_1_988' title='bbox 2051 5792 2161 5839; x_wconf 84' lang='lat' dir='ltr'><strong>tum</strong></span> <span class='ocrx_word' id='word_1_989' title='bbox 2190 5778 2392 5838; x_wconf 78' lang='lat' dir='ltr'><strong>annum</strong></span> <span class='ocrx_word' id='word_1_990' title='bbox 2425 5778 2549 5837; x_wconf 78' lang='lat' dir='ltr'><strong>facit</strong></span> <span class='ocrx_word' id='word_1_991' title='bbox 2572 5796 2693 5836; x_wconf 90' lang='lat' dir='ltr'><strong>cum</strong></span> <span class='ocrx_word' id='word_1_992' title='bbox 2717 5778 3025 5853; x_wconf 90' lang='lat' dir='ltr'><strong>Salomonis</strong></span> <span class='ocrx_word' id='word_1_993' title='bbox 3050 5778 3509 5853; x_wconf 57' lang='lat' dir='ltr'><strong>temploeoucuro</strong></span> 
     </span>
    </p>
   </div>
   <div class='ocr_carea' id='block_1_136' title="bbox 1916 5846 3513 5928">
    <p class='ocr_par' dir='ltr' id='par_1_136' title="bbox 1916 5846 3513 5928">
     <span class='ocr_line' id='line_1_136' title="bbox 1916 5846 3513 5928; baseline -0.006 -18"><span class='ocrx_word' id='word_1_994' title='bbox 1916 5846 2058 5928; x_wconf 76' lang='lat' dir='ltr'><strong>rere)</strong></span> <span class='ocrx_word' id='word_1_995' title='bbox 2085 5856 2151 5911; x_wconf 89' lang='lat' dir='ltr'><strong>ad</strong></span> <span class='ocrx_word' id='word_1_996' title='bbox 2180 5856 2571 5913; x_wconf 87' lang='lat' dir='ltr'><strong>llebraicarum</strong></span> <span class='ocrx_word' id='word_1_997' title='bbox 2597 5868 2664 5910; x_wconf 77' lang='lat' dir='ltr'><strong>cx</strong></span> <span class='ocrx_word' id='word_1_998' title='bbox 2694 5852 2923 5909; x_wconf 85' lang='lat' dir='ltr'><strong>adverso</strong></span> <span class='ocrx_word' id='word_1_999' title='bbox 2952 5864 3132 5906; x_wconf 72' lang='lat' dir='ltr'><strong>t&#39;crutn</strong></span> <span class='ocrx_word' id='word_1_1000' title='bbox 3164 5846 3365 5904; x_wconf 85' lang='lat' dir='ltr'><strong>seriem</strong></span> <span class='ocrx_word' id='word_1_1001' title='bbox 3387 5858 3513 5901; x_wconf 80' lang='lat' dir='ltr'><strong>cxc-</strong></span> 
     </span>
    </p>
   </div>
  </div>
