4064 6454
550 299 619 360 63
1796 297 1855 356 S.
1899 285 2173 356 EUSEBII
2210 295 2596 354 lllERONYMl

3777 293 3869 355 64

550 423 607 472 et
628 413 928 482 Caesarum,
952 423 1007 473 et
1031 415 1231 488 quibus
1253 413 1590 484 temporibus
1620 422 1646 451 δ
1675 411 2144 483 historiographos
2169 413 2219 471 Α
2247 410 2620 481 cognoscitur.
2651 408 2784 465 Nam
2816 424 2938 466 cum
2964 409 3198 480 primum
3231 407 3360 466 fecit
3391 408 3534 466 Deus
3563 411 3762 467 rcelum
3791 415 3868 467 et

550 507 720 564 fuisse
771 507 1052 574 dixerunt;
1104 507 1199 564 sed
1250 515 1306 563 et
1361 505 1733 562 successiones
1790 504 2147 576 eorumdem,

552 601 699 673 quod
727 616 822 671 per
851 601 1095 657 ordinem
1127 615 1308 657 rerum
1340 598 1368 638 δ
1396 600 1649 668 superius
1679 597 2011 655 declaratum
2040 606 2147 654 est.

555 692 798 759 Quorum
817 692 1071 747 universa
1088 699 1196 746 tem
1206 705 1356 760 pora,
1371 699 1545 761 gesta,
1565 689 1683 746 sive
1702 689 1843 758 apud
1866 689 2148 755 Hebraeos,

555 782 644 839 vel
671 787 814 854 apud
837 781 1078 850 Graecos,
1112 781 1196 836 vel
1218 781 1361 851 apud
1388 781 1682 848 Romanos,
1713 780 1827 836 sive
1850 779 1993 851 apud
2019 779 2150 834 Bar-

557 874 745 943 baros,
770 883 1104 945 caeterasque
1127 884 1338 946 gentes,
1363 890 1483 945 quae
1504 880 1814 946 gesserunt,
1840 874 1927 929 vel
1950 874 2152 930 consti-

559 975 781 1025 tuerunt
807 983 908 1040 per
935 967 1227 1037 historias,
1261 970 1286 1000 °
1319 970 1371 1024 in
1400 968 1505 1024 hoc
1535 968 1676 1023 libro
1707 968 2024 1038 plenissime
2053 968 2150 1024 de-

558 1070 937 1119 monstrantur
967 1079 982 1116 :
1013 1063 1159 1133 quod
1187 1072 1242 1120 et
1275 1064 1330 1119 in
1353 1063 1495 1118 libro
1523 1061 1628 1118 hoc
1656 1061 1900 1117 historia:
1925 1062 2153 1132 singulae

558 1154 888 1226 conscripta:
935 1153 1249 1225 declarant,
1294 1156 1516 1212 deorum
1567 1155 2011 1226 generationem,
2067 1154 2152 1212 vel

557 1249 893 1318 singulorum
927 1250 1263 1320 progeniem,
1291 1249 1408 1305 sive
1430 1249 1514 1304 his
1541 1249 1879 1319 temporibus
1899 1249 2032 1319 ipsis
2058 1264 2154 1305 an-

556 1342 771 1409 telatis,
802 1358 923 1413 qua:
950 1349 1274 1413 gesserunt,
1311 1351 1368 1397 et
1406 1351 1648 1411 tempora
1677 1342 2114 1412 Olympiacorum
2135 1384 2149 1409 ,

555 1449 628 1490 ex
676 1449 784 1505 quo
837 1434 1044 1504 primus
1085 1448 1226 1505 agon
1281 1432 1559 1505 gymnicus
1603 1432 1966 1499 conStitutus,
2017 1447 2154 1502 quos

559 1526 666 1600 [AL
700 1526 1031 1582 constitutus
1059 1535 1172 1591 est,
1207 1525 1373 1598 quod]
1400 1525 1577 1581 Graeci
1598 1525 1875 1598 Olympias
1909 1526 2027 1595 (sic)
2055 1541 2153 1595 apo

557 1619 784 1688 pellant.
828 1618 896 1671 lit
941 1632 1048 1687 quo
1097 1627 1344 1688 tempore
1385 1618 1649 1672 adventus
1708 1616 1806 1671 luit
1850 1615 2154 1672 Salvatoris

556 1711 731 1766 nostri
760 1711 891 1767 Jssu
936 1711 1187 1778 Cumsri,
1231 1711 1348 1767 sive
1391 1713 1572 1782 passio
1616 1711 1762 1782 ejus;
1802 1711 2074 1780 simulque
2099 1722 2154 1768 et

2252 512 2474 571 terram,
2501 519 2622 560 cum
2645 505 2778 574 ipsis
2805 520 3021 576 quoque
3050 502 3339 560 elementis
3359 545 3374 570 ,
3408 520 3531 575 qua:
3555 505 3608 559 in
3632 504 3717 559 his
3739 503 3871 560 ele-

2252 596 2453 652 mentis
2481 595 2699 651 condita
2723 605 2878 663 sunt,
2911 595 2966 651 id
2991 605 3096 664 est,
3129 609 3297 665 aquas
3327 605 3380 650 et
3406 596 3653 666 spiritus,
3685 596 3866 668 abys-

2252 703 2452 760 sosque
2476 705 2490 754 ;
2515 699 2566 744 et
2599 689 2838 746 tenebris
2869 689 2980 763 [AL
3016 687 3330 760 tenebras],
3371 691 3604 746 necdum
3635 691 3870 746 lumini-

2253 781 2354 838 bus
2386 798 2562 853 neque
2605 783 2880 840 sideribus
2919 784 3262 848 constitutis,
3310 781 3448 840 dixit
3488 785 3629 841 Dens
3662 804 3675 840 :
3726 784 3868 840 Fiat

2252 875 2347 930 lux
2375 891 2393 929 :
2423 887 2470 931 et
2498 880 2637 948 facta
2662 885 2736 931 est
2763 875 2874 931 lux.
2913 876 2977 930 Et
3001 875 3129 931 vidit
3160 877 3304 935 Deus
3336 881 3534 947 lucem,
3569 880 3691 950 quia
3719 880 3864 934 bona

2254 977 2361 1037 est,
2394 979 2444 1024 et
2482 971 2737 1042 separavit
2771 969 2912 1026 Deus
2943 971 3080 1026 inter
3119 971 3288 1028 lucem
3321 983 3368 1028 et
3393 974 3626 1046 tenebras
3651 1019 3665 1043 ,
3690 983 3738 1030 et
3767 991 3869 1029 vo-

2255 1062 2390 1116 cavit
2425 1061 2563 1118 Deus
2595 1063 2764 1118 lucem
2806 1064 2942 1118 diem
2963 1103 2978 1130 ,
3021 1071 3069 1118 et
3100 1065 3332 1120 tenebras
3370 1067 3569 1121 vocarit
3611 1075 3812 1122 noctem
3841 1081 3867 1121 :

2255 1163 2302 1208 et
2331 1159 2526 1226 factum
2564 1166 2640 1210 est
2668 1172 2870 1227 vespere
2900 1167 2947 1211 et
2978 1173 3129 1213 mane
3158 1159 3266 1213 dies
3288 1175 3423 1214 intus
3449 1156 3604 1231 (Gen.
3637 1175 3683 1225 l,
3711 1158 3861 1230 5-5).

2257 1246 2358 1303 [lic
2391 1249 2598 1318 primus
2627 1247 2746 1303 dies
2789 1248 3004 1315 saeculi,
3055 1246 3082 1286 ιι
3115 1265 3224 1305 non
3257 1250 3465 1320 primus
3502 1250 3712 1305 dierum
3740 1265 3871 1304 om-

2257 1340 2430 1396 nium.
2465 1340 2700 1412 Ideoque
2729 1355 2836 1396 non
2865 1342 3098 1412 primus,
3131 1341 3225 1398 sed
3249 1356 3390 1398 unus
3417 1343 3728 1397 nominatus
3749 1350 3864 1398 est.

2256 1432 2509 1490 Secundo
2540 1442 2719 1488 autem
2751 1433 2840 1490 die
2869 1433 3072 1490 factum
3113 1444 3197 1490 est
3226 1434 3631 1490 ﬁrmamentum
3662 1435 3714 1489 in
3745 1450 3871 1490 me—

2259 1525 2349 1580 dio
2378 1541 2640 1597 aquarum
2663 1570 2679 1594 ,
2714 1525 2858 1594 quod
2880 1535 2934 1582 et
2964 1527 3152 1582 divisit
3178 1526 3320 1583 inter
3347 1542 3540 1598 aquam
3565 1534 3621 1582 et
3642 1542 3865 1597 aquam.

2260 1618 2445 1674 Tertio
2489 1625 2670 1674 autem
2714 1618 2804 1674 die
2832 1615 3175 1690 congregata:
3211 1629 3342 1674 sunt
3371 1633 3527 1686 aqum
3551 1664 3565 1688 ,
3591 1633 3710 1689 quae
3738 1626 3874 1673 sunt

2259 1710 2361 1764 sub
2402 1709 2574 1773 cmlo,
2629 1710 2678 1762 in
2726 1711 3203 1782 congregationem
3254 1725 3458 1777 uuam,
3510 1718 3566 1764 et
3615 1708 3877 1781 apparuit

556 1804 778 1858 nomina
821 1803 1207 1874 episc0porum
1237 1803 1603 1859 Ecclesiarum
1638 1820 1868 1859 numero
1899 1815 2154 1876 quatuor,
2187 1797 2235 1857 B
2260 1803 2410 1859 arida
2432 1847 2446 1871 ,
2481 1819 2642 1874 quam
2671 1804 2814 1860 Deus
2847 1803 3062 1858 Terram
3091 1805 3414 1869 nominavit,
3445 1812 3607 1875 atque
3637 1819 3876 1874 congre-

557 1896 662 1952 hoc
693 1905 780 1952 est
801 1942 814 1966 ,
839 1896 1233 1967 Romanorum,
1265 1897 1631 1966 Alexandriae,
1663 1898 2154 1971 .Ierosolymornm,

554 1999 611 2046 et
639 1990 972 2060 Antiochize,
1023 1991 1114 2062 qui
1154 2006 1251 2063 per
1280 1992 1500 2048 easdem
1529 1992 1781 2049 civitates
1825 1995 2158 2063 metropolcs

558 2081 966 2151 provinciarum
1009 2083 1292 2153 episcopi,
1337 2092 1597 2154 quantum
1649 2086 1914 2155 temporis
1962 2085 2156 2162 singuli

556 2174 801 2230 sederint
849 2173 958 2248 [AL
990 2173 1313 2248 sederunt],
1356 2175 1441 2231 vel
1465 2175 1554 2246 qui
1596 2191 1784 2231 eorum
1813 2177 2162 2247 episcopatus

559 2268 642 2324 sui
674 2276 923 2338 tempore
970 2267 1236 2339 manyrio
1265 2277 1560 2322 coronatus
1614 2268 1712 2332 sit,
1754 2269 1870 2323 sive
1913 2275 2160 2340 tempora

558 2360 1031 2430 persecutionum,
1082 2359 1280 2430 quibus
1324 2360 1665 2435 temporibus
1707 2361 1967 2416 Ecclesia:
2001 2361 2160 2418 dissi-

561 2459 702 2520 pata:
757 2451 886 2506 sint.
943 2451 1054 2507 Sed
1106 2460 1165 2507 et
1219 2461 1462 2522 tempora
1512 2467 1700 2524 regum
1757 2453 2155 2523 Macedonum,

561 2544 914 2601 Alexandriae
954 2545 1065 2618 [AL
1097 2545 1446 2618 Alexandri],
1478 2557 1534 2603 et
1562 2555 1730 2618 quoto
1768 2563 1940 2620 agone
1969 2547 2161 2619 Olym-

560 2635 873 2705 piacorum,
917 2636 1001 2691 vel
1044 2637 1240 2706 quibus
1283 2639 1654 2708 temporibus,
1702 2655 1799 2696 seu
1840 2641 2162 2696 consulibus

562 2730 730 2786 ﬁnem
781 2730 1099 2789 Alexander
1139 2732 1335 2788 fecerit
1373 2732 1612 2802 Judzris,
1662 2734 1749 2789 vel
1795 2732 2164 2804 Vespasianus

563 2821 1006 2888 insecutioncm,
1071 2823 1198 2878 sive-
1240 2823 1666 2880 deStruetionem
1725 2823 1914 2895 templi
1972 2838 2163 2880 eorum

564 2915 778 2970 miserit
802 2958 817 2983 ,
850 2924 905 2970 et
936 2915 1139 2970 tributa
1161 2915 1242 2970 eis
1263 2916 1565 2971 constituit.

633 3005 701 3060 ll.
729 3005 1043 3062 Numeratio
1069 3014 1373 3078 temporum
1401 3024 1507 3063 non
1535 3007 1709 3063 solum
1733 3017 1858 3064 ante
1881 3009 2164 3066 hominum

565 3113 758 3170 genus,
777 3097 875 3155 sed
904 3097 1068 3154 etiam
1090 3107 1221 3157 ante
1251 3099 1455 3156 lumina
1483 3101 1600 3172 ipsa
1625 3111 1791 3172 atque
1810 3101 2000 3157 stellas
2020 3118 2161 3170 esse,

2260 1897 2506 1968 gationes
2535 1912 2796 1968 aquarum
2819 1896 3110 1968 appellavit
3136 1895 3342 1962 Malia,
3377 1895 3717 1966 herbamque
3747 1909 3878 1964 pro-

2260 1991 2422 2046 duxit
2450 2001 2591 2046 terra
2611 2032 2626 2057 ,
2657 1999 2715 2046 et
2745 1991 2952 2059 lignum
2978 1989 3321 2046 fructiferum
3347 2004 3473 2044 cum
3502 1988 3714 2045 semine
3741 2002 3873 2043 suo.

2260 2083 2469 2150 Quarto
2499 2083 2665 2152 igitur
2695 2082 2786 2138 die
2808 2080 2951 2137 facta
2983 2092 3109 2138 sunt
3141 2081 3429 2137 luminaria
3455 2082 3566 2137 duo
3594 2080 3650 2136 in
3681 2080 3874 2136 lirma-

2264 2183 2448 2230 mento
2469 2175 2616 2242 cmli,
2639 2183 2696 2229 ut
2715 2174 2932 2230 luceant
2953 2189 3120 2242 super
3144 2185 3342 2230 terram
3367 2173 3433 2229 ad
3459 2173 3876 2229 inchoationem

2262 2268 2372 2324 diei
2401 2278 2456 2326 et
2479 2269 2686 2333 noctis,
2718 2277 2774 2324 et
2806 2275 2865 2323 ut
2889 2266 3136 2324 dividant
3163 2268 3306 2323 inter
3342 2267 3488 2324 diem
3531 2277 3589 2324 et
3629 2276 3872 2335 noctem,

2262 2371 2318 2416 et
2343 2361 2452 2414 sint
2493 2361 2546 2416 in
2579 2359 2730 2430 signa
2756 2402 2770 2427 ,
2803 2367 2858 2414 et
2889 2367 3170 2430 tempora,
3203 2369 3259 2416 et
3285 2359 3433 2425 dies,
3477 2368 3534 2415 et
3562 2356 3767 2428 annos,
3815 2367 3878 2415 et

2265 2454 2374 2509 sint
2401 2455 2454 2510 in
2481 2453 2834 2525 splendorem
2861 2453 3192 2510 ﬁrmamenti
3225 2453 3333 2526 [AL
3363 2455 3417 2510 in
3442 2453 3874 2527 ﬁrmamentum]

2263 2545 2390 2601 εωΙί
2411 2585 2427 2608 ,
2451 2554 2507 2601 et
2535 2546 2752 2601 luceant
2775 2560 2943 2614 super
2968 2554 3193 2601 terram.
3223 2545 3435 2615 Quibus
3465 2547 3538 2602 ita
3569 2546 3829 2618 perfectis
3855 2590 3871 2613 ,

2265 2637 2612 2694 manifestum
2653 2648 2737 2694 est
2791 2637 3091 2694 luminibus
3140 2638 3274 2708 ipsis
3322 2637 3649 2694 antecedere
3689 2639 3873 2695 lucem

2266 2729 2437 2786 tribus
2468 2730 2679 2786 diebus.
2715 2729 2873 2786 Unde
2922 2729 3054 2785 mihi
3082 2729 3336 2786 videntur
3383 2729 3658 2802 Egyptii,
3703 2741 3873 2788 caete-

2266 2839 2451 2894 neque
2478 2833 2672 2894 gentes
2702 2823 2806 2878 hoc
2833 2832 3124 2893 sequentes
3151 2823 3434 2880 decretum
3459 2864 3473 2890 ,
3505 2833 3739 2895 quatuor
3763 2841 3872 2880 an-

2268 2917 2355 2972 nis
2393 2915 2666 2986 impletis,
2700 2916 2843 2971 diem
2879 2917 3150 2986 integrum
3179 2916 3540 2988 superﬂuum,
3568 2933 3728 2988 quem
3756 2918 3868 2993 [AL

2267 3009 2434 3082 quod]
2478 3010 2644 3065 etiam
2691 3008 2966 3064 bissextum
3007 3011 3357 3067 nominavere
3399 3009 3518 3083 [AL
3552 3011 3734 3068 solent
3773 3029 3874 3066 no-

2271 3103 2524 3177 minare].
2568 3103 2705 3160 Nam
2739 3112 2762 3140 ο
2793 3117 2917 3159 cum
2957 3112 3068 3160 tres
3099 3105 3216 3160 dies
3248 3104 3386 3161 istos
3422 3112 3746 3176 computare
3775 3104 3875 3176 qui

2089 3217 2322 3276 NOTAE.

569 3349 673 3406 que
701 3343 964 3406 tempora
1011 3335 1436 3402 continuarunt,
1484 3333 1679 3404 quibus
1718 3333 1822 3387 alia
1863 3332 1967 3388 fuit
1996 3347 2166 3402 appo-
2193 3335 2237 3398 C
2271 3343 2386 3402 tur,
2430 3347 2666 3402 cumque
2714 3333 2841 3388 aliis
2877 3333 3111 3390 invicem
3161 3335 3581 3406 concurrerent)
3625 3343 3874 3405 tempora

569 3405 871 3461 nendorum
921 3408 1207 3462 consulum
1259 3407 1424 3470 ratio,
1477 3420 1639 3474 quam
1693 3420 1999 3473 exponere,
2056 3421 2163 3460 non

568 3475 731 3545 hujus
752 3488 834 3532 est
859 3478 981 3533 loci.
1008 3477 1160 3546 Quod
1195 3486 1380 3531 nostra
1409 3478 1656 3534 interest.
1681 3490 1745 3528 ac
1775 3476 1849 3530 rei
1875 3485 2038 3544 caput
2059 3485 2165 3542 est,

571 3561 744 3618 neque
795 3548 1093 3616 Eusebius,
1145 3563 1322 3618 neque
1371 3547 1740 3617 Hieronymus
1781 3549 2036 3601 consules
2088 3556 2169 3600 at-

571 3617 906 3687 tcxneruut,
963 3635 1099 3689 quos
1157 3617 1291 3673 nulli
1349 3617 1470 3689 lthri
1503 3660 1529 3689 ,ν
1576 3633 1674 3671 seu
1730 3626 1946 3672 veteres
2005 3633 2167 3672 manu

571 3689 810 3754 exarati,
841 3705 936 3745 seu
971 3688 1112 3759 tvpis
1156 3688 1406 3758 impressi
1447 3688 1874 3759 exhihent,aut
1911 3704 2166 3758 umquam

572 3759 960 3826 exhibuerunt,
993 3758 1051 3815 ut
1081 3777 1149 3815 ex
1179 3763 1442 3825 locnrum,
1478 3774 1617 3829 quos
1647 3758 2006 3824 laudavimus,
2038 3775 2171 3813 cou-

573 3839 724 3885 testu
755 3842 1013 3902 apparet:
1046 3832 1281 3886 maxime
1305 3841 1485 3885 autem
1512 3831 1692 3896 hujus,
1720 3830 1809 3884 ubi
1838 3831 2163 3894 dictatorim,

573 3911 629 3955 ct
682 3904 986 3958 consularis
1039 3903 1526 3957 administrationis
1578 3912 1858 3968 tempora,
1917 3917 2023 3955 non
2067 3902 2172 3971 ipsi

573 3971 867 4030 dictatores
895 3983 952 4028 et
987 3975 1242 4029 consules
1273 3973 1598 4042 denotantur
1632 3991 1644 4024 :
1686 3988 2000 4042 merumque
2041 3975 2171 4028 Sea-

568 4041 731 4112 l-geri
761 4047 1037 4100 somnium
1075 4054 1187 4112 est,
1231 4044 1397 4099 fuisse
1437 4041 1560 4098 illos
1597 4058 1627 4096 a
1665 4041 2172 4115 librariis’expunc-

575 4123 680 4167 ωε.

649 4194 674 4222 α
704 4185 1061 4242 Emendatum
1092 4203 1121 4241 a
1147 4187 1428 4256 Scaligero
1448 4194 1532 4240 est
1560 4185 1612 4239 in
1645 4193 1796 4240 recto
1828 4184 2171 4256 historiogra-

576 4255 698 4324 phi,
734 4273 867 4311 mss.
908 4267 1086 4313 tamen
1132 4258 1200 4312 ad
1244 4255 1408 4312 unum
1451 4257 1738 4323 omnibus,
1767 4256 1857 4326 qui
1909 4255 2171 4311 hactenus

575 4328 954 4392 innatuerunt,
983 4329 1504 4384 contradicentibus.
1548 4327 1776 4393 Conjicit
1805 4342 1933 4381 vero
1959 4328 2171 4382 erudite

579 4399 1086 4468 Sclmrzﬂeischius,
1105 4401 1370 4468 scriptum
1401 4400 1606 4468 pridem
1633 4398 1715 4452 vel
1745 4397 1950 4452 Graecis
1975 4397 2172 4454 litteris

579 4473 981 4546 ia‘ropto'ypc'upot,
1002 4475 1082 4527 vel
1104 4487 1150 4528 et
1163 4472 1267 4546 iam
1297 4470 1524 4534 Latinis,
1545 4469 2014 4546 historiographos,
2033 4483 2170 4538 quo-

580 4538 898 4608 mod'oa'pud
921 4544 1169 4596 l’lautum
1198 4543 1350 4598 Paeti.
1369 4549 1474 4595 act.
1501 4550 1554 4593 et
1578 4555 1657 4594 se.
1689 4541 1738 4594 1.
1763 4538 1919 4604 ιιτοε,
1945 4538 2084 4593 leroe
2103 4555 2171 4595 ex

578 4612 952 4693 .(irzceolﬁpot,
973 4614 1115 4689 λῆροι
1138 4623 1414 4693 exuratur,
1447 4613 1676 4679 indeque
1701 4622 1886 4693 postea
1902 4611 2172 4693 lectionis

580 4683 710 4776 illud
734 4681 920 4737 vitium
943 4681 1250 4766 cattanasse.
1282 4684 1340 4738 In
1365 4681 1472 4737 line
1499 4681 1746 4753 prooemii
1772 4685 2018 4752 geminus
2047 4681 2171 4738 huic
2197 4716 2251 4776 Β

581 4757 737 4809 locus
767 4755 1026 4809 occurrit.

649 4824 681 4865 ἲ)
711 4825 856 4880 Nihil
887 4827 1067 4882 simile
1095 4834 1383 4881 tractatum
1411 4825 1647 4894 superius
1673 4832 1756 4877 est
1778 4868 1790 4888 ,
1827 4839 1999 4894 neque
2029 4823 2175 4878 enim

582 4897 726 4953 aliud
757 4912 916 4966 quam
947 4897 1192 4964 praefatio
1221 4898 1492 4961 praecedit.
1519 4895 1650 4950 Jore
1679 4895 1815 4949 adeo
1847 4895 2177 4963 triumphare

582 4972 732 5025 visus
761 4980 847 5024 est
873 4968 1135 5039 Scaliger,
1155 4969 1245 5038 qni
1279 4969 1443 5022 multa
1479 4967 1880 5039 liineqperiisse,
1909 4969 2074 5020 immo
2097 4975 2179 5039 too

584 5048 695 5095 tum
736 5044 846 5095 lere
876 5036 1108 5110 priorem
1149 5036 1342 5094 librum
1383 5037 1676 5092 contendit.
1722 5036 1833 5110 Nos,
1863 5052 1986 5110 cum
2013 5038 2179 5092 certis

583 5120 740 5166 antea
780 5107 1116 5176 argumentis
1142 5110 1540 5166 ostenderimus
1579 5118 1765 5162 contra
1804 5107 2172 5176 Scaligerum,

587 5184 803 5236 unicum
825 5197 946 5236 esse
963 5183 1030 5234 ah
1049 5183 1284 5236 Eusebio
1302 5183 1665 5249 Conscriptum
1680 5178 1931 5234 Cbronici
1953 5179 2173 5243 lihrtun,

587 5269 686 5308 nec
709 5294 723 5317 ,
751 5267 886 5322 quas
912 5253 1002 5306 ille
1031 5260 1210 5322 putat,
1243 5255 1422 5320 partes
1451 5251 1751 5315 excidisse,
1788 5250 1864 5322 ita
1896 5249 2010 5303 haec
2035 5251 2175 5322 acci-

587 5321 797 5392 pimus,
829 5338 894 5378 ac
934 5321 1097 5389 porro
1134 5323 1304 5390 accipi
1346 5322 1551 5376 debere
1572 5321 1952 5376 contendimus
1980 5321 2139 5374 verba
2159 5361 2174 5385 ,

587 5412 650 5450 ac
675 5397 719 5449 si
751 5395 1002 5450 dicerent
1022 5435 1036 5457 ,
1063 5409 1164 5464 quo
1194 5393 1376 5464 ordine
1401 5407 1572 5446 rerum
1605 5393 1847 5464 superius
1866 5400 2048 5464 ,7etc.,
2079 5405 2178 5459 pro

585 5467 726 5536 quod
750 5483 840 5536 per
869 5461 1104 5519 ordinem
1127 5503 1145 5530 ,
1177 5473 1284 5536 etc.
1315 5461 1575 5536 Fortasse
1600 5463 1761 5516 etiam
1792 5462 2176 5536 Latiui‘texlus

587 5533 690 5590 hoc
721 5533 976 5590 mendum
999 5545 1113 5596 est,
1143 5533 1284 5603 quod
1312 5533 1366 5586 in
1399 5548 1654 5600 perquam
1689 5534 1848 5586 simili
1881 5533 2176 5601 scriptione

587 5609 730 5663 facili
778 5607 1035 5662 librarius
1066 5605 1216 5675 lapsu
1264 5605 1615 5673 perpetravit.
1651 5603 1939 5658 Ccrtehoc
1977 5603 2178 5675 dixisse

586 5678 759 5734 voluit
800 5679 1092 5744 Eusebius,
1123 5674 1202 5732 se
1239 5676 1391 5744 juxta
1425 5689 1583 5742 quem
1626 5689 1786 5741 supra
1832 5675 2081 5743 exposuit
2118 5674 2172 5728 in

589 5749 905 5818 pra'fatione
953 5747 1197 5802 ordinem
1239 5745 1573 5818 (utgscilicet
1617 5744 1869 5800 historica
1910 5747 2046 5818 facta
2080 5759 2174 5811 per

585 5816 684 5878 Sua
712 5837 940 5894 quaeque
971 5820 1056 5876 lita
1080 5818 1146 5874 ad
1181 5816 1420 5876 Decades
1445 5816 1878 5874 Abrahamiticas
1905 5816 2174 5873 relcrreu-

2270 3406 2369 3460 ista
2393 3447 2428 3477 ,γ
2459 3420 2722 3474 regesque
2761 3407 3036 3471 gentium,
3067 3415 3120 3460 et
3149 3406 3873 3477 successiones'Begnorum

2273 3478 2351 3531 ire
2381 3476 2689 3545 digestnm‘,
2719 3476 2998 3546 scripserit
3031 3485 3314 3546 propterea
3349 3477 3538 3532 Graice
3558 3518 3572 3542 ,
3615 3476 3749 3534 κάτὰ
3777 3483 3871 3536 τὴν

2270 3555 2368 3604 τῶν
2389 3544 2708 3622 πρᾳγμὰτωγ
2729 3544 3093 3622 ἇνωθξν-τὰξεν,
3117 3544 3206 3602 tibi
3230 3547 3364 3603 illud
3389 3546 3592 3622 ᾆνωβεν.
3613 3549 3873 3622 superius,

2272 3633 2380 3672 non
2409 3617 2474 3670 ad
2499 3617 2924 3701 irpaypézmv._id
2943 3629 3048 3684 est,
3081 3633 3275 3700 rerum,
3310 3619 3404 3674 sed
3437 3619 3504 3672 ad
3535 3617 3701 3701 τάξιλξ,
3733 3619 3878 3701 ordi-

2271 3706 2410 3756 nem,
2439 3689 2630 3742 referri
2648 3689 2974 3758 Oportebat,
2993 3760 2999 3761 ί
3017 3703 3082 3743 ac
3111 3691 3271 3761 verti.
3299 3705 3358 3743 eo
3379 3705 3483 3760 quo
3507 3692 3749 3761 superius
3777 3690 3874 3744 de-

2271 3761 2526 3814 claratum
2554 3769 2649 3830 est,
2681 3775 2854 3812 rerum
2884 3760 3086 3812 ordine.
3115 3760 3317 3815 Recole
3346 3774 3466 3830 quae
3493 3771 3549 3814 et
3574 3760 3680 3815 nos
3705 3776 3875 3826 supra

2271 3832 2339 3886 de
2385 3830 2508 3886 libri
2549 3829 2710 3900 hujus
2739 3830 3112 3900 singularitatc
3134 3874 3147 3898 ,
3190 3829 3704 3903 atque’integritate
3734 3831 3877 3886 dixi-

2274 3917 2415 3957 Inus.

2347 3984 2370 4013 α
2416 3973 2529 4028 Hoc
2575 3973 2692 4042 ipso
2734 3973 2939 4028 scilicet
2981 3989 3125 4039 uno,
3171 3987 3332 4044 quem
3376 3972 3646 4028 Eusebius
3674 3973 3871 4028 eudit:
3931 4010 3941 4016 -

2273 4043 2516 4111 Scaliger
2538 4046 2681 4098 enim
2711 4059 2776 4099 ex
2809 4043 3293 4112 praeconcepta'illa
3317 4045 3597 4112 opinione,
3620 4061 3726 4114 qua
3757 4045 3876 4100 vult

2273 4115 2407 4177 duos
2437 4114 2607 4171 fuisse
2633 4115 2700 4168 ab
2724 4129 2792 4170 eo
2819 4116 3194 4179 elucubratus,
3228 4117 3344 4169 haec
3373 4114 3442 4170 de
3483 4115 3664 4184 priore
3705 4115 3872 4171 Libro

2271 4187 2470 4254 accipit
2494 4226 2508 4247 .
2540 4200 2606 4241 ex
2648 4201 2757 4255 quo
2803 4195 2881 4240 tot
2904 4201 2967 4241 ac
2994 4196 3139 4241 tanta
3163 4185 3434 4241 excidisse
3463 4187 3774 4250 contendit,
3809 4202 3876 4242 ac

2271 4256 2575 4325 supplenda
2615 4269 2778 4323 porro
2818 4257 3054 4318 indicat,
3093 4273 3217 4326 quae
3260 4271 3360 4310 suo
3398 4257 3516 4323 ipse
3564 4257 3734 4312 Marte
3779 4273 3877 4310 ex-

2272 4327 2553 4394 eogitavit.
2579 4326 2696 4397 Mox
2724 4341 2821 4394 pro
2839 4336 2886 4381 et
2910 4329 2963 4380 in
2992 4328 3123 4381 libro
3147 4329 3264 4389 hoc.
3289 4327 3424 4382 falso
3448 4327 3575 4395 legit
3605 4327 3874 4397 Scaliger,

2273 4407 2318 4468 et
2341 4399 2392 4449 in
2416 4397 2548 4468 libro
2575 4395 2627 4450 Η
2633 4397 2796 4466 ggini,
2830 4413 2989 4468 quam
3017 4398 3309 4454 lectionem
3331 4408 3383 4451 et
3407 4398 3674 4452 Pontacus
3705 4395 3877 4466 repu-

2273 4467 2458 4540 diavit.
2491 4467 2653 4522 Multa
2682 4467 2860 4523 autem
2893 4471 2987 4525 ille
3014 4484 3083 4524 ex
3109 4469 3306 4540 Hygini
3351 4469 3626 4540 mentione
3650 4484 3870 4540 rursum

2274 4538 2327 4592 in
2375 4555 2488 4594 rem
2533 4553 2683 4593 suam
2727 4541 3004 4609 congerit,
3034 4551 3094 4595 ut
3133 4537 3330 4610 probet
3367 4539 3684 4610 Hieronymi
3731 4537 3877 4610 hanc

2276 4610 2562 4679 Epitomen
2594 4624 2716 4664 esse
2742 4625 2955 4674 eorum,
2979 4626 3100 4680 qua}
3128 4609 3303 4681 primo
3329 4611 3446 4681 loco
3473 4609 3736 4681 tractabat
3770 4609 3880 4663 Eu-

2277 4683 2458 4734 sebius
2476 4723 2492 4746 ,
2518 4681 2614 4735 sed
2643 4681 2782 4734 hanc
2801 4681 2976 4752 ipsam
2999 4679 3292 4752 Epitomen
3324 4679 3392 4734 ab
3419 4679 3609 4734 otiosis
3637 4679 3879 4735 homini~

2279 4751 2382 4805 bus
2413 4763 2728 4806 temeratam
2759 4750 2958 4817 fuisse,
2991 4750 3100 4808 etc.

2351 4820 2378 4859 ἀ
2413 4823 2562 4878 lianc
2606 4823 2744 4876 adeo
2796 4822 3085 4878 Africanus
3131 4820 3272 4890 apud
3328 4819 3644 4890 Syncellum
3691 4827 3875 4890 νοητήν

2281 4896 2484 4970 ἡμέραν
2503 4894 2768 4970 appellari
2805 4893 3043 4961 pOSIqut
3072 4937 3086 4961 ,
3121 4888 3206 4970 διᾶ
3231 4893 3289 4950 τὸ
3317 4888 3705 4970 adiumentaer
3746 4888 3878 4970 sinant

2279 4961 2418 5040 τέωξᾼ
2436 4967 2493 5020 τὸ
2518 4965 2900 5040 πρωτὸξετιστογ
2938 4973 3041 5040 φῶς
3076 4969 3160 5020 καὶ
3196 4961 3515 5040 κεχυμένριὶη
3543 4961 3681 5028 quod
3726 4963 3878 5040 nulla

2282 5037 2509 5103 partium
2534 5034 2816 5088 secretione
2845 5034 3140 5090 distinctum
3165 5034 3466 5104 apparuerit
3494 5036 3758 5104 hucusque
3788 5034 3879 5087 lu—

2280 5122 2392 5178 men
2415 5105 2548 5178 illud
2574 5106 2936 5178 primigenium
2954 5103 3288 5176 undequaque
3306 5118 3612 5174 expansum.
3637 5103 3694 5158 In
3711 5119 3874 5174 quem

2281 5177 2457 5230 locum
2493 5176 2692 5229 videsis
2722 5176 2982 5232 Gnarum.

2353 5256 2377 5284 ε
2405 5246 2597 5316 Captat
2624 5249 2844 5317 quidem
2886 5246 3150 5300 Eusebius
3192 5259 3260 5299 ex
3305 5243 3683 5317 {Egyptiorum
3726 5259 3873 5303 anno

2280 5315 2584 5386 elegantem
2614 5315 2791 5386 potius
2817 5357 2832 5381 ,
2881 5331 3039 5380 quam
3078 5330 3265 5370 veram
3305 5315 3611 5386 Scriptura:
3655 5318 3877 5386 exposi-

2279 5385 2672 5451 tioncm,dum
2716 5396 2825 5442 tres
2855 5387 3004 5450 dies,
3055 5388 3143 5456 qui
3189 5385 3470 5440 luminaria
3502 5387 3688 5442 mundi
3731 5385 3878 5451 prte-

2280 5468 2594 5521 cesserunt,
2624 5457 2796 5512 tribus
2825 5456 2968 5526 apud
2996 5472 3092 5512 eos
3131 5458 3254 5511 armi
3298 5457 3542 5524 partibus
3567 5467 3874 5526 comparat.

2281 5529 2545 5599 Loquitur
2573 5543 2788 5599 veroex
2819 5542 3008 5582 eorum
3050 5527 3232 5597 prisco
3263 5543 3463 5594 sensu,
3504 5543 3626 5582 cum
3667 5544 3874 5585 annum

2281 5597 2568 5655 duodecim
2616 5597 2833 5666 quidem
2883 5599 3180 5658 mensium.
3229 5613 3444 5652 menses
3476 5613 3604 5654 vero
3655 5600 3878 5668 triginta

2281 5671 2562 5724 dumtaxat
2615 5669 2827 5724 dierum
2887 5669 3114 5738 periodo
3167 5670 3529 5740 clauderent,
3583 5679 3876 5740 antequam

2281 5741 2621 5814 ἐπαγόμεναι,
2663 5755 2757 5794 seu
2802 5741 3044 5814 quinque
3083 5739 3315 5814 illidies
3355 5749 3630 5814 postremo
3668 5739 3878 5814 mensis

2282 5811 2400 5869 sive
2428 5811 2457 5868 εἰ
2486 5811 2682 5869 Pisone
2707 5825 2858 5883 rege,
2887 5822 2946 5868 ut
2968 5812 3326 5881 Censorinus,
3359 5811 3474 5868 sive
3503 5811 3570 5866 ab
3601 5812 3792 5881 Aseth,
3822 5837 3879 5885 ιη
