4064 6446
228 321 295 380 65
1044 324 1612 389 INTERPRETATIO
1650 328 2025 392 CllRONlCAE
2068 331 2337 394 EUSEBII
2381 338 2731 398 PAMPlllLl.
3462 294 3534 413 ⁴66

225 438 353 505 sint,
382 447 553 511 atque
586 440 894 514 recogitare
931 443 1301 514 voluerimus,
1336 448 1499 504 unius
1535 450 1659 504 anni
1703 465 1833 506 cen-
1860 456 1914 515 Α
1940 462 2115 520 terrai,
2148 462 2196 508 et
2244 456 2471 510 omnium
2522 459 2809 531 reptilium,
2851 475 2967 531 qua:
2996 470 3115 517 sunt
3141 478 3295 536 super
3324 474 3534 525 terram.

227 533 473 589 tesimam
496 536 933 609 vigesimamquc
964 550 1172 610 partem
1201 541 1360 597 istam
1390 557 1513 599 esse
1544 547 1831 615 cognosci-

223 643 333 685 mus
363 626 479 701 [ΑΙ.
514 631 964 705 cognoscemus].
998 632 1309 690 Centesima
1361 646 1543 692 autem
1594 650 1645 694 et
1683 641 1832 710 vige-

220 725 340 779 sima
385 723 508 778 dies
542 726 783 781 invicem
824 734 1169 797 computata,
1205 730 1305 784 ista
1355 732 1509 786 tertia
1552 748 1677 803 pars
1707 749 1827 790 esse

222 815 334 869 anui
385 813 764 885 dignoscitur.
806 818 987 873 Tertia
1027 834 1160 890 ergo
1209 820 1389 875 addita
1440 831 1594 893 parte
1646 826 1825 879 annali

218 909 312 983 {AL
340 909 601 983 annuali]
647 911 1036 981 quadriennio,
1083 914 1201 968 dies
1241 916 1455 985 integer
1498 919 1823 988 completur,

216 1015 358 1073 atque
380 1002 455 1057 ad
490 1006 738 1074 partium
786 1016 965 1077 partes
988 1046 1003 1073 ,
1030 1022 1249 1063 menses
1279 1019 1442 1080 atque
1465 1012 1591 1066 anni
1623 1028 1822 1083 sopor-

214 1096 291 1149 llui
316 1106 746 1166 computantur,
779 1114 916 1169 quos
952 1098 1167 1154 Hebraei
1217 1100 1437 1169 quidem
1488 1105 1823 1161 embolismos

212 1204 399 1244 vocare
430 1189 659 1257 solent,
696 1189 934 1263 .Egyptii
989 1202 1174 1249 autem
1222 1194 1563 1251 exultationes
1593 1199 1822 1256 siderum

216 1294 358 1354 atque
387 1284 717 1338 stabilitates
748 1286 1026 1357 appellant
1053 1306 1064 1340 :
1097 1288 1261 1343 immo
1294 1288 1574 1345 bissextum
1622 1293 1691 1348 ob
1732 1309 1822 1349 re-

212 1380 669 1435 memorationem
705 1379 840 1435 lucis
868 1390 1030 1451 atque
1057 1381 1267 1436 dierum
1302 1392 1354 1436 et
1385 1384 1623 1439 noctium
1649 1427 1663 1452 ,
1698 1402 1819 1456 qurc

211 1472 498 1528 luminibus
532 1473 779 1529 triduum
820 1484 1272 1545 antecesserunt,
1317 1477 1648 1545 celebratur,
1692 1479 1818 1537 ideo

209 1565 335 1637 quod
366 1575 487 1622 tres
516 1567 643 1623 dies
664 1570 786 1625 sine
818 1578 1038 1624 auctore
1066 1570 1185 1625 sole
1210 1581 1618 1640 processerunt.

266 1660 347 1714 lll.
394 1661 513 1716 Nos
560 1661 734 1733 igitur
763 1671 1010 1735 tempora
1055 1666 1496 1734 conscribimus,
1547 1683 1655 1723 non
1686 1685 1807 1739 qua:

205 1764 320 1809 sunt
363 1757 572 1811 smculi
608 1757 822 1825 mundi,
872 1775 1049 1829 neque
1082 1758 1354 1815 luminum
1403 1770 1501 1815 aut
1544 1762 1810 1831 siderum,

1937 544 2004 599 Et
2032 548 2152 617 fecit
2183 545 2326 601 Deus
2358 549 2637 615 hominem,
2663 551 2950 607 secundum
2979 556 3255 627 imaginem
3286 556 3386 613 Dei
3416 560 3537 629 fecit

1933 653 2049 691 eum
2073 654 2090 688 :
2114 640 2405 693 masculum
2435 650 2483 694 et
2509 641 2756 711 feminam
2786 645 2906 714 fecit
2932 662 3042 712 eos,
3073 658 3122 701 et
3152 646 3413 703 benedixit
3451 669 3535 707 eos

1934 726 2048 800 [AL
2083 731 2231 784 addit
2258 729 2448 803 Deus],
2492 734 2672 789 dicens
2692 751 2711 789 :
2736 736 2979 804 Crescite,
3005 750 3055 793 et
3084 739 3534 814 multiplicamini,

1929 831 1976 876 et
2005 823 2198 894 replete
2227 834 2435 891 terram,
2478 836 2527 881 et
2550 828 2900 885 dominamini
2927 836 3065 904 ejus,
3096 844 3142 889 et
3174 836 3357 891 habete
3383 848 3535 909 pote-

1931 924 2115 970 statem
2163 920 2385 988 piscium
2424 922 2607 989 maris,
2639 934 2688 977 et
2716 926 3008 981 volatilium
3034 928 3147 983 ταῖιὲ
3168 970 3183 994 ,
3232 942 3279 985 et
3307 936 3535 988 omnium

1926 1010 2227 1080 reptilium,
2278 1029 2393 1083 qua:
2439 1024 2559 1069 sunt
2604 1033 2765 1087 super
2816 1028 3007 1073 terram
3053 1020 3252 1094 (lbid.,
3298 1024 3528 1097 20-28).

1925 1102 2213 1170 Quomodo
2242 1115 2420 1161 autem
2439 1108 2577 1163 Deus
2608 1110 2989 1179 eum,etunde
3006 1114 3197 1172 fecerit
3217 1118 3325 1188 |AI.
3352 1119 3525 1192 fecit],

1924 1204 2049 1265 post
2071 1197 2176 1252 alia
2208 1198 2340 1255 dicit
2364 1218 2375 1253 :
2400 1200 2469 1254 Et
2497 1203 2648 1270 ﬁnxit
2674 1203 2933 1260 hominem
2947 1206 3091 1263 Deus
3119 1209 3182 1264 de
3210 1212 3331 1266 linto
3355 1222 3524 1281 terrae,

1923 1300 1970 1343 et
1995 1290 2225 1360 sui/lavit
2250 1290 2357 1363 [AL
2375 1293 2685 1366 insufﬂauit]
2699 1297 2751 1349 in
2780 1297 2965 1365 {aciem
2992 1304 3105 1373 ejus
3133 1302 3368 1370 spiritum
3389 1306 3526 1375 vitat,

1922 1388 1969 1433 et
1989 1385 2159 1450 [actus
2181 1390 2255 1435 est
2277 1384 2429 1437 homo
2452 1385 2505 1438 in
2528 1387 2757 1440 animum
2776 1389 3019 1445 virentem
3035 1390 3140 1463 [AL
3162 1394 3347 1465 vivam]
3368 1394 3524 1467 (Cen.

1919 1486 1981 1536 tt,
2014 1472 2090 1541 7).
2125 1474 2189 1527 Et
2221 1474 2417 1530 iterum
2452 1486 2575 1547 post
2604 1479 2745 1535 alia:
2774 1480 2837 1534 Et
2860 1483 2990 1537 dixit
3033 1484 3287 1542 Dominus
3324 1486 3469 1544 Deus
3500 1508 3521 1546 :

1925 1563 2051 1617 Non
2076 1576 2149 1619 est
2173 1566 2363 1621 bonum
2383 1570 2638 1625 hominem
2662 1573 2854 1642 solum,
2871 1577 3126 1646 faciamus
3147 1580 3196 1632 ei
3210 1581 3529 1653 adjutoriunt

1918 1655 2206 1711 secundum
2246 1675 2363 1712 cum
2395 1660 2587 1731 (Ιὺὶά.,
2623 1662 2735 1736 18).
2768 1664 2837 1719 Ει
2871 1676 2994 1735 post
3023 1669 3125 1723 alia
3156 1686 3169 1726 :
3196 1672 3324 1727 Atla:
3348 1684 3525 1729 autem

1918 1765 2021 1802 non
2054 1760 2131 1803 est
2156 1752 2399 1807 inrentus
2432 1758 2648 1828 adjutor
2685 1760 2872 1813 similis
2904 1760 2986 1815 illi
3010 1778 3029 1816 :
3055 1761 3122 1816 Et
3152 1765 3523 1823 immisitDeus

204 1866 364 1917 neque
419 1851 738 1919 (manum,
790 1863 885 1907 θυι
933 1854 1202 1924 lignorum
1225 1895 1240 1921 ’
1292 1864 1385 1908 θυι
1416 1855 1680 1925 piscium,
1710 1859 1807 1912 sed
1841 1860 1888 1918 Β
1916 1858 2155 1913 separent
2184 1846 2238 1899 in
2270 1847 2459 1911 Adam,
2486 1861 2534 1903 et
2556 1850 2957 1907 obdormivit:et
2979 1858 3326 1927 apprehendit
3354 1876 3517 1915 unam

201 1943 625 2012 generationem
683 1945 989 2011 hominum,
1035 1945 1187 2014 cujus
1224 1947 1433 2015 primus
1482 1948 1581 2001 fuit
1611 1949 1807 2016 Adam,

200 2037 368 2091 factus
415 2046 593 2092 sexto
622 2036 733 2093 die.
768 2037 970 2105 Quinto
996 2047 1178 2093 autem
1210 2038 1298 2093 die
1339 2038 1473 2093 dixit
1503 2039 1801 2095 Dominus:

198 2130 433 2185 Educant
480 2149 645 2203 aqua:
694 2133 908 2201 reptilia
951 2134 1246 2186 animarum
1276 2133 1536 2199 vivarum,
1586 2143 1632 2188 et
1662 2133 1807 2187 cola-

194 2225 299 2279 tilia
331 2236 357 2262 ι
387 2226 535 2281 ccli.
570 2224 642 2279 Et
677 2230 873 2297 factum
897 2236 972 2281 est
1014 2226 1109 2281 sic.
1141 2225 1209 2279 Et
1240 2227 1363 2298 fecit
1392 2226 1539 2281 Deus
1586 2227 1803 2294 lie/luas,

194 2326 234 2369 et
276 2326 448 2382 cetos,
501 2328 556 2371 et
604 2334 813 2371 onmem
859 2318 1088 2371 animant
1136 2318 1296 2371 vivant
1347 2328 1803 2390 reprntentpquas

190 2410 477 2463 eduxerunt
525 2425 684 2481 aqua:
723 2410 1008 2463 secundum
1055 2427 1207 2463 suum
1258 2428 1454 2481 genus,
1506 2422 1553 2465 et
1600 2428 1802 2466 omnent

190 2500 449 2554 solutilem
492 2501 788 2555 sectmdum
832 2519 993 2571 genus
1038 2518 1213 2555 suunt.
1246 2500 1312 2554 Et
1354 2501 1481 2555 vidit
1514 2502 1654 2557 Deus
1680 2508 1802 2573 quia

190 2594 477 2663 bonasuat,
514 2606 567 2649 et
606 2596 872 2650 benedixit
901 2613 960 2649 ea
991 2594 1153 2663 Deus,
1186 2606 1234 2650 et
1266 2596 1396 2650 dixit
1424 2612 1441 2649 :
1473 2595 1723 2662 Crescite,
1753 2608 1801 2651 et

190 2691 645 2760 multiplicamini,
679 2701 725 2744 et
772 2689 965 2761 replete
1013 2707 1208 2758 aquas,
1241 2706 1358 2762 qua:
1388 2698 1507 2745 sunt
1539 2691 1591 2745 in
1641 2692 1799 2755 mari,

188 2795 227 2836 et
266 2784 520 2838 colatilia
573 2784 993 2854 multiplicemur
1032 2802 1192 2855 super
1234 2794 1450 2841 terram.
1485 2785 1554 2838 Et
1602 2788 1799 2856 factum

186 2887 248 2930 est
274 2894 492 2948 respere
524 2889 574 2932 et
606 2894 757 2931 mane
778 2878 886 2933 dies
911 2878 1141 2947 quintus.
1169 2878 1329 2934 Sexto
1356 2887 1530 2932 autem
1561 2879 1643 2932 die
1666 2881 1797 2932 dixit

185 2965 443 3024 Dominus
488 2987 510 3024 :
554 2968 768 3024 Educat
826 2980 965 3025 terra
1013 2972 1241 3025 animant
1296 2973 1461 3025 rivum
1515 2973 1796 3026 secundant

185 3079 337 3133 genus
389 3080 591 3128 situm,
650 3064 1011 3135 quadrupedia
1055 3073 1104 3117 et
1158 3062 1366 3136 rapti/ia
1410 3064 1595 3117 bestias
1646 3073 1796 3117 terra:

185 3154 472 3207 secundum
506 3172 662 3207 suum
692 3172 877 3227 genus.
909 3153 978 3207 Et
1017 3156 1145 3209 vidit
1180 3155 1313 3209 Deus
1342 3156 1462 3226 quia
1490 3157 1625 3209 bona
1653 3165 1790 3224 sunt,

185 3255 228 3298 et
258 3246 396 3299 dixit
438 3263 458 3299 :

186 3341 419 3393 tudinem
447 3352 706 3408 nostram,
736 3351 781 3397 et
805 3342 990 3397 habeat
1023 3352 1329 3413 potestatem
1360 3344 1579 3415 piscium
1607 3344 1789 3409 maris,

186 3440 229 3483 et
260 3432 563 3487 rolatilium
598 3434 734 3504 caeli,
766 3445 815 3489 et
856 3436 1087 3489 omnium
1109 3438 1493 3507 jumentorum,
1543 3447 1590 3493 et
1633 3439 1791 3492 totius

1914 1944 2111 1988 costam
2140 1937 2204 1990 de
2226 1938 2383 1993 latere
2410 1943 2549 2011 ejus,
2585 1952 2632 1996 ct
2661 1947 2875 2015 replevit
2903 1945 3073 2001 locum
3104 1966 3261 2005 carne
3282 1955 3414 2024 ejus.
3447 1952 3520 2008 Et

1910 2030 2189 2099 a’di/icavit
2232 2032 2488 2090 Dominus
2530 2035 2640 2110 [AL
2690 2040 2841 2095 addit
2869 2037 3039 2115 Deus]
3090 2053 3307 2112 costam,
3355 2062 3514 2117 quant

1909 2125 2132 2192 sumpsit
2180 2126 2242 2178 ab
2274 2127 2443 2181 Adam
2497 2131 2550 2183 in
2595 2132 2883 2201 mulierem,
2937 2144 2984 2187 et
3031 2136 3254 2190 adduxit
3294 2155 3408 2191 eam
3446 2140 3515 2193 atl

1907 2215 2076 2268 Adam
2106 2218 2275 2273 videre
2314 2221 2443 2289 quid
2484 2238 2596 2275 eam
2635 2235 2861 2281 vocaret.
2893 2225 2962 2280 Et
2988 2227 3119 2281 dixit
3157 2230 3367 2284 Adam:
3394 2229 3511 2285 Iloc

1906 2322 2043 2360 nunc
2074 2325 2128 2361 ος
2156 2326 2219 2363 ex
2262 2311 2463 2365 ossibus
2510 2315 2665 2381 meis,
2694 2327 2742 2368 et
2772 2333 2897 2370 caro
2924 2320 2988 2372 de
3013 2335 3168 2374 carne
3213 2338 3342 2376 mea.
3378 2322 3512 2379 Ha’c

1905 2399 2169 2453 vocabitur
2195 2400 2388 2474 Virago
2417 2402 2525 2475 [AL
2545 2406 2780 2478 mulier],
2810 2409 2934 2478 quia
2960 2409 3023 2463 de
3046 2413 3153 2465 viro
3183 2430 3279 2467 suo
3301 2427 3509 2484 sumpta

1906 2488 2017 2562 [AL
2052 2494 2282 2566 accepta]
2313 2506 2385 2548 est
2413 2496 2603 2569 (lbid.,
2622 2498 2835 2570 εο-ρδ).
2873 2500 2949 2555 Et
2978 2503 3064 2556 his
3089 2503 3302 2560 duobus
3327 2509 3509 2565 omnis

1906 2588 2186 2644 hominum
2229 2593 2519 2648 multitudo
2556 2606 2843 2664 procreata
2885 2607 2988 2653 est.
3022 2598 3179 2656 Unde
3205 2604 3369 2658 etiam
3403 2619 3504 2660 nos

1903 2682 2401 2740 dinumerationem
2437 2696 2746 2756 temporum
2777 2688 3041 2747 facientes
3078 2692 3389 2763 incipimus.

1972 2777 2059 2830 IV.
2102 2776 2297 2833 Adam.
2334 2778 2467 2833 Eva.
2497 2781 2666 2835 Adam
2693 2792 2873 2838 autem
2903 2786 3121 2840 vocavit
3150 2801 3351 2843 nomen
3382 2804 3500 2844 mu-

1900 2867 2056 2923 lieris
2101 2882 2213 2923 sua:
2261 2870 2393 2936 Eva,
2442 2872 2587 2942 quod
2637 2873 3033 2945 interpretatur
3069 2878 3193 2946 vita,
3226 2883 3350 2951 quia
3382 2882 3499 2953 ipsa

1898 2970 1983 3017 est
2030 2972 2204 3017 mater
2254 2963 2573 3018 viventium.
2609 2965 2781 3020 Adam
2832 2978 3013 3023 autem
3045 2971 3301 3041 cognovit
3329 2973 3496 3029 Evam

1897 3072 2125 3112 uxorem
2154 3073 2329 3123 suam,
2366 3068 2419 3112 et
2448 3059 2768 3130 concipiens
2801 3063 3010 3132 peperit
3038 3063 3188 3132 Cain,
3222 3074 3276 3120 et
3312 3066 3495 3125 dixit:

1897 3151 2179 3221 Acquisivi
2228 3150 2506 3206 hominem
2559 3168 2657 3222 per
2687 3152 2886 3223 Deum,
2941 3163 2995 3210 et
3025 3156 3226 3226 adjecit
3266 3156 3493 3216 fratrem

509 3246 792 3301 Faciamus
832 3247 1095 3303 hominem
1124 3250 1192 3302 ad
1221 3249 1499 3320 imaginem
1529 3258 1573 3303 et
1604 3249 1795 3303 simili-
1824 3234 1869 3295 C
1902 3244 2049 3299 illius
2082 3260 2275 3313 parere
2305 3245 2463 3300 Abel.
2491 3246 2557 3299 Et
2586 3244 2759 3301 factus
2789 3256 2874 3302 est
2903 3247 3037 3303 Abel
3072 3258 3257 3320 pastor
3282 3252 3490 3320 ovium,

1898 3335 2031 3393 Cain
2081 3352 2212 3393 vero
2262 3338 2501 3408 agricola
2553 3338 2662 3409 [AL
2710 3355 2948 3409 operans
2996 3341 3243 3414 terram].
3272 3343 3496 3415 blgitur

1899 3449 2022 3487 cum
2052 3442 2287 3502 uterque
2316 3432 2384 3488 de
2411 3447 2635 3488 suorum
2669 3432 2916 3490 laborum
2948 3434 3215 3493 fructibus
3246 3437 3494 3496 immola-

1720 3596 1953 3654 ΝΟΤᾸΞ.

187 3710 483 3777 Eusebius,
520 3728 617 3767 seu
648 3712 885 3782 denique
914 3730 941 3768 a
974 3712 1257 3779 Josue,'ut
1287 3713 1646 3779 Marshamus,
1690 3730 1793 3783 puo

188 3793 322 3851 tant,
353 3785 742 3851 adjicerentur.
774 3784 926 3839 Tunc
951 3800 1145 3852 nempe
1173 3788 1329 3841 tertia
1358 3802 1479 3854 pars
1511 3790 1639 3839 anni
1665 3800 1794 3840 cen-

189 3864 297 3908 tum
328 3858 522 3925 viginti
571 3857 764 3910 diebus
808 3858 1130 3921 constabat;
1174 3867 1375 3911 etcum
1405 3857 1614 3911 duabus
1643 3857 1794 3910 horis

189 3942 632 3997 unamquamque
671 3940 877 3997 partem
918 3928 1599 3997 abundareintelligerent,
1634 3929 1682 3981 id
1711 3938 1791 3981 est

188 4013 277 4050 sex
319 3998 473 4051 boris
507 4013 950 4068 unumquemque
973 4015 1206 4067 annum,
1243 4001 1468 4066 singulis
1496 4000 1794 4067 quadrien-

189 4071 291 4123 niis
322 4070 469 4123 diem
506 4071 778 4135 integrum
812 4071 1197 4125 intercalarem
1248 4069 1500 4123 horarum
1527 4068 1599 4121 24
1626 4071 1791 4123 adde—

189 4142 337 4191 baut.
375 4144 552 4210 Atque
580 4142 681 4195 hoc
710 4151 839 4209 puto
868 4156 1010 4204 esse,
1035 4142 1175 4210 quod
1207 4143 1280 4193 ait
1306 4141 1591 4199 Eusebius.
1617 4140 1794 4194 Tertia

187 4213 370 4263 addita
403 4222 555 4281 parte
595 4211 776 4265 annali
799 4214 1156 4281 quadriennio,
1195 4212 1305 4264 die;
1344 4213 1537 4282 integer
1566 4215 1794 4281 comple-

187 4293 287 4336 tur.
324 4285 581 4353 Superbe
624 4292 805 4336 autem
851 4284 1010 4337 nimis
1038 4282 1299 4348 Scaliger,
1326 4286 1419 4351 qui
1466 4298 1563 4336 nec
1602 4300 1789 4336 verum

187 4370 409 4407 sensum
465 4356 684 4407 videtur
722 4364 1045 4416 assecutus,
1108 4354 1334 4407 ridicula
1383 4356 1497 4407 hac
1547 4368 1696 4407 vocat
1740 4364 1793 4407 et

187 4428 316 4477 lafsa
340 4468 356 4490 ,
388 4434 453 4478 ut
494 4440 603 4478 non
634 4424 796 4479 modo
825 4425 1095 4492 explicare
1134 4440 1256 4479 etim
1291 4426 1570 4489 pttduerit,
1603 4426 1696 4479 sed
1739 4434 1793 4479 et

190 4507 382 4563 putare
403 4512 467 4550 se
493 4498 691 4551 dixerit
708 4496 969 4557 insanire,
991 4498 1034 4548 si
1058 4496 1335 4549 refutaret.
1353 4495 1517 4563 Negat
1545 4508 1793 4565 propter-

188 4584 249 4619 ea
276 4568 349 4621 ab
374 4569 635 4633 Eusebio,
669 4578 759 4620 aut
792 4568 1121 4637 llieronymo
1152 4566 1394 4636 profecta
1432 4582 1574 4629 esse,
1606 4569 1699 4621 sed
1723 4568 1793 4621 ab

189 4655 252 4691 eo
284 4656 452 4708 qttctn
487 4639 590 4692 sibi
619 4637 791 4706 tinxit,
819 4639 983 4708 impio
1008 4639 1229 4706 hujusce
1252 4640 1433 4705 Operis
1456 4637 1789 4692 mutilatorc.

188 4709 280 4763 N1-
312 4725 450 4780 cgo,
495 4711 541 4763 si
584 4711 881 4764 etiamnum
924 4708 1083 4763 velim
1137 4710 1253 4778 ejus
1278 4711 1603 4763 commentis
1636 4726 1791 4779 repo-

186 4797 322 4836 ncrc
339 4824 355 4843 ,
387 4791 608 4850 tempus
640 4789 836 4834 teram.

254 4863 281 4887 ⁸
336 4854 499 4920 Apud
529 4850 892 4921 Scaligernm,
941 4862 991 4906 et
1022 4850 1253 4905 volatilia
1294 4850 1459 4905 athra:
1487 4861 1593 4905 tuin
1635 4852 1789 4917 cmli;

185 4926 447 4992 princeps
491 4924 684 4988 editio,
732 4922 968 4976 volatilia
1007 4934 1055 4976 et
1104 4940 1275 4976 rerum
1323 4923 1476 4976 ctuti:
1509 4924 1598 4975 alii
1642 4923 1787 4987 libri,

182 5011 327 5065 quos
371 4995 650 5049 Pontacus
700 4994 906 5060 laudat,
958 4993 1191 5047 volatilia
1238 5003 1293 5047 et
1335 4996 1506 5047 retnni
1555 4995 1685 5047 (teli.
1733 4994 1786 5047 ln

180 5072 378 5121 (ἐι-,ηρ
407 5076 495 5121 est
529 5067 743 5121 πετεινά
776 5067 1030 5136 πετόμενα
1060 5066 1142 5120 ἐπὶ
1178 5074 1396 5139 τῆς-γῆς·
1424 5068 1554 5139 natcm
1582 5068 1641 5120 τὸ
1670 5086 1789 5121 στε-

180 5142 361 5214 ρέωμα
392 5139 754 5214 τοῦρρρᾳνοῦ.
786 5146 863 5214 Ac
900 5144 1128 5214 l'orIaSse
1160 5152 1225 5190 ex
1257 5136 1445 5190 Grurco
1475 5136 1593 5214 ipsi»
1623 5140 1787 5190 verbo

180 5206 469 5279 meum,
500 5206 638 5262 illud
679 5210 848 5261 retuni
894 5208 978 5279 rei
1025 5220 1068 5260 et
1118 5224 1327 5274 rerum,
1376 5217 1431 5262 et
1460 5206 1624 5260 athra:
1656 5218 1777 5261 tum.

180 5278 540 5334 librariorum
580 5281 848 5347 imperitia
880 5278 1078 5333 factum
1111 5288 1216 5332 est.

252 5351 279 5388 δ
309 5351 579 5422 Scaligeri
603 5350 772 5422 editio
803 5365 942 5413 non,
976 5360 1033 5404 ut
1064 5350 1345 5419 superius,
1380 5357 1676 5422 uno_a_tque
1707 5348 1787 5403 al-

179 5431 302 5476 tero
331 5419 527 5489 verbo,
579 5419 675 5475 sed
710 5437 806 5491 per
854 5430 1019 5475 totam
1074 5422 1448 5490 insequentem
1502 5419 1783 5473 historiam

177 5495 608 5560 generationnm
641 5492 859 5555 Adami,
889 5492 1065 5556 Setbi,
1096 5493 1275 5559 Caini,
1310 5503 1363 5546 ct
1390 5491 1525 5552 Noe,
1558 5506 1619 5545 ac
1653 5506 1785 5559 par-

179 5575 288 5617 tem
323 5566 514 5619 diluvii
560 5579 733 5630 usque
781 5564 845 5615 atl
879 5578 1001 5618 eum
1036 5564 1234 5630 locum,
1270 5562 1358 5617 ubi
1390 5564 1611 5628 dicitur,
1645 5562 1787 5630 quod

178 5637 492 5689 recordatus
527 5645 604 5689 est
637 5633 778 5688 Deus
807 5634 943 5703 Νομ,
973 5644 1018 5687 et
1052 5635 1277 5687 omnium
1309 5634 1643 5697 animalium,
1675 5648 1792 5700 qua:

179 5718 321 5760 erant
348 5724 465 5760 cum
496 5724 555 5761 eo
586 5707 641 5759 in
670 5722 824 5771 arca,
870 5705 1065 5760 nedntn
1102 5707 1416 5772 verborum,
1458 5706 1552 5759 sed
1582 5715 1636 5758 et
1666 5719 1790 5757 scn—

182 5782 472 5832 tentiarum
523 5778 803 5847 frequenti
855 5777 1277 5846 interpolatione
1307 5778 1375 5831 ita
1427 5778 1495 5829 ab
1523 5778 1789 5847 impresso

179 5861 435 5906 eontextu
462 5846 725 5920 dissidet,
754 5858 809 5905 ut
833 5849 920 5907 hic
952 5864 1203 5907 seorsum
1228 5847 1463 5904 describi
1486 5846 1787 5904 continenti

1899 3711 2042 3768 serie
2068 3711 2393 3781 oportuerit.
2422 3710 2510 3767 Sic
2539 3718 2717 3767 autem
2748 3710 2841 3767 illa
2872 3726 2932 3769 se
2959 3713 3125 3769 habet
3154 3732 3166 3768 :

1975 3803 1994 3836 ι
2038 3784 2102 3837 Ει
2133 3784 2334 3837 factum
2367 3794 2450 3837 est
2485 3793 2605 3851 post
2636 3784 2779 3845 dies.
2810 3784 2989 3839 attulit
3016 3784 3145 3839 Cain
3186 3786 3253 3843 de
3303 3786 3491 3845 fructi-

1896 3855 1996 3909 btts
2029 3864 2191 3908 terra:
2222 3855 2455 3908 hostiam
2493 3856 2603 3908 Deo
2629 3873 2639 3907 :
2665 3867 2719 3907 et
2753 3855 2887 3909 Abel
2923 3856 3121 3910 obtulit
3146 3857 3213 3912 de
3256 3862 3489 3924 primiti-

1896 3929 1978 3998 t'is
2004 3928 2185 3998 ovium
2207 3940 2458 3998 suarum,
2483 3937 2534 3978 et
2564 3926 2816 3998 adipibus
2846 3926 3137 3995 (suarum).
3158 3928 3223 3982 Et
3250 3932 3489 3998 respexit

1899 3997 2037 4049 Deus
2068 3997 2120 4049 in
2154 3995 2312 4058 Abel,
2344 4004 2400 4049 et
2428 4011 2592 4064 super
2615 3995 2754 4049 dona
2790 3995 2980 4065 ipsius.
3014 3999 3193 4067 Super
3218 3995 3355 4054 Cain
3392 4017 3489 4058 au—

1896 4075 2027 4131 tem,
2062 4080 2115 4121 et
2142 4081 2309 4133 super
2340 4068 2570 4120 hostiam
2598 4066 2718 4134 ejus
2745 4081 2848 4120 noo
2880 4072 3138 4136 resliexit.
3169 4070 3234 4124 Et
3262 4083 3488 4129 mmstus

1895 4139 2071 4213 factus
2090 4148 2185 4213 _cs_t
2212 4138 2345 4192 Cain
2377 4138 2755 4213 t'citetneuttsr,
2789 4140 3113 4213 c_t_concidit
3139 4142 3321 4197 vultus
3345 4144 3486 4213 ejus.

1898 4210 1962 4283 Et
1991 4209 2127 4283 dixit
2162 4208 2398 4283 Dettsuad
2428 4208 2560 4283 Gaiu
2591 4227 2601 4261 :
2636 4208 2702 4263 Ut
2732 4209 2859 4283 quid
2885 4212 3043 4264 tristis
3070 4212 3239 4281 [actus
3280 4231 3332 4267 es
3347 4208 3483 4283 ?'Et,

1899 4280 1966 4335 Ut
1989 4281 2114 4351 quid
2136 4281 2357 4333 concidit
2398 4278 2571 4354 uultus
2614 4283 2768 4334 tuus?
2796 4278 2987 4333 Nonne
3023 4278 3080 4335 si
3110 4296 3246 4337 recte
3275 4278 3487 4354 o/I'eras,

1894 4363 2028 4405 recte
2054 4362 2227 4405 autem
2252 4369 2355 4404 non
2381 4352 2584 4404 dividas
2603 4393 2617 4417 ,
2657 4354 2921 4417 peccasti?
2949 4354 3172 4422 quiesce.
3206 4355 3287 4408 Ad
3318 4364 3365 4409 te
3392 4352 3487 4411 att?-

1894 4425 2054 4476 t‘8l8l0
2086 4424 2247 4485 illius,
2276 4434 2322 4476 et
2354 4431 2405 4473 tu
2439 4422 2803 4475 dominaberis.
2839 4423 2901 4476 Et
2931 4424 3069 4477 dixit
3097 4424 3228 4479 Cain
3259 4428 3323 4479 ad
3351 4430 3485 4484 Abel

1895 4496 2117 4547 lratrem
2166 4510 2323 4547 suum
2364 4510 2376 4545 :
2428 4492 2770 4547 Transeamus
2812 4495 2865 4546 in
2896 4511 3155 4565 campum.
3194 4499 3257 4551 Et
3285 4498 3484 4554 factum

1894 4574 1977 4638 est
2007 4580 2129 4619 cum
2163 4574 2307 4619 esset
2338 4566 2390 4618 in
2419 4579 2633 4632 campo,
2664 4568 3131 4638 exsurrexiLCaiu
3164 4583 3327 4638 super
3349 4572 3485 4627 Abel

1896 4636 2119 4689 fratrem
2168 4652 2322 4689 suum
2352 4676 2366 4695 ,
2418 4644 2475 4689 et
2523 4636 2723 4689 occidit
2771 4652 2916 4691 eum.
2950 4636 3117 4692 Terra
3145 4636 3324 4694 autem
3358 4642 3489 4697 exiit

1894 4704 2023 4761 Cain
2059 4722 2086 4759 a
2123 4706 2258 4761 facie
2291 4706 2408 4768 Dei,
2450 4714 2505 4759 et
2532 4717 2773 4762 moratus
2808 4716 2893 4762 est
2922 4709 2973 4761 in
3008 4718 3149 4762 terra
3182 4710 3317 4766 Naid
3348 4728 3487 4767 con-

1896 4789 1977 4831 tra
2013 4778 2182 4831 lideu.
2220 4780 2283 4832 Et
2326 4780 2585 4841 cognovit
2613 4778 2749 4832 Cain
2794 4795 3019 4833 uxorem
3052 4796 3237 4847 suam,
3273 4793 3327 4837 et
3357 4799 3490 4837 cott-

1894 4850 2107 4919 cipieus
2151 4850 2360 4918 peperit
2391 4849 2599 4903 Enoch.
2634 4848 2699 4903 Et
2725 4859 2846 4903 erat
2873 4850 3150 4905 mdilicans
3181 4854 3484 4919 civitatem,

1894 4931 1947 4975 cl
1978 4921 2384 4987 cognominavit
2414 4936 2531 4973 eain
2567 4923 2617 4974 iu
2655 4921 2872 4974 nomine
2901 4920 2993 4975 lilii
3027 4924 3109 4976 sui
3140 4923 3348 4977 Enoch.
3383 4924 3487 4979 [ste

1897 4992 2081 5045 Enoch
2123 4993 2259 5046 alter
2297 5002 2412 5055 est,
2448 5007 2554 5045 tton
2604 4992 2698 5059 qui
2749 4993 3113 5056 transpositus
3143 5003 3258 5060 est,
3290 5003 3349 5049 ut
3380 5014 3486 5050 non

1894 5064 2178 5117 moriatur.
2233 5062 2330 5118 llle
2374 5064 2516 5118 enim
2568 5061 2711 5116 filius
2760 5071 2844 5117 est
2887 5062 3060 5129 .laret,
3110 5067 3377 5135 septimus
3416 5066 3486 5122 ab

1893 5136 2084 5188 Adam.

1970 5225 1989 5258 ι
2032 5205 2442 5279 lluisuntergo
2491 5204 3077 5279 generationescaiu.
3123 5206 3256 5263 Cain
3296 5209 3486 5279 genuit

1894 5277 2100 5351 Enoch.
2147 5276 2337 5351 Enocb
2370 5284 2550 5351 autem
2588 5276 3038 5351 genuitGaidad,
3072 5290 3125 5334 et
3148 5276 3354 5335 Gaidatl
3389 5296 3485 5351 ge-

1891 5346 2264 5413 nuitMeclul,
2298 5357 2352 5401 et
2392 5348 2601 5401 Meebel
2631 5348 2821 5417 genuit
2861 5350 3141 5415 Matusala,
3194 5363 3245 5405 ct
3310 5346 3488 5406 Maiu-

1890 5420 2006 5472 Sala
2058 5417 2245 5485 genuit
2288 5418 2544 5483 Lamecb,
2576 5422 2668 5486 qui
2722 5423 2939 5489 accepit
2968 5422 3071 5475 sibi
3121 5437 3317 5477 uxores
3352 5424 3491 5479 duas

1893 5492 2029 5563 Atla,
2065 5497 2119 5563 et
2144 5490 2314 5563 Sella.
2350 5488 2416 5542 Et
2451 5491 2663 5563 peperit
2692 5490 2805 5544 Ada
2835 5488 3054 5556 .lliobel,
3088 5496 3176 5562 qui
3224 5504 3341 5549 erat
3390 5508 3488 5563 pa-

1895 5570 1979 5615 ter
2010 5560 2429 5633 inhabitantium
2464 5562 2516 5614 in
2556 5563 2922 5615 tabernaculis
2965 5560 3241 5632 pastorum
3278 5560 3492 5633 jumen-

1894 5640 2094 5684 torum.
2129 5632 2277 5686 Ilunc
2305 5633 2494 5687 dicunt
2515 5633 2821 5697 Silvanum,
2846 5642 2901 5686 et
2928 5650 3127 5689 nomen
3159 5646 3277 5689 erat
3307 5636 3491 5689 fratr-i3

1894 5703 2012 5770 ejus
2057 5702 2237 5757 Jubal.
2273 5703 2372 5757 llic
2411 5713 2527 5757 erat
2558 5707 2646 5772 qui
2693 5705 2934 5758 ostendit
2966 5706 3281 5773 psalterium
3330 5714 3384 5759 et
3414 5706 3493 5759 ci-

1894 5773 2130 5829 tharam.
2162 5773 2315 5829 Hunc
2362 5775 2551 5829 dicunt
2598 5775 2764 5845 aliqui
2805 5789 2927 5830 esse
2959 5776 3311 5832 Mercurium.
3344 5775 3491 5831 Sella

1891 5857 2077 5904 autem
2105 5889 2119 5915 ,
2172 5855 2227 5903 et
2255 5846 2380 5902 Jesa
2428 5846 2643 5921 peperit
2668 5846 2879 5905 Tbobcl
2926 5862 2941 5903 :
2983 5856 3037 5903 et
3067 5855 3183 5904 erat
3211 5848 3494 5908 malleator
