4064 6468
269 314 344 370 69
1093 308 1651 368 INTERPRETATIO
1688 305 2063 364 CHRONlt‘JE
2104 303 2372 364 EUSEBII
2414 301 2756 360 PAMPlllLI.
3503 303 3572 360 70

265 425 504 483 Lamecb
553 425 713 482 duxit
757 425 862 482 sibi
909 424 1068 480 binas
1111 439 1330 489 uxores,
1382 422 1534 478 Adda
1582 422 1792 476 scilicet
1820 432 1873 476 et
1902 427 1953 484 Α
1983 431 2104 473 sunt
2133 421 2299 490 fontes
2332 419 2534 489 Lbyss‘i,
2578 430 2622 471 et
2655 429 2930 472 cataracta:
2958 418 3070 472 (teli
3098 433 3116 472 :
3153 427 3198 472 et
3221 421 3428 474 cessarit
3457 422 3573 488 plu-

264 522 432 576 Sella.
467 521 547 576 Ex
582 522 736 576 Adda
767 519 959 591 genuit
995 520 1175 585 Jobel,
1204 519 1298 590 qui
1329 519 1562 587 primum
1589 517 1728 572 intra
1757 526 1872 573 teu-

269 614 467 669 torium
518 613 855 669 habitaculis
888 627 1098 669 moram
1131 610 1242 685 [Αι.
1273 611 1510 684 morem]
1555 611 1742 682 gessit.
1798 611 1877 664 Ex

269 705 461 762 eadem
493 707 692 776 genuit
727 706 916 774 Juhal,
947 709 1034 778 qui
1068 705 1165 761 fuit
1189 705 1611 762 citharmdorum
1645 703 1876 774 primus.

275 801 347 854 Ex
377 799 530 854 Sella
565 801 757 870 genuit
786 799 993 855 Thobel
1013 841 1028 865 ,
1057 800 1148 869 qui
1180 799 1442 853 mirabilis
1469 798 1750 852 malleator
1780 797 1880 851 fuit

270 893 322 946 in
345 893 496 946 omni
533 891 716 948 fabrili
742 903 860 947 arte
888 891 1254 948 metallorum.
1501 895 1503 897 ’

335 984 397 1040 γ.
444 985 566 1041 Noe
599 1001 734 1042 vero
764 1001 888 1041 cum
936 1003 970 1041 ι)
999 996 1144 1042 esset
1184 1001 1450 1040 annorum
1496 985 1684 1055 genuit
1723 983 1874 1052 Sem,

264 1076 430 1132 (Ibam
473 1089 532 1133 et
558 1079 780 1149 Japhet.
833 1079 902 1134 Et
950 1095 1071 1134 cum
1120 1079 1582 1150 multiplicasseut
1627 1077 1877 1132 homines

263 1185 429 1240 super
458 1181 665 1226 terram
696 1171 956 1238 valde,ac
985 1170 1242 1225 ducerent
1270 1184 1472 1225 uxores
1498 1169 1796 1240 speciosus,
1824 1169 1877 1222 in

265 1280 491 1334 quarum
523 1266 756 1320 formam
783 1264 1201 1319 exardescerent
1229 1263 1280 1318 in
1320 1262 1687 1323 concubitum,
1721 1271 1879 1330 prout

265 1359 531 1426 cujusque
580 1358 750 1413 libido
796 1357 920 1422 fuit,
955 1374 1021 1412 ex
1053 1357 1246 1427 quibus
1274 1357 1521 1427 gigantes
1552 1355 1652 1410 viri
1687 1353 1877 1408 famosi

268 1459 518 1518 potentes
543 1466 574 1504 a
597 1452 803 1506 szectilo
825 1451 990 1521 geniti
1018 1451 1070 1504 in
1095 1451 1323 1520 populos
1346 1450 1641 1520 ﬂagitiosus
1658 1464 1871 1504 cresce-

271 1549 412 1602 rent,
443 1540 729 1609 proclives
779 1541 832 1594 in
881 1557 1043 1595 omne
1089 1541 1319 1606 facinus,
1370 1553 1558 1610 Spreto
1587 1540 1768 1595 divino
1806 1544 1875 1594 ti~

267 1649 440 1699 more,
482 1634 608 1688 sine
639 1634 792 1688 cultu
833 1634 1138 1704 religionis.
1180 1633 1313 1688 Cum
1348 1634 1490 1688 foret
1533 1643 1714 1689 autem
1760 1633 1875 1688 Noe

267 1729 414 1781 solus
435 1727 642 1796 justus,
667 1729 890 1797 placens
925 1729 1034 1784 Deo
1065 1730 1116 1782 in
1144 1730 1585 1799 generationibus
1617 1730 1748 1793 suis,
1781 1729 1877 1783 de-

1986 518 2066 570 ria
2087 515 2153 569 de
2181 516 2316 581 loco,
2341 525 2386 567 et
2415 513 2686 583 deficiebat
2726 530 2860 584 aqua
2895 511 3207 567 descendens
3245 514 3310 568 de
3342 524 3497 581 terra,
3525 524 3574 568 et

1979 609 2362 664 diminuebatur
2377 623 2510 678 aqua
2528 617 2637 678 post
2662 623 2728 662 CL
2748 607 2877 671 dies,
2901 617 2948 660 et
2976 606 3108 661 sedit
3128 623 3251 660 arca
3282 609 3336 660 in
3359 608 3574 676 septimo

1978 718 2152 755 mense
2182 717 2290 754 xvn
2319 700 2402 752 die
2431 701 2615 753 mensis
2638 715 2793 769 super
2816 709 3010 754 montes
3039 697 3259 753 Ararath
3286 697 3569 769 (Gen.vnt,

1981 795 2124 864 1-5).
2161 794 2250 848 lsti
2297 803 2510 849 montes
2545 793 2596 846 in
2644 792 2902 847 Armenia
2934 795 3217 863 superiore
3251 805 3377 849 sunt
3415 809 3574 850 secus

1979 887 2196 942 Persas.
2241 889 2387 956 Aqua
2436 897 2605 941 autem
2635 888 2800 958 magis
2844 887 3245 956 diminuebatur,
3299 906 3458 962 usque
3506 892 3573 945 ad

1978 979 2151 1034 decem
2174 996 2405 1045 menses;
2437 980 2636 1032 decimo
2666 990 2837 1033 autem
2872 997 3042 1034 mense
3079 982 3247 1050 primo
3277 982 3362 1037 die
3385 985 3575 1038 mensis

1979 1075 2086 1128 t'isa
2131 1083 2250 1128 sunt
2301 1074 2472 1146 capita
2514 1075 2783 1128 montium.
2819 1072 2886 1129 Et
2925 1079 3120 1145 factum
3163 1086 3237 1130 est
3291 1088 3405 1146 post
3440 1089 3461 1117 ο
3507 1095 3573 1134 x1.

1980 1171 2111 1238 dies,
2143 1175 2346 1242 aperuit
2381 1171 2496 1227 Noe
2525 1175 2799 1244 fenestram
2830 1172 2980 1228 Arcw
3004 1191 3156 1244 quam
3184 1181 3392 1245 fecerat,
3413 1186 3463 1231 et
3493 1176 3576 1232 di-

1980 1265 2118 1316 misit
2151 1280 2355 1318 corvum
2397 1265 2571 1320 videre
2598 1266 2642 1320 si
2669 1275 2912 1320 cessasset
2941 1283 3081 1337 aqua
3106 1284 3137 1321 a
3167 1268 3300 1336 facie
3321 1278 3496 1338 terrm,
3527 1281 3575 1325 et

1979 1360 2152 1411 exiens
2181 1375 2283 1412 non
2309 1368 2383 1412 est
2407 1375 2636 1413 reuersus
2655 1359 2723 1412 ad
2745 1376 2882 1413 eum.
2916 1358 2981 1411 Et
3009 1361 3254 1415 sustinuit
3285 1364 3445 1417 donec
3474 1365 3575 1417 sic-

1979 1463 2184 1506 caretur
2206 1469 2340 1521 aqua
2370 1470 2402 1506 a
2433 1463 2588 1519 terra,
2619 1460 2666 1515 et
2696 1452 2890 1507 dimisit
2919 1454 3211 1509 columbam
3235 1473 3266 1508 a
3298 1473 3372 1522 se,
3404 1457 3575 1512 videre

1978 1545 2024 1598 si
2054 1561 2188 1616 aqua
2219 1554 2463 1599 cessasset
2493 1561 2524 1597 a
2556 1545 2687 1614 facie
2728 1555 2896 1614 terrae,
2940 1555 2988 1598 et
3035 1561 3138 1600 non
3181 1548 3444 1602 inveniens
3491 1565 3576 1602 co-

1941 1627 1944 1630 ’
1980 1635 2156 1689 tumba
2208 1637 2432 1705 requiem
2480 1636 2694 1708 pedibus
2737 1637 3110 1703 suis,.reversa
3141 1647 3215 1691 est
3256 1639 3324 1692 ad
3365 1655 3481 1694 eum
3519 1640 3574 1694 in

1979 1743 2152 1781 arcam
2183 1745 2202 1782 :
2248 1730 2368 1796 quia
2417 1745 2552 1799 aqua
2595 1740 2700 1782 erat
2741 1744 2898 1800 super
2929 1746 3128 1784 omnem
3173 1731 3365 1798 faciem
3401 1741 3572 1788 terra}.

267 1823 441 1876 crevit
480 1821 630 1875 Deus
661 1823 872 1877 serv:iri
905 1821 974 1877 de
1004 1837 1348 1893 quacumque
1370 1823 1572 1892 specie,
1605 1823 1671 1877 ad
1714 1837 1874 1891 repa-
1908 1818 1952 1878 B
1985 1819 2284 1874 Extendens
2322 1829 2496 1874 autem
2526 1838 2708 1876 manus
2736 1838 2859 1876 suas
2888 1821 3002 1876 Noe
3021 1824 3216 1894 accepit
3246 1841 3382 1891 eam,
3416 1834 3462 1880 et
3493 1827 3576 1880 in-

264 1915 500 1969 randum
544 1929 736 1970 semen
781 1915 1075 1985 cujuslibet
1113 1915 1472 1970 animantium
1509 1934 1520 1968 :
1560 1925 1754 1970 caetera
1781 1929 1875 1970 au-

265 2019 372 2062 tem
416 2005 685 2062 universa
723 2022 821 2077 per
868 2008 1134 2063 diluvium
1178 2011 1408 2077 perdere
1455 2024 1518 2064 ac
1560 2009 1772 2075 ulcisci,
1808 2008 1876 2062 ab

265 2101 493 2155 homine
538 2117 716 2169 usque
765 2102 833 2156 ad
867 2117 1057 2172 pecus,
1094 2111 1204 2158 tam
1239 2103 1543 2157 volatilinm
1589 2118 1751 2169 quam
1782 2116 1874 2157 re-

267 2193 546 2263 ptantium
577 2205 747 2262 super
778 2200 1008 2250 terram.
1054 2193 1291 2258 Instituit
1317 2208 1448 2262 ergo
1477 2193 1592 2248 Noe
1623 2192 1874 2248 fabricari

263 2297 450 2338 arcam
481 2299 551 2338 ex
587 2285 754 2354 lignis
773 2285 1076 2342 elaboratis
1108 2295 1161 2340 et
1185 2285 1434 2355 levigatis
1468 2284 1874 2347 tabulamentis,

265 2378 435 2431 altam
471 2391 591 2430 xxx
623 2377 845 2445 cubitis,
871 2379 1034 2433 latam
1065 2394 1117 2443 ι,
1139 2377 1354 2447 longam
1381 2392 1498 2444 ccc,
1523 2386 1576 2431 et
1607 2379 1664 2430 in
1691 2376 1872 2430 cubitu

260 2481 728 2534 consummatam,
779 2471 1048 2527 bitumine
1081 2472 1291 2526 Iinitam
1335 2471 1662 2526 intrinsecus
1701 2481 1754 2525 et
1779 2486 1868 2525 ex-

264 2562 564 2626 trinsecus,
612 2561 845 2616 divisam
889 2562 944 2617 in
991 2563 1402 2617 mansinnculas
1442 2572 1497 2617 et
1539 2562 1780 2632 tristega.
1820 2562 1874 2616 lu

260 2669 424 2722 quam
457 2655 545 2709 sic
572 2654 895 2726 dispositam
927 2657 1173 2711 introivit
1204 2655 1315 2710 Noe
1338 2672 1457 2710 cum
1488 2655 1638 2721 ﬁliis,
1667 2663 1722 2709 et
1744 2671 1877 2708 uxo-

261 2749 416 2802 ribus
463 2749 607 2814 suis,
653 2764 717 2804 ac
763 2749 1187 2805 introduxerunt
1216 2759 1347 2804 nutu
1385 2749 1571 2803 Deiex
1617 2749 1877 2804 omnibus

260 2840 648 2895 animantibus
683 2841 922 2909 mundis,
968 2851 993 2879 ει
1023 2859 1091 2898 ex
1125 2842 1337 2898 feminis
1365 2851 1612 2912 septena,
1659 2856 1720 2895 ex
1776 2843 1876 2896 im-

261 2932 487 2987 mundis
528 2948 663 2988 vero
696 2935 821 2989 bina
862 2955 873 2988 :
909 2950 1090 2990 escam
1123 2936 1376 2991 similiter
1411 2936 1568 3005 juxta
1596 2936 1870 3005 propriam

259 3027 567 3095 cujuslibet
599 3038 847 3082 naturam
895 3029 1277 3084 convenientia
1311 3029 1376 3082 ad
1423 3027 1749 3084 vescendum
1781 3043 1875 3098 pa-

261 3119 415 3173 bula.
459 3119 720 3188 Septimo
768 3131 948 3176 autem
1004 3121 1091 3177 die
1151 3122 1220 3176 ab
1266 3121 1510 3192 ingressu
1551 3135 1708 3186 arcer,
1751 3135 1872 3191 quae

1980 1914 2128 1967 duxit
2152 1930 2263 1967 eam
2284 1914 2423 1985 apud
2442 1931 2496 1967 se
2520 1914 2573 1967 in
2598 1931 2795 1968 arcam.
2829 1911 2899 1968 Et
2920 1915 3164 1969 sustinuit
3194 1918 3362 1970 adhuc
3380 1926 3572 1988 septem

1980 2006 2088 2059 dies
2114 2005 2270 2071 alios,
2305 2017 2351 2060 et
2379 2007 2568 2060 iterum
2597 2007 2792 2060 dimisit
2823 2008 3111 2062 columbam
3143 2009 3206 2063 de
3233 2026 3379 2078 arca,
3413 2019 3458 2065 et
3493 2026 3577 2065 re-

1978 2114 2121 2150 versa
2141 2097 2308 2152 estad
2327 2115 2438 2152 eum
2455 2099 2689 2153 columba
2719 2101 2789 2152 ad
2817 2116 3105 2170 vesperum,
3128 2112 3174 2155 et
3193 2103 3371 2156 habuit
3389 2104 3574 2174 folium

1981 2191 2128 2244 olirw
2157 2208 2270 2244 cum
2303 2194 2516 2246 surculo
2559 2194 2610 2245 in
2643 2209 2732 2247 ore
2763 2210 2880 2248 suo.
2913 2192 2980 2246 Et
3019 2194 3276 2250 intellexit
3312 2195 3430 2250 Noe
3453 2198 3575 2265 quia

1981 2283 2194 2336 cessauit
2237 2300 2372 2352 aqua
2408 2301 2440 2336 α
2476 2285 2611 2352 facie
2653 2295 2818 2338 terrm.
2860 2283 2930 2338 Et
2965 2288 3214 2341 sustinuit
3255 2286 3370 2342 Noe
3405 2289 3577 2343 adhuc

1981 2383 2174 2444 septem
2206 2373 2315 2427 dies
2343 2371 2500 2439 alios,
2532 2386 2576 2428 et
2603 2373 2797 2428 dimisit
2820 2375 3136 2443 columbam,
3159 2389 3204 2432 et
3227 2395 3327 2432 non
3349 2389 3422 2433 est
3447 2395 3577 2432 ausa

1980 2475 2157 2519 t‘ct‘crlt
2185 2466 2252 2518 ad
2275 2483 2410 2519 eum.
2444 2463 2470 2502 ἀ
2499 2465 2682 2520 Tenuit
2718 2483 2844 2538 ergo
2883 2469 3135 2522 diluvium
3174 2479 3365 2523 terram
3412 2471 3577 2526 donec

1977 2560 2261 2612 siccoretur
2309 2576 2503 2612 annum
2551 2561 2806 2632 integrum
2837 2559 3032 2629 (Ibid,
3067 2559 3244 2630 5—H).
3281 2563 3573 2634 Postquam

1982 2652 2228 2707 introivit
2269 2662 2448 2708 autem
2497 2653 2611 2708 Noe
2653 2655 2706 2708 in
2754 2669 2960 2720 arcam,
3016 2657 3250 2725 septimo
3279 2657 3371 2712 die
3403 2657 3578 2712 inclu-

1982 2745 2053 2799 sit
2086 2755 2108 2782 θ
2145 2745 2284 2800 Deus
2310 2745 2377 2801 de
2417 2745 2549 2802 foris
2582 2748 2871 2802 fenestram
2905 2763 3068 2812 arere,
3103 2755 3159 2802 et
3185 2765 3252 2804 η
3281 2748 3492 2815 diebus,
3521 2760 3578 2805 et

1980 2855 2047 2893 xi.
2082 2841 2331 2895 noctibus
2359 2841 2500 2895 facta
2530 2841 2613 2896 est
2646 2837 2848 2910 pluvia,
2888 2843 3148 2908 stetitque
3171 2857 3310 2912 aqua
3339 2858 3405 2897 et.
3434 2842 3576 2898 dies.

1978 2933 2110 2990 Post
2142 2935 2274 2989 istos
2312 2935 2430 2991 dies
2478 2936 2647 2990 clausi
2680 2947 2805 2990 sunt
2851 2935 3030 2991 fontes
3072 2937 3278 3007 abyssi,
3328 2949 3377 2991 et
3412 2938 3579 3006 coepit

1981 3043 2119 3097 aqua
2177 3029 2429 3084 diminui.
2487 3030 2729 3096 Septimo
2767 3041 2947 3085 autem
3004 3046 3191 3086 mense
3245 3031 3387 3086 sedit
3435 3032 3574 3086 Area

1975 3135 2142 3188 super
2175 3133 2417 3176 montem
2460 3122 2717 3176 Ararath.
2766 3122 3183 3178 Diminuebatur
3225 3133 3404 3178 autem
3437 3138 3575 3194 aqua

262 3213 366 3265 luit
390 3210 418 3250 δ
453 3227 570 3266 xvn
604 3217 812 3268 mensis
842 3213 1090 3278 secundi,
1122 3222 1477 3270 excesserunt
1504 3228 1657 3282 aqua:
1687 3213 1876 3266 terini-
1902 3201 1946 3261 C
1981 3228 2154 3282 usque
2207 3229 2258 3267 xr
2307 3227 2546 3270 menses.
2584 3214 2762 3268 l’rima
2805 3223 2984 3269 autem
3036 3213 3124 3270 die
3169 3213 3328 3284 hujus
3375 3215 3576 3270 mensis

260 3320 365 3359 nos
392 3313 450 3360 et
480 3305 723 3359 conﬁnia
757 3315 985 3372 natura',
1014 3314 1268 3376 tantaque
1300 3306 1378 3359 vis
1406 3305 1658 3358 imbrium
1685 3304 1875 3374 largis-

259 3399 528 3451 simorum
559 3406 646 3451 est
682 3408 898 3462 exorta,
949 3409 1054 3452 tam
1105 3398 1296 3469 ingens
1339 3413 1597 3468 aquarum
1643 3398 1874 3467 abyssus

261 3489 465 3544 invasit
496 3488 763 3544 continuo
813 3489 1155 3545 incremento
1191 3507 1285 3560 per
1329 3489 1446 3546 dies
1488 3490 1868 3560 quadraginta,

259 3581 450 3635 scissis
471 3581 770 3637 cataractis
801 3583 945 3648 caeli,
974 3582 1150 3638 donec
1174 3583 1372 3637 nedum
1407 3583 1756 3650 superﬁciem
1793 3592 1872 3636 to-

259 3671 370 3725 tius
418 3671 600 3742 orbis,
662 3673 758 3727 sed
816 3673 1067 3729 universa
1118 3675 1380 3729 montium
1434 3675 1719 3729 cacumina
1770 3673 1871 3730 sub

262 3762 426 3818 undis
450 3765 801 3820 involverent
830 3764 1032 3822 cubitis
1059 3783 1126 3821 xv
1148 3768 1391 3826 altiores.
1427 3767 1598 3822 Porro
1631 3784 1752 3824 arca
1786 3767 1866 3823 fe-

261 3854 491 3909 rebatur
522 3871 691 3925 super
718 3873 935 3926 aquam,
987 3875 1053 3913 ex
1096 3876 1200 3929 qua
1232 3868 1554 3929 consumpta
1586 3870 1668 3915 est
1693 3862 1871 3916 omnis

259 3962 410 4009 caro.
443 3964 567 4020 qua:
604 3952 926 4006 movebatur
954 3967 1122 4022 super
1153 3962 1375 4020 terram,
1411 3955 1719 4020 volucrum,
1755 3956 1870 4009 ani-

259 4037 554 4108 mantium,
589 4040 909 4109 bestiarum,
943 4044 1297 4116 omniumque
1345 4045 1708 4115 reptibiliuni,
1750 4063 1868 4116 qua:
1898 4105 1903 4110 _

258 4133 554 4202 reptabant
575 4149 741 4205 super
766 4145 987 4203 terram,
1021 4139 1267 4194 universi
1297 4141 1563 4201 homines,
1591 4154 1640 4195 et
1673 4149 1866 4196 cuncta

257 4227 310 4280 in
342 4227 540 4297 quibus
565 4238 685 4283 erat.
712 4231 1046 4300 Spiraculum
1073 4233 1223 4287 vitm.
1252 4233 1700 4304 Obtintteruntque
1721 4251 1870 4305 aqua:

255 4327 423 4372 terras
452 4334 519 4374 Ct.
550 4321 751 4384 diebus,
783 4331 829 4375 et
860 4325 1160 4378 recordatus
1196 4335 1269 4379 est
1309 4322 1448 4378 Deus
1484 4324 1534 4379 Ν
1542 4343 1621 4392 oe,
1671 4335 1720 4379 et
1759 4342 1868 4378 om—

256 4413 400 4464 nium
433 4416 745 4470 animalium
776 4434 895 4488 qua:
924 4429 1073 4472 erant
1113 4436 1228 4472 cum
1259 4437 1317 4473 eo
1345 4420 1396 4473 in
1426 4419 1587 4488 Arcu,
1619 4421 1866 4474 adduxit-

253 4507 622 4598 queipiritum
644 4525 804 4578 super
830 4521 1039 4582 terram,
1064 4522 1114 4566 et
1135 4513 1350 4567 cessavit
1374 4529 1534 4584 aqua,
1565 4524 1612 4568 et
1633 4514 1868 4585 adaperti

1982 3304 2163 3374 capita
2198 3306 2460 3360 montium
2495 3304 2833 3375 reliquorum
2861 3307 2974 3361 visa
3021 3317 3167 3368 sunt.
3203 3314 3254 3362 et
3285 3317 3484 3362 cratera
3519 3315 3577 3362 ut

1977 3412 2158 3466 supra.
2197 3397 2390 3452 Postea
2419 3396 2530 3451 Noe
2554 3397 2850 3452 denudavit
2877 3413 3020 3453 arcu:
3055 3406 3256 3453 tectum
3303 3409 3425 3469 post
3473 3415 3571 3454 an-

1978 3505 2104 3543 num
2135 3490 2427 3560 integrmn,
2469 3501 2522 3544 et
2563 3488 2666 3544 hoc
2696 3490 2875 3560 ipsum
2909 3490 3190 3557 scribitur,
3221 3501 3278 3545 et
3304 3491 3576 3562 signiﬁcat

1977 3582 2165 3638 dicens
2199 3600 2211 3636 :
2256 3581 2323 3636 Et
2359 3588 2554 3655 factum
2577 3594 2649 3638 est
2689 3586 2744 3638 in
2775 3586 2944 3656 primo
2967 3597 3012 3639 et
3037 3601 3101 3641 uc
3125 3592 3262 3640 anno
3294 3587 3408 3641 rita:
3436 3587 3575 3656 Noe,

1978 3677 2146 3743 primo
2176 3676 2260 3728 die
2288 3677 2499 3741 mensis,
2531 3693 2646 3730 cum
2697 3678 2961 3732 minuisset
3005 3694 3140 3748 aqua
3179 3695 3209 3730 a
3241 3680 3374 3750 facie
3399 3687 3573 3746 terra',

1975 3767 2256 3821 denudavit
2283 3766 2332 3821 Ν
2339 3785 2397 3822 oe
2421 3778 2605 3822 tectum
2632 3751 2802 3832 Arae,
2825 3771 2963 3840 quod
2987 3773 3196 3839 fecerat,
3214 3778 3260 3823 et
3285 3771 3410 3824 vidit
3436 3773 3577 3842 quod

1974 3860 2282 3929 deﬂua-isset
2304 3877 2436 3930 aqua
2461 3877 2490 3913 a
2513 3864 2646 3931 faeie
2672 3871 2844 3916 ιρι-ναι.
2874 3861 2938 3915 In
2961 3863 3192 3916 secundo
3220 3874 3388 3917 autem
3407 3881 3577 3918 mense

1973 3967 2046 4006 vn
2075 3961 2122 4004 et
2148 3967 2220 4004 xx
2253 3952 2336 4004 die
2366 3953 2554 4005 mensis
2579 3952 2769 4005 siccata
2815 3963 2888 4006 est
2937 3963 3072 4007 terra
3105 3952 3291 4025 (Ibid,
3324 3955 3407 4021 Μ,
3440 3955 3530 4025 15)
3561 3974 3573 4009 :

1974 4055 2031 4100 et
2059 4044 2189 4099 exiit
2222 4043 2355 4111 Noe,
2389 4054 2441 4099 et
2476 4060 2612 4098 uxor
2635 4044 2776 4114 ejos,
2807 4057 2859 4100 et
2887 4044 2981 4100 lilii
3011 4045 3152 4116 ejus,
3182 4057 3238 4103 et
3271 4063 3470 4103 uxores
3511 4049 3575 4104 ﬁ-

1974 4139 2174 4192 liorum
2199 4153 2424 4192 suorum
2457 4153 2578 4193 cum
2621 4154 2708 4203 eo,
2739 4155 2931 4195 orones
2959 4141 3148 4195 bestia:
3177 4152 3230 4196 et
3256 4143 3436 4197 omnia
3483 4158 3574 4210 pc-

1972 4246 2126 4297 cora,
2157 4240 2211 4287 et
2235 4231 2415 4287 omnia
2440 4231 2677 4302 reptilia,
2706 4248 2825 4302 quite
2854 4242 3139 4288 moventur
3161 4248 3324 4304 super
3349 4243 3570 4301 terram,

1973 4325 2266 4379 secundum
2319 4339 2490 4394 genus
2536 4340 2725 4391 suum,
2772 4334 2826 4379 et
2863 4326 3045 4380 omnia
3100 4325 3338 4382 volatilia
3381 4342 3576 4382 secun-

1971 4420 2100 4474 dum
2127 4432 2300 4490 genus
2330 4434 2521 4475 eorum
2552 4421 2813 4474 exierunt
2835 4417 2902 4474 de
2934 4433 3080 4474 arca.

1815 4665 2050 4723 NOTAE.

329 4823 552 4896 {'Vetus
581 4823 769 4888 editio,
800 4835 849 4881 et
877 4827 1094 4896 feminas
1123 4842 1142 4881 :
1173 4842 1235 4880 ac
1265 4826 1309 4883 si
1337 4836 1521 4882 essent
1551 4843 1618 4881 ex
1651 4827 1866 4880 mundis
1894 4825 1943 4886 ι)
1972 4832 2200 4896 septem,
2234 4837 2407 4896 usque
2433 4819 2740 4896 ad_verba,_
2765 4819 2950 4896 Postea
2977 4821 3091 4876 Noe
3132 4824 3431 4894 denudavit,
3463 4837 3574 4884 etc.

251 4895 582 4969 animalibus
621 4909 828 4967 septem
857 4895 950 4966 pro
984 4914 1196 4969 quoque
1222 4900 1460 4954 masculo
1509 4899 1743 4954 l'eminte.
1780 4897 1867 4952 Vi-

252 4968 413 5020 detur
445 4978 626 5042 autem
651 4969 1014 5042 restituendus
1048 4968 1134 5023 hic
1161 4970 1331 5037 locus,
1377 4971 1866 5042 supplendumque,

248 5040 592 5109 exrnwscnlis
622 5050 667 5091 et
697 5041 924 5109 feniinis,
949 5050 1054 5095 etc.

327 5108 352 5145 δ
380 5109 490 5163 Alii
513 5124 634 5163 Cum
663 5108 942 5180 Scaligero
969 5111 1085 5166 libri
1122 5113 1412 5180 prtcl'erunt
1442 5129 1612 5181 xxvu,
1646 5113 1733 5180 qui
1769 5128 1869 5166 nu—

248 5194 440 5257 merus
489 5196 670 5257 gricco
727 5183 940 5248 quidem
972 5185 1179 5257 textui,
1229 5182 1424 5257 ἐϐδόμῃ
1466 5189 1549 5238 καὶ
1595 5183 1751 5240 εἰκάδι
1777 5191 1866 5241 τοῦ

247 5253 404 5320 pun-.6;
435 5267 450 5303 :
481 5255 662 5307 minor
710 5266 891 5308 autem
952 5255 1040 5308 ille
1097 5253 1470 5314 llebrieo'ti’
1494 5265 1868 5319 -πε-ε-τιιωωε

247 5326 567 5390 re~pondet.
605 5323 807 5380 Eadem
835 5329 916 5380 cSt
946 5328 1084 5381 ratio
1139 5328 1299 5396 paulo
1331 5336 1469 5396 post.
1502 5329 1590 5380 ubi
1649 5325 1866 5392 dicitur,

248 5398 465 5469 sedisse
496 5411 625 5448 arca
651 5412 817 5469 super
845 5408 1054 5453 montes
1079 5399 1311 5453 Araratli
1332 5399 1529 5469 decima
1551 5400 1764 5469 septimo
1787 5398 1870 5450 die

249 5466 464 5539 mensis,
499 5481 660 5536 quem
691 5467 833 5522 diem
880 5469 969 5523 alii
1029 5469 1345 5539 vigesimum
1388 5466 1677 5538 septimum
1715 5467 1866 5538 juxta

249 5533 503 5590 Graecum
518 5533 529 5536 ⁷
544 5549 759 5592 vocant.

327 5606 481 5679 {Hic
511 5624 652 5679 vero
682 5608 931 5677 Hehrmo,
969 5610 1184 5677 Grmeo,
1217 5622 1378 5679 atque
1408 5610 1527 5664 aliis
1556 5610 1708 5664 libris
1740 5625 1869 5664 con-

247 5677 672 5754 tradicentibus,
698 5683 893 5737 vitiose
941 5677 1448 5754 retinuitScaliger,
1501 5691 1616 5754 post
1665 5691 1866 5736 centum

247 5752 603 5822 quadraginta
637 5755 766 5805 dies.

318 5817 346 5858 ἀ
367 5817 505 5880 Teia
535 5838 657 5896 qua:
683 5823 808 5880 hinc
845 5825 1092 5900 sequitur
1116 5826 1374 5899 periocha
1407 5839 1658 5884 versuum
1698 5823 1868 5882 ferme

1976 4891 2130 4951 deest
2180 4895 2232 4949 in
2258 4891 2624 4964 Scaligeriana
2658 4891 2912 4958 editione,
2948 4905 3107 4964 atque
3132 4897 3268 4950 adeo
3291 4897 3340 4950 in
3373 4891 3570 4955 Frehe-

1977 4969 2150 5040 riano,
2175 4976 2367 5021 ctetera
2387 4967 2605 5040 reliquis
2627 4966 2866 5018 auctiore
2886 4967 3155 5040 omnibus,
3178 4970 3572 5040 m.lllllS(‘l‘lplO.

1978 5039 2242 5092 Videntur
2261 5051 2438 5110 autem
2467 5037 2651 5110 verba,
2682 5047 2794 5103 post
2821 5053 3014 5110 annum
3039 5038 3312 5108 integrant.
3341 5037 3472 5110 que
3493 5043 3574 5096 bis

1974 5119 2286 5173 recurrunt,
2313 5109 2600 5180 ipsamque
2621 5108 2862 5180 lacunam
2903 5107 3152 5173 utrinque
3178 5127 3203 5160 a
3247 5107 3572 5180 ﬁne—prioris

1977 5181 2159 5236 isocoli
2189 5177 2541 5256 concludunt.
2580 5177 2748 5256 fraudi
2787 5177 2954 5256 fuisse
2995 5181 3320 5250 antiquarLo,
3367 5177 3420 5237 ut
3451 5201 3572 5256 qua:

1975 5269 2139 5320 θυμω
2166 5258 2340 5318 erant,
2360 5249 2589 5303 Solemni
2622 5249 2899 5303 oculorum
2937 5251 3084 5318 lapsu
3113 5249 3570 5320 pr:i-terrnitteret.

2055 5334 2076 5360 ο
2108 5323 2288 5387 Nullo,
2322 5332 2411 5374 aut
2445 5322 2788 5392 incommodo
2819 5335 3003 5381 sensu,
3041 5322 3318 5392 legebatur
3339 5341 3492 5381 antea
3518 5328 3570 5382 in

1979 5393 2207 5464 vulgatis
2234 5392 2507 5464 omnibus,
2529 5391 2732 5444 inclusi!
2763 5393 2947 5464 deinde
2975 5391 3114 5462 foras
3143 5398 3570 5463 fenestram,ctc.

1976 5463 2140 5537 prava
2168 5465 2329 5537 etiam
2362 5463 2815 5537 interpunctione.
2845 5463 2946 5516 l‘ro
2966 5481 3072 5537 quo
3090 5482 3188 5518 nos
3209 5475 3567 5537 rcjmsuimus,

1975 5535 2186 5610 inrlusit
2220 5535 2444 5610 Deusde
2466 5535 2592 5610 [Otia
2625 5536 2925 5610 fenestram,
2957 5535 3089 5610 etc._,
3119 5555 3180 5590 ex
3214 5541 3426 5607 ingenio
3450 5535 3570 5610 qui;

1974 5607 2026 5663 dt
2048 5625 2118 5667 nt,
2152 5623 2214 5662 ac
2255 5607 2412 5660 nullis
2462 5605 2879 5674 suﬁ'ragautibus
2907 5623 3037 5662 mss.
3066 5608 3182 5676 ipso
3206 5605 3384 5664 autem
3424 5605 3571 5666 recto

1977 5680 2026 5732 id
2053 5678 2304 5748 exigente
2331 5692 2521 5740 sensu,
2555 5689 2600 5731 et
2635 5679 2770 5730 :at-ri
2809 5688 2984 5732 textos
3019 5677 3328 5734 testimonio
3359 5691 3464 5735 tum
3518 5683 3568 5737 in

1974 5747 2329 5820 originalibus
2359 5747 2531 5812 libris,
2561 5764 2681 5801 cum
2707 5748 2893 5802 iisdem
2945 5765 3110 5820 prope
3132 5753 3308 5806 verbis
3331 5753 3383 5808 in
3407 5753 3572 5812 latina

1973 5819 2444 5898 interpretatione,
2476 5821 2680 5876 inclusit
2711 5819 2961 5880 Dominus
2989 5819 3057 5877 de
3073 5825 3222 5896 foris,
3253 5832 3362 5881 etc.
