4048 6452
168 318 236 379 Ἱὸ
988 316 1559 381 INTERPRETATIO
1594 315 1974 379 CHRONICE
2014 317 2285 378 EUSEBII
2325 320 2676 382 PAMPHILI.
3418 316 3489 376 74

172 447 460 513 postquam
512 440 713 512 genuit
756 439 975 499 Cainam
1005 441 1164 498 annis
1192 456 1463 505 ccccxxx,
1506 450 1561 496 et
1598 438 1783 511 genuit
1809 441 1859 500 Α
1887 438 1972 493 Ab
1999 454 2143 495 anno
2185 438 2373 496 diluvii
2420 456 2594 512 usque
2630 438 2700 496 ad
2734 436 3079 495 nativitatem
3104 435 3340 493 Abraha:
3360 443 3492 491 sunt

179 533 310 590 ﬁlios
341 540 399 587 et
429 533 606 589 ﬁlias.
634 535 861 590 Cainam
898 550 1022 591 cum
1046 543 1195 592 esset
1227 550 1495 590 annorum
1523 548 1669 589 σαι
1694 547 1789 603 ge-

182 629 287 683 nuit
333 626 489 682 Sala.
548 627 619 683 Et
649 629 786 684 vixit
825 628 1049 684 Cainam
1099 638 1392 699 postquam
1434 628 1626 700 genuit
1663 626 1790 682 Sala

187 719 328 777 annis
357 736 585 778 cccxxx
608 765 625 791 ,
656 732 711 778 et
745 722 937 793 genuit
964 721 1109 777 ﬁlios
1139 730 1195 779 et
1235 721 1411 791 ﬁlias,
1452 728 1509 777 et
1534 729 1790 777 mortuus

192 828 277 873 est.
308 815 443 873 Sala
485 832 618 873 cum
669 825 819 874 esset
858 833 1129 874 annorum
1172 832 1313 874 cxxx
1360 816 1551 889 genuit
1586 816 1789 873 Ileber.

194 913 249 968 Et
285 912 423 967 vixit
478 912 612 970 Sala
672 923 956 985 postquam
995 914 1186 987 genuit
1223 913 1407 969 Heber
1460 913 1618 969 annis
1665 928 1787 980 ccc,

197 1015 246 1062 et
276 1005 455 1075 genuit
497 1003 646 1061 ﬁlios
701 1015 759 1062 et
814 1007 991 1073 ﬁlias,
1048 1014 1105 1062 et
1164 1013 1415 1061 mortuus
1462 1014 1564 1063 est.
1613 1005 1793 1062 [leber

204 1113 296 1153 rem
365 1106 521 1153 esset
581 1113 855 1155 annorum
924 1114 1124 1156 cxxer
1190 1097 1378 1169 genuit
1440 1097 1660 1155 Phalec.
1723 1098 1792 1153 Et

193 1192 317 1247 vixit
356 1191 541 1249 Beber
590 1196 884 1264 postquam
917 1194 1106 1265 genuit
1151 1194 1352 1251 Phalec
1393 1194 1549 1250 annis
1577 1208 1791 1251 cccnxx

186 1287 287 1362 [AL
316 1286 539 1361 ecus],
571 1298 631 1345 et
668 1290 857 1361 genuit
882 1289 1021 1345 ﬁlios
1042 1297 1100 1345 et
1129 1289 1290 1356 ﬁlias,
1320 1296 1377 1345 et
1402 1295 1651 1345 mortuus
1680 1296 1789 1359 est.

187 1391 210 1422 ι
234 1383 437 1439 Phalec
466 1399 596 1439 cum
627 1392 781 1442 esset
818 1400 1088 1441 annorum
1127 1400 1271 1441 cxxx
1312 1385 1501 1456 genuit
1541 1384 1783 1457 Rhagau.

187 1475 254 1533 Et
278 1478 413 1533 vixit
450 1478 659 1535 Phaiec
688 1486 975 1549 postquam
1003 1480 1193 1550 genuit
1212 1478 1438 1550 Rhagau
1467 1478 1624 1533 annis
1644 1493 1787 1546 ccxx,

194 1579 248 1627 et
271 1571 450 1641 genuit
481 1570 630 1627 ﬁlios
658 1579 717 1627 et
741 1570 898 1639 ﬁlias,
933 1580 989 1627 et
1018 1580 1267 1627 mortuus
1286 1581 1392 1627 est.
1416 1570 1641 1641 Rhagau
1665 1586 1787 1626 cum

198 1674 337 1721 esset
368 1680 641 1720 annorum
670 1679 856 1720 cxxxu
890 1664 1079 1743 genuit
1109 1663 1345 1722 Serucb.
1394 1664 1465 1719 Et
1485 1662 1620 1719 vixit
1642 1663 1790 1719 Rha-

188 1774 303 1831 gau,
332 1767 630 1831 postquam
667 1760 862 1831 genuit
898 1758 1130 1828 Serucb,
1169 1760 1329 1814 annis
1356 1755 1386 1798 1³
1416 1773 1478 1822 c,
1512 1766 1570 1813 et
1603 1757 1792 1829 genuit

1892 533 2021 590 anni
2072 549 2277 590 luxu.
2309 534 2491 591 Thare
2530 534 2635 591 iste
2672 541 2795 606 post
2832 543 3064 589 mortem
3092 530 3187 594 ﬁlii
3215 528 3299 585 sui
3326 531 3493 585 Aram

1891 627 2117 684 adduxit
2165 643 2357 684 omnes
2396 642 2527 685 suos
2573 628 2641 685 de
2689 643 2785 685 sua
2843 627 3075 700 regione
3110 634 3168 683 et
3207 624 3496 695 provincia

1892 730 1919 762 ο
1972 724 2367 795 Assyriorum,
2428 722 2523 779 ubi
2572 722 2691 779 nati
2744 724 3009 790 luerunt,
3065 729 3121 778 et
3166 719 3442 777 Abraham
3473 760 3492 790 ,

1890 828 1948 873 et
1998 816 2248 886 Nachor,
2297 825 2353 875 et
2409 820 2576 874 Aram
2620 817 2822 873 mortui
2874 816 3089 883 ﬁlium,
3141 823 3200 873 et
3240 814 3392 872 venit
3437 816 3497 871 in

1892 920 2090 969 terram
2115 912 2331 969 Charan
2358 922 2416 970 et
2435 912 2704 969 habitavit
2731 912 2805 968 ibi
2826 912 2983 969 annis
3006 927 3127 981 ccv,
3155 920 3215 969 et
3243 919 3495 970 mortuus

1893 1014 1979 1063 est
2002 1007 2058 1063 in
2093 1006 2338 1075 Cbaran,
2372 1007 2465 1062 ubi
2505 1005 2770 1062 habitavit
2796 1005 2852 1062 in
2903 1006 3127 1077 regione
3154 1003 3496 1062 Chananteo-

1892 1112 2037 1155 rum.
2068 1098 2241 1169 Hujus
2269 1097 2466 1155 Tharae
2488 1113 2633 1155 anno
2658 1114 2849 1166 xxvrn,
2878 1099 3227 1172 Assyriorum
3257 1114 3357 1157 rex
3381 1098 3499 1171 pri-

1893 1206 2017 1249 mus
2046 1192 2231 1249 Belus
2261 1201 2511 1255 mortuus
2537 1200 2643 1260 est,
2674 1208 2836 1264 quem
2867 1192 3080 1266 Assyrii
3110 1192 3273 1251 deum
3318 1194 3500 1250 nomi-

1893 1294 2187 1353 naverunt,
2219 1294 2277 1342 et
2300 1285 2415 1342 .alii
2443 1286 2633 1343 dicunt
2677 1285 2976 1342 Saturnum
3003 1326 3020 1353 ,
3062 1294 3225 1356 atque
3253 1284 3368 1342 ﬁlio
3393 1299 3496 1342 suo

1892 1392 2124 1448 regnum
2156 1377 2501 1435 tradiderunt
2534 1394 2549 1433 :
2581 1380 2882 1445 vocabatur
2904 1387 3086 1435 autem
3116 1378 3305 1435 Ninus.
3327 1378 3499 1450 Hujus

1892 1469 2091 1530 Tharas
2115 1486 2259 1527 anno
2310 1486 2467 1540 xux,
2510 1470 2898 1543 Sicyoniorum
2928 1471 2985 1527 in
3007 1470 3222 1528 Graecia
3251 1472 3503 1543 regnavit

1894 1562 2135 1635 Europs,
2160 1564 2421 1621 defuncto
2459 1565 2738 1637 Egialeo,
2770 1568 2863 1636 qui
2886 1567 3096 1637 primus
3116 1564 3501 1638 Sicyoniorum

1896 1660 2149 1731 regnavit
2202 1677 2219 1715 :
2284 1676 2352 1718 ex
2417 1678 2527 1731 quo
2580 1660 2921 1719 territorium
2968 1659 3503 1732 Peloponnesiorum

1897 1753 2142 1826 Egialea
2174 1758 2495 1815 vocabatur.

186 1851 314 1908 ﬁlios
364 1862 428 1909 et
468 1854 634 1921 ﬁlias,
667 1860 726 1908 et
795 1863 1048 1909 mortuus
1077 1860 1179 1908 est.
1240 1851 1455 1909 Serucb
1488 1868 1614 1908 cum
1644 1862 1791 1908 esset
1817 1846 1868 1909 B
1965 1847 2061 1903 XI.
2098 1848 2316 1906 Nachor
2344 1849 2448 1917 vir,
2478 1848 2685 1906 Melcha
2712 1848 2936 1921 eonjux.
2962 1847 3090 1905 Filii
3114 1848 3360 1915 Melchaa,
3391 1845 3497 1918 0x,

189 1960 453 2002 annorum
498 1956 529 2007 ,°
580 1960 719 2002 cxxx
769 1946 960 2018 genuit
1004 1945 1243 2002 Nachor.
1297 1945 1369 2001 Et
1401 1943 1539 2000 vixit
1577 1944 1789 2001 Serucb

185 2048 474 2111 postquam
500 2040 687 2111 genuit
712 2037 935 2095 Nachor
964 2040 1120 2096 annis
1146 2054 1233 2108 cc,
1262 2046 1319 2094 et
1348 2038 1537 2109 genuit
1565 2036 1708 2093 ﬁlios
1733 2044 1790 2093 et

185 2129 334 2202 ﬁlias,
389 2140 451 2188 et
494 2140 750 2187 mortuus
789 2140 897 2188 est.
930 2131 1147 2188 Nachor
1174 2147 1299 2187 eum
1335 2138 1485 2187 esset
1518 2145 1786 2186 annorum

188 2239 333 2282 txxtx
360 2226 567 2296 genuit
595 2226 799 2282 Thare.
835 2226 905 2280 Et
942 2225 1082 2281 vixit
1108 2225 1328 2281 Nachor
1366 2234 1655 2296 postquam
1687 2242 1784 2297 ge-

196 2320 295 2374 nuit
316 2318 510 2376 Thare
541 2319 701 2375 annis
728 2316 753 2357 ἀ
786 2334 951 2388 cxxv,
985 2326 1044 2375 et
1065 2318 1253 2389 genuit
1276 2318 1420 2375 ﬁlios
1448 2326 1505 2374 et
1533 2318 1696 2386 ﬁlias,
1729 2326 1787 2374 et

210 2420 418 2467 mortuus
450 2420 567 2468 est.
602 2410 783 2467 Thare
813 2428 935 2468 cum
970 2422 1118 2468 esset
1146 2426 1560 2467 annornminxx
1602 2410 1790 2482 genuit

207 2502 396 2572 Amm,
430 2514 492 2562 et
520 2503 769 2572 Nachor,
792 2514 845 2559 et
870 2504 1059 2559 Aram.
1089 2507 1260 2561 Aram
1292 2512 1475 2561 autem
1505 2512 1632 2560 ante
1660 2520 1791 2561 con-

201 2607 423 2669 spectum
452 2598 633 2671 patris
674 2598 761 2653 sui
793 2604 1040 2654 mortuus
1069 2606 1190 2667 est',
1232 2598 1563 2669 reliquitque
1591 2598 1788 2670 ﬁlium,

201 2692 280 2764 qui
301 2690 691 2751 nominabatur
715 2691 877 2763 Loth,
905 2708 1069 2766 quem
1097 2691 1309 2751 socium
1339 2691 1533 2750 habuit
1558 2692 1786 2750 Abram.

1897 1941 2080 2012 Banx,
2137 1943 2382 2012 (Samuel,
2426 1944 2615 2012 Cazat,
2660 1943 2680 1982 ί
2728 1945 2907 2013 Axau,
2956 1942 3213 2012 Pheldas,
3260 1940 3505 2011 Jeldath,

1897 2038 2148 2096 Bathuel.
2209 2038 2320 2095 Iste
2353 2048 2457 2107 est,
2487 2038 2582 2109 qui
2620 2053 2782 2109 supra
2825 2037 3079 2108 Bathuel,
3123 2052 3195 2093 ex
3237 2052 3347 2109 quo
3396 2035 3507 2093 Re-

1897 2130 2063 2188 becca
2094 2148 2108 2187 :
2139 2131 2259 2188 hare
2286 2141 2371 2188 est
2391 2146 2529 2189 uxor
2556 2132 2707 2187 lsaae
2742 2150 2755 2186 :
2789 2130 3090 2187 concubina
3122 2131 3352 2203 Regina.
3377 2128 3505 2186 Filii

1896 2223 2136 2297 Regmaz,
2164 2227 2431 2295 Chaman,
2460 2227 2663 2299 Tabes,
2696 2226 2933 2297 Tochos,
2968 2226 3219 2283 Maacha.
3245 2224 3501 2281 Nascun-

1896 2325 1985 2374 tur
2014 2334 2145 2391 ergo
2180 2335 2247 2376 ex
2290 2320 2539 2377 Nachore
2569 2330 2623 2377 et
2649 2319 2861 2375 Melcha
2906 2334 3085 2375 uxore
3109 2317 3207 2374 ﬁlii
3234 2326 3384 2387 octo,
3419 2324 3507 2373 at-

1893 2425 1999 2482 que
2030 2412 2206 2482 neptis
2230 2410 2339 2485 [AL
2366 2410 2560 2485 nepos]
2592 2411 2862 2481 Rebecca,
2886 2426 3009 2481 quae
3033 2410 3135 2466 fuit
3164 2425 3302 2466 uxor
3325 2409 3508 2466 lsaac:

1892 2510 1952 2559 et
1971 2518 2039 2560 ex
2060 2504 2263 2575 Regina
2288 2505 2595 2561 concubina
2623 2512 2925 2560 nascuntur
2964 2503 3065 2559 ﬁlii
3092 2512 3350 2574 quatuor.
3376 2503 3512 2561 Om-

1896 2612 1998 2655 nes
2022 2613 2152 2670 ergo
2178 2599 2277 2656 ﬁlii
2304 2599 2523 2656 Nachor
2552 2600 2866 2657 duodecim.
2912 2597 3188 2655 Abraham
3232 2600 3463 2656 maritus
3484 2642 3502 2670 ,

1896 2692 2035 2751 Sara
2054 2710 2217 2766 uxor,
2242 2694 2375 2753 Filii
2403 2694 2576 2767 Sane,
2592 2695 2759 2766 Esau,
2781 2693 2953 2753 Jacob
2979 2711 2994 2749 :
3016 2692 3323 2751 concubina
3335 2692 3507 2767 Agar,

1709 2847 1944 2910 NOTAE.

199 2988 355 3050 aebio
400 2986 563 3045 fuisse
589 2983 898 3045 Cainanum
944 2988 1159 3046 huncce
1196 2988 1433 3045 alterum
1472 2987 1794 3060 Arphaxadi

198 3061 366 3118 ﬁlium
387 3061 837 3131 praetermissum.
867 3061 989 3130 Ipse
1009 3062 1152 3117 idem
1178 3061 1448 3117 Eusebius
1475 3061 1638 3117 modo
1667 3075 1791 3116 eum

201 3132 382 3199 tacuit,
427 3133 521 3187 ubi
550 3135 786 3203 primum
836 3133 1260 3189 serui-nationes
1288 3133 1540 3202 digessit.
1583 3133 1795 3187 Recen-

212 3214 307 3259 και
358 3203 453 3258 hic
500 3211 680 3259 tamen
711 3213 871 3259 tanto
914 3219 1185 3260 consensu
1242 3212 1462 3260 veteres
1500 3204 1794 3259 Eusebiani

215 3275 311 3331 libri
339 3290 566 3341 omnes,
588 3275 723 3347 editi
751 3291 818 3331 ae
844 3290 1007 3343 mss.,
1037 3286 1096 3332 ut
1115 3276 1417 3345 Pontacus,
1449 3277 1538 3347 qui
1568 3276 1795 3330 minima

208 3362 415 3419 quaeque
454 3349 594 3403 mira
636 3346 924 3403 sedulitate
976 3349 1344 3419 persequitur,
1386 3347 1544 3416 nihil,
1576 3347 1646 3419 de
1685 3361 1795 3414 quo

1976 2986 2007 3029 δ
2048 2987 2188 3064 Huic
2230 3003 2405 3064 annos
2443 3000 2586 3047 cem
2614 2989 2804 3064 tribuit
2843 2989 3111 3064 Scaliger,
3155 2991 3512 3064 quemadmo-

1902 3058 2118 3134 dumget
2142 3062 2197 3118 in
2227 3063 2436 3134 aliquot
2465 3077 2596 3118 mss.
2628 3058 3153 3134 Pontacusiinvenit.

1979 3144 2000 3172 ο
2041 3132 2670 3206 Ροηωοιιθὶεριααθὶηια
2687 3150 2868 3206 novem
2893 3133 3201 3202 dumtaxat,
3226 3149 3387 3205 quem
3411 3152 3512 3192 nu-

1868 3259 1873 3263 .
1902 3220 2114 3261 merum
2139 3206 2283 3261 haud
2311 3204 2428 3261 scio
2454 3204 2764 3277 quempiam
2799 3204 3079 3273 Veterum,
3106 3216 3199 3261 aut
3219 3204 3513 3264 Recentio-

1903 3293 2023 3331 rum
2054 3277 2310 3347 probare.
2360 3277 2473 3334 Nos
2496 3293 2639 3333 cxxx
2669 3277 2823 3345 juxta
2854 3292 3017 3346 quam
3044 3278 3305 3334 continuo
3344 3279 3513 3337 refert

1902 3347 2225 3422 Graecorum
2243 3351 2614 3422 interpretum
2636 3353 3104 3422 supputationem.
3136 3359 3190 3405 et
3216 3349 3511 3422 plerosque

213 3414 451 3475 lectorem
482 3432 651 3492 suum
681 3414 1080 3492 moneret,'hic
1125 3414 1231 3475 loci
1263 3414 1538 3474 habuerit.
1562 3418 1683 3492 Sed,
1703 3433 1798 3473 ne-
1826 3414 1873 3481 C
1906 3420 2054 3492 ipsos
2094 3414 2434 3477 Eusebianos
2458 3420 2625 3492 codd.
2652 3414 3010 3492 restituimus.
3056 3414 3507 3492 Porrogquatdam

214 3505 295 3559 que
323 3506 448 3546 eum
486 3489 966 3562 editionScailgeri
1008 3500 1172 3555 tacet,
1224 3506 1348 3560 qua:
1378 3500 1560 3562 tamen
1605 3490 1799 3547 subseo

205 3576 442 3632 quentem
491 3561 627 3616 inde
671 3560 976 3619 Verborum
1037 3568 1370 3633 pericopem,
1426 3560 1643 3617 Cainam
1679 3579 1796 3615 cum

206 3646 322 3688 esset
371 3649 637 3707 annorum
684 3647 821 3707 cxx:
876 3634 1051 3707 genuit
1108 3632 1261 3690 Salo.
1306 3632 1376 3687 Et
1422 3636 1551 3688 vixit
1579 3634 1797 3707 Cainom

204 3713 457 3777 postquam
479 3703 826 3777 genuit_Sala
863 3703 1013 3761 annis
1039 3721 1268 3766 cccxxx.
1302 3714 1348 3758 et
1390 3706 1563 3777 genuit
1584 3706 1723 3775 ﬁlios
1750 3715 1797 3760 et

206 3776 357 3847 ﬁlias,
387 3777 609 3831 omittit.
643 3775 777 3831 Nam
808 3778 973 3833 fuisse
1000 3778 1219 3847 quidem
1243 3775 1556 3832 tacet'Salaa
1589 3790 1797 3845 patrem

204 3845 509 3921 Cainanum,
539 3864 678 3921 non
730 3845 1086 3921 Arphaxadi,
1133 3863 1294 3921 quem
1344 3849 1508 3921 modo
1560 3850 1796 3916 dixerat,

201 3919 441 3975 eumdem
475 3919 647 3975 ﬁlium
688 3938 700 3973 :
743 3919 915 3990 eaque
948 3922 1000 3975 in
1032 3936 1090 3976 re
1120 3919 1410 3975 manifesto
1443 3920 1795 3976 librariorum

203 3990 344 4061 lapsu
388 3992 461 4046 ob
487 3991 809 4046 earumdem
829 4007 1058 4052 ‘Vocum.
1106 3992 1245 4062 ﬁlios
1273 4001 1321 4044 et
1348 3992 1486 4061 ﬁlias
1516 4008 1795 4047 recursum

199 4070 405 4133 peccat.
440 4077 596 4133 neca
621 4077 733 4133 quo
762 4063 927 4117 fuerit
954 4063 1078 4119 Sala
1106 4063 1344 4131 genitus,
1374 4065 1552 4117 docet.
1581 4062 1797 4119 Verene

202 4137 349 4195 igitur
383 4132 696 4201 Eusebius,
733 4150 893 4205 quem
927 4134 1202 4189 sexcentis
1234 4135 1559 4205 testimoniis
1586 4144 1799 4191 constat

210 4205 498 4277 Cainanum
518 4204 763 4277 alterum
782 4206 1115 4275 expunxisse
1138 4221 1171 4260 e
1194 4204 1624 4276 patriarcharum
1648 4207 1795 4275 albo,

208 4274 277 4333 hic
314 4276 598 4332 admisit?
635 4274 747 4348 Ego
790 4274 1080 4349 scripsisse
1134 4274 1433 4332 Eusebium
1492 4277 1610 4333 hmc
1647 4278 1792 4345 dico,

209 4363 295 4402 non
346 4364 452 4403 suo
496 4361 703 4415 sensu,
756 4350 853 4403 sed
903 4366 967 4405 ex
1026 4349 1380 4420 Septuaginta
1434 4351 1795 4417 interpretum

202 4429 371 4475 mente
405 4439 418 4473 :
453 4433 581 4473 nam
634 4429 691 4475 et
731 4426 899 4475 totam
932 4436 1222 4487 annorum,
1263 4436 1399 4490 quos
1447 4430 1702 4488 supputat
1741 4423 1794 4475 in

208 4490 419 4561 reliquis
442 4492 895 4561 generationibus
918 4494 1121 4547 seriem
1152 4508 1323 4561 usque
1354 4494 1420 4547 ad
1446 4492 1675 4553 Nachor.
1711 4508 1800 4548 re-

206 4563 332 4615 citat
367 4564 427 4617 ad
454 4577 647 4617 eorum
681 4563 862 4618 ﬁdem.
904 4563 1384 4619 Verosimillimum
1444 4575 1624 4618 autem
1655 4564 1797 4619 arbi-

205 4641 333 4707 tror,
364 4635 449 4689 isti
493 4632 812 4707 Graecorum
848 4637 1085 4701 calculo,
1130 4637 1273 4707 quod
1307 4645 1360 4689 et
1394 4638 1588 4690 factum
1630 4652 1794 4704 supra

202 4706 466 4776 novimus,
498 4704 672 4761 alium
702 4723 916 4776 quoque
944 4704 1202 4762 Hebraei:
1238 4707 1513 4761 interdum
1556 4708 1717 4762 etiam
1742 4717 1800 4763 et

198 4774 529 4833 Samaritani
568 4774 899 4846 exemplaris
942 4778 1255 4834 subdidisse
1278 4822 1291 4845 ,
1331 4788 1389 4832 ut
1420 4778 1687 4849 integrum
1717 4781 1793 4834 le-

194 4850 335 4902 ctori
370 4859 554 4917 esset,
587 4850 676 4904 cui
709 4851 872 4904 vellet
897 4850 1181 4906 accedere.
1216 4850 1437 4905 Factum
1469 4867 1598 4905 vero
1630 4852 1794 4906 libra-

196 4920 411 4990 riorum
432 4920 606 4990 culpa,
644 4930 702 4973 ut
725 4922 933 4975 duobus
963 4922 1115 4985 aliis,
1148 4922 1215 4975 ad
1252 4922 1635 4987 compendium
1672 4923 1794 4980 libri

197 4989 532 5055 faciendum,
562 4992 803 5057 omissis,
836 5008 976 5048 unus
1003 4996 1104 5048 iste
1134 4993 1485 5064 Septuaginta
1515 4994 1793 5049 seniorum

200 5063 458 5135 calculus,
491 5066 582 5134 qui
615 5065 779 5134 vulgo
805 5074 914 5119 tum
940 5067 1202 5134 temporis
1218 5063 1521 5134 obtinebat,
1551 5066 1797 5135 reliquus

199 5132 356 5209 luerit
397 5152 408 5185 :
454 5132 667 5209 tametsi
710 5132 995 5207 minosque
1043 5132 1315 5209 impendio
1360 5132 1565 5193 auctori
1612 5132 1795 5209 operis

199 5206 537 5279 probaretur.
572 5205 710 5261 Hine
731 5205 923 5262 autem
941 5223 1085 5262 novo
1112 5208 1189 5274 id,
1221 5209 1367 5279 quod
1395 5205 1667 5279 superius,
1693 5226 1795 5267 nec

200 5279 363 5351 semel
395 5276 1085 5351 diximus,icomprobatur
1112 5276 1433 5351 argumento
1466 5276 1481 5335 Ξ
1511 5280 1649 5336 nihil
1678 5283 1794 5338 θοι-ο

199 5348 400 5423 licitum
449 5348 619 5423 fuisse
657 5350 951 5406 Eusebium
994 5351 1048 5405 in
1085 5348 1362 5423 ea,'quam
1396 5352 1497 5407 hoc
1529 5356 1793 5421 prooemio

198 5419 546 5496 perstrinxit,
570 5420 819 5496 historia,
852 5433 1035 5496 certas
1066 5419 1372 5496 temporum
1406 5419 1650 5481 rationes
1672 5443 1795 5496 per-

197 5494 373 5564 sequi,
404 5493 549 5563 quod
581 5494 859 5563 proposito
883 5494 1104 5549 minime
1127 5495 1405 5550 intererat.

263 5573 292 5602 ει
324 5565 515 5620 Altera
539 5578 753 5633 qucque
782 5566 974 5619 isthmc
996 5570 1276 5634 pericope,
1296 5565 1493 5622 Pltalec
1519 5585 1635 5622 cum
1666 5579 1795 5624 esset

197 5650 451 5691 annorum
480 5639 819 5713 cxxxngenuit
853 5637 1097 5713 lihugau.
1147 5638 1213 5693 Et
1240 5639 1365 5692 vixit
1396 5638 1615 5713 Phalec,
1647 5652 1794 5713 post-

194 5723 349 5782 quam
387 5709 567 5782 genuit
594 5707 813 5779 Rhagau
839 5712 1003 5782 annis
1032 5725 1180 5775 calx,
1208 5722 1254 5764 et
1275 5711 1448 5779 genuit
1478 5713 1613 5781 ﬁlios
1644 5707 1692 5765 et
1722 5714 1791 5781 [i-

196 5780 315 5852 lias,
350 5780 401 5835 ei
428 5790 664 5834 mortuus
707 5790 802 5845 est,
836 5780 888 5833 in
929 5782 1295 5852 Scaligeriana
1328 5780 1577 5842 Edit'tune
1609 5780 1785 5840 mani-

194 5849 329 5911 testo
360 5852 775 5922 Exscriplorum
805 5852 937 5906 vitio
967 5849 1322 5909 desideratur.

473 5949 754 6013 Ρλτκοι.
774 5946 1068 6034 “XXVII.

1904 3492 1973 3547 de
2002 3491 2249 3564 Serucho
2277 3492 2499 3548 tradunt
2525 3491 2723 3564 _Malala
2750 3489 2957 3564 (ξω-οη.
2986 3507 3043 3563 p.
3076 3493 3167 3564 7'5,
3200 3489 3513 3564 iisdemque

1903 3563 2091 3635 verbis
2112 3564 2392 3621 Cedrenus
2412 3580 2467 3635 p.
2509 3562 2581 3617 45
2603 3564 2736 3617 edit.
2771 3560 2908 3633 Reg.
2938 3560 3058 3634 quae
3101 3563 3172 3618 ab
3198 3562 3301 3619 hoc
3331 3560 3511 3622 Euse-

1903 3634 1979 3711 bii
2004 3636 2145 3711 libro
2171 3651 2235 3711 se
2264 3634 2829 3711 inminutaecepisse:
2860 3636 2914 3691 ἐκ
2934 3644 3027 3697 τῆς
3050 3637 3209 3711 φυλῆς
3230 3643 3321 3691 τοῦ
3349 3637 3511 3711 nemo

1904 3709 2134 3784 ἐγεννήθη
2162 3708 2203 3784 ὁΔ
2217 3711 2443 3784 Σιροὺχ,
2468 3706 2620 3784 ῥοῇσι-ις
2656 3708 2898 3784 iunget-ro
2926 3706 3133 3784 πρῷσέος·
3160 3710 3246 3784 τὸᾼ
3266 3714 3360 3784 τοῦ
3395 3706 3514 3784 ξω.-

1902 3779 2150 3855 ληνισμοῦ
2181 3778 2436 3855 δόγξιατὸξ·
2463 3778 2547 3835 διὰ
2573 3786 2669 3855 τῆς
2692 3778 3130 3855 εἰδωλολατεὸεζας,
3160 3782 3322 3855 meo;
3346 3781 3509 3855 Εὐσέ-

1907 3852 2019 3927 ero;
2045 3848 2070 3909 ὃ
2093 3848 2347 3927 Παμφίλου
2368 3850 2765 3927 βυνεγρὰψατο.
2797 3848 2884 3904 Ex
2910 3848 3122 3927 Jagft‘eti
3152 3850 3317 3927 stirpe
3343 3849 3511 3927 Seru-

1905 3925 2034 3995 ehua
2064 3919 2273 3995 quidam
2303 3924 2418 3995 fuit,
2448 3919 2963 3995 qn'i'primusauctor
2985 3919 3284 3995 El_l_em'smi,
3311 3919 3510 3995 cultum

1904 3990 2504 4056 Idololatriwiiistituit,
2555 3990 2997 4062 quemadmodum
3039 3991 3298 4047 Eusebius
3346 3990 3511 4046 Pam-

1903 4064 2038 4138 phili
2065 4068 2293 4138 scripsit.
2324 4065 2527 4138 Locum
2558 4065 2828 4138 integrum
2856 4063 3508 4138 eumquesatislongum

1905 4133 1975 4191 ex
2001 4133 2250 4193 Cedreno
2278 4138 2471 4193 reeitat
2497 4136 2743 4205 Scaliger
2767 4136 2822 4189 in
2845 4133 3049 4191 Graecis
3080 4133 3507 4207 Eusebiipﬂﬁ,

1903 4210 1998 4275 qui
2047 4219 2101 4264 et
2139 4211 2441 4265 Sernclium
2474 4225 2583 4263 non
2628 4224 2694 4263 ex
2740 4206 2956 4277 Japheti
2993 4207 3186 4273 stirpe,
3224 4206 3510 4265 sed’Semi

1903 4279 2075 4337 fuisse
2105 4282 2343 4337 ostendit
2375 4299 2391 4334 :
2429 4291 2483 4335 et
2508 4279 2802 4335 Eusebium
2840 4279 2914 4333 ita
2938 4278 3224 4348 scripsisse
3262 4279 3510 4347 suspica-

1906 4361 2039 4432 tur:
2070 4358 2269 4432 Σερορχ
2300 4353 2569 4432 γενόμενος
2600 4354 2724 4432 ἐῖρν
2750 4349 2846 4432 ρλέ
2876 4356 3021 4432 ’γεννᾷ
3050 4352 3137 4406 τὸν
3163 4354 3364 4432 ῌαχώρ
3384 4391 3409 4432 ἱ
3428 4354 3510 4407 καὶ

1902 4420 2155 4500 ξπέζησεῦ
2183 4420 2370 4500 ea},
2400 4420 2549 4500 εὶεκρὶ
2572 4424 2647 4478 νοι¹
2665 4420 2813 4500 {robe
2832 4420 3088 4500 ’AGpao'zu.
3111 4420 3512 4500 06105363530;

1903 4496 2092 4572 ἤρξατο
2115 4505 2206 4572 rei?
2228 4492 2587 4572 Ἐλληνίσμὸῦῖ
2614 4498 2713 4572 καὶ
2720 4501 2811 4550 τοῦ
2824 4492 3093 4572 deﬂuens"
3118 4501 3219 4572 τῆς.
3238 4492 3511 4572 εἰδώλολας

1904 4564 2102 4645 ⁸ᾑρείοις.
2160 4568 2228 4625 Ut
2280 4584 2411 4624 vero
2442 4564 2514 4622 sit
2558 4567 2625 4621 de
2675 4564 3295 4645 Eusebii'testimonio,
3348 4564 3507 4645 quod

1906 4635 1998 4693 h'ic
2026 4652 2176 4696 certe
2206 4657 2314 4695 non
2338 4646 2664 4705 comparet:
2706 4638 2867 4706 longe
2904 4637 3066 4691 etiam
3101 4650 3131 4689 a
3169 4635 3275 4690 ﬁde
3313 4636 3504 4703 abest,

1905 4723 2187 4768 auctorem
2204 4711 2535 4766 ldoloiatriei
2556 4711 2732 4764 cultus
2760 4708 3061 4764 Seruchuln
3086 4707 3265 4777 ipsum
3286 4716 3504 4777 putare,

1906 4783 1974 4838 ad
1998 4784 2157 4854 cujus
2188 4792 2393 4839 tantum
2428 4793 2670 4850 tempora
2700 4778 3025 4836 idololatria:
3051 4779 3264 4835 initium
3295 4780 3390 4834 alii
3411 4794 3504 4836 re-

1907 4855 2089 4911 ferunt
2117 4856 2427 4927 Scriptores
2454 4854 2603 4908 boni.

1980 4929 2007 4965 ά
2047 4928 2225 4997 Atque
2244 4918 2410 4981 'hunc
2453 4940 2737 4980 numerum
2796 4929 3001 4992 augent
3047 4930 3207 4997 vetus
3240 4918 3409 4975 editio
3448 4928 3507 4975 et

1907 4991 2177 5069 Scaliger,
2222 5014 2385 5070 quem
2433 4997 2641 5070 iaciunt
2683 5009 2806 5052 esse
2850 4991 3032 5049 cxxix.
3077 4991 3246 5048 Paulo
3289 5006 3509 5062 quoque

1907 5080 2033 5142 post
2056 5085 2151 5142 pro
2171 5069 2319 5137 quem
2350 5070 2567 5135 socium,
2594 5069 2779 5142 legunt
2802 5082 2952 5142 quem
2979 5080 3177 5142 secum.

1985 5154 2008 5179 θ
2049 5134 2195 5199 idem
2238 5142 2366 5196 libri
2388 5143 2450 5194 de
2480 5134 2777 5210 provincia,
2808 5138 2865 5210 id
2887 5148 2993 5201 cst,
3036 5136 3394 5210 Assyriorum.
3437 5134 3508 5190 Et

1907 5230 2058 5282 mox,
2090 5216 2147 5267 in
2177 5224 2367 5268 ten-au:
2396 5207 2650 5277 Cannam,
2681 5225 2781 5279 pro
2806 5208 3037 5278 Charon,
3060 5207 3167 5281 qua
3188 5207 3256 5264 de
3273 5208 3508 5265 lectione

1904 5286 2033 5342 vide
2053 5285 2370 5342 Pontacum.
2906 5306 2912 5314 -

1987 5357 2007 5397 τ
2052 5358 2221 5413 Deest
2248 5358 2337 5411 hic
2360 5358 2508 5412 Axau
2538 5357 2592 5408 in
2616 5352 2985 5425 Scaligeriana
3014 5351 3278 5417 editione,
3294 5366 3427 5425 quae
3453 5357 3512 5406 et

1907 5429 2046 5501 legit
2086 5428 2349 5501 Jedaaph,
2401 5422 2787 5501 pro‘Jeldath,
2818 5436 2890 5501 _et
2930 5424 3133 5501 Reuma
3161 5422 3514 5501 continenter

1909 5492 2010 5572 pro
2066 5492 2279 5572 Regina,
2326 5492 2380 5554 et
2403 5492 2677 5572 'Tabecrlt,‘
2703 5492 3052 5572 et'_Moso_ch,
3096 5510 3194 5566 pro
3238 5492 3439 5572 Tab_e_e._
3455 5503 3514 5550 et

1913 5565 2186 5627 Μασαιαὲ
2215 5565 2378 5644 atque
2407 5572 2541 5626 inira
2571 5570 2831 5644 Nebroth,
2859 5579 2915 5644 et
2942 5565 3171 5644 Maenia.
3203 5581 3301 5636 pro
3329 5565 3515 5644 Naita-

1913 5644 2044 5707 loth,
2081 5653 2135 5697 et
2178 5636 2366 5698 illasna
2404 5661 2432 5712 q:
2473 5643 2711 5711 denique
2740 5640 2981 5712 Gepliar,
3021 5638 3249 5711 Nuphar
3283 5654 3381 5706 pro
3412 5636 3515 5712 Se-

1907 5717 2067 5787 phar,
2098 5714 2329 5788 Gephar,
2363 5708 2482 5787 qua:
2512 5708 2709 5787 passim
2739 5708 3009 5770 annotarc
3044 5708 3177 5766 sane
3219 5708 3519 5781 permoles-

1910 5798 2024 5844 tum
2047 5794 2150 5843 εει.

3035 5940 3075 6001 3

3642 470 3659 505 \
