4048 6414
485 285 590 348 103

485 418 858 464 invenimus
890 419 1234 464 ROIIANORUI;
1459 430 1674 468 PQMAIQN
1708 431 1937 470 ΒΑΣΙΛΕῙΣ.

484 499 549 560 C.
607 501 782 559 Julius
828 503 1010 559 Caesar
1048 519 1140 562 an.
1180 501 1237 572 4,
1318 501 1919 582 εΓαΐοςΊούλιοςιαῑσαρ
1941 501 2082 563 ἕτηδ’

962 610 1180 651 menses
1209 594 1243 650 6

485 690 760 761 Augustus
789 688 972 746 Cassar
1018 704 1109 745 an.
1143 689 1231 754 56,
1309 698 1516 769 Καῖσαρ
1543 690 1841 765 Αὔγουστος
2017 691 2084 759 νζ

957 797 1174 840 menses
1205 781 1240 838 6

483 873 730 935 Tiberius
1167 878 1240 933 25
1313 882 1547 957 Τιϐέριος
2007 881 2083 938 »ιϐ’

484 969 551 1028 C.
576 969 817 1042 Caligula
861 986 956 1028 an.
983 971 1040 1043 3,
1075 988 1152 1028 m.
1183 974 1251 1029 10
1329 973 1348 1012 ί
1374 977 1526 1036 Γάϊος
1542 961 1996 1050 Καλλιγούλαςῖτη
2015 974 2082 1051 γ’,

1387 1077 1552 1142 μῆνας
1584 1067 1611 1125 ι’
1621 1108 1634 1124 .

486 1156 741 1220 Claudius
765 1175 854 1218 an.
892 1160 991 1231 ts,
1019 1177 1093 1218 ιη.
1129 1161 1163 1217 8
1191 1169 1242 1231 a,
1320 1160 1558 1226 Κλαύδιος
1961 1145 1966 1150 ’
2021 1163 2084 1238 ιγ’

1081 1254 1241 1312 (1.28
1332 1287 1334 1290 ν

487 1349 632 1408 Nero
655 1365 746 1409 an.
774 1349 863 1420 15,
889 1367 965 1406 m.
992 1350 1049 1422 7,
1081 1350 1138 1406 d.
1166 1350 1238 1406 28
1310 1352 1452 1427 Νὲρω
1807 1367 1810 1370 ’
2023 1346 2084 1426 ιγ’

485 1442 855 1516 Vespasianus
871 1458 960 1499 an.
977 1443 1034 1513 9,
1051 1460 1125 1500 tn.
1145 1443 1234 1512 11,
1310 1445 1704 1508 Οὐεσπασιανὸς
2055 1443 2084 1500 ι’

1088 1538 1145 1595 d.
1175 1539 1248 1593 22

483 1630 642 1689 Titus
665 1630 1027 1704 Vespasianus
1054 1647 1144 1687 an.
1175 1631 1234 1700 2,
1309 1640 1460 1696 Τῖτος
1489 1632 1884 1698 οὑεσπασιανὸς
2035 1631 2084 1708 β’

1101 1726 1245 1782 ω.8

485 1816 826 1876 Domitianus
845 1835 936 1878 an.
968 1818 1058 1887 15,
1093 1837 1167 1876 m.
1201 1821 1236 1877 5
1311 1825 1636 1894 Δομειτιανὸς

485 1911 660 1970 Nerva
893 1931 983 1972 an.
1017 1917 1074 1986 1,
1104 1933 1178 1971 m.
1209 1914 1244 1970 4
1315 1919 1537 1996 Νέρουας
2037 1939 2074 1972 α

483 2006 752 2078 Traianus
853 2026 944 2069 an.
976 2009 1066 2077 19,
1099 2027 1174 2065 m.
1207 2010 1242 2067 6
1316 2011 1561 2091 Τραιανὸς
2022 2008 2085 2064 ιϐ’

488 2101 798 2161 Hadrianus
1115 2143 1118 2146 η
1169 2105 1236 2160 Si
1315 2104 1574 2183 Ἁδριανὸς
2014 2101 2086 2160 καί

483 2197 755 2254 Antonius
787 2196 912 2254 Pius
948 2211 1073 2254 cum
1114 2197 1241 2254 [iliis
1310 2207 1606 2261 ’Δυτωνῖνος
1636 2197 1662 2255 ὃ
1687 2198 1969 2261 ἕπικληθεὶς
1995 2200 2090 2253 Εὐ-

559 2291 781 2348 Aurelio
828 2291 884 2349 et
933 2291 1101 2348 Lucio
1151 2308 1242 2349 an.

667 2437 670 2440 .
930 2384 1246 2454 sab,m.s

487 2477 559 2536 Μ.
592 2479 919 2547 Antoninus,
948 2480 1038 2551 qui
1061 2489 1117 2536 et
1139 2481 1245 2536 Ve-

559 2589 694 2647 rus,
751 2584 808 2633 et
852 2572 930 2641 ι..
990 2576 1244 2633 Aurelius

551 2667 952 2729 .Commodusa.
973 2669 1154 2736 i9,m.
1174 2671 1202 2726 1
1223 2679 1248 2710 ο

1389 2295 1551 2356 σεϐἠς
1594 2287 1706 2352 ’σὺν
1752 2302 1865 2356 τοῖς
1911 2297 2092 2352 παισὶν

1390 2389 1623 2465 Δὺρηλεῳ
1652 2390 1740 2443 καὶ
1765 2390 1966 2460 Λουκίῳ
2016 2388 2092 2463 κγ’

1315 2483 1517 2562 Μάρκος
1572 2489 1868 2544 ’Δντωνῑνος
1925 2482 1954 2538 ὁ
2013 2485 2097 2537 καὶ

1388 2579 1602 2656 Οὐῆρος,
1618 2578 1837 2638 Amiano;
1859 2597 1912 2634 τε
1934 2567 2098 2656 Λύρῆ-

1395 2671 1500 2732 λιος
1529 2668 1557 2726 ὁ
1582 2673 1668 2726 καὶ
1693 2668 1952 2744 Κόμμοδος
2042 2666 2098 2725 ιϐ’

484 2759 816 2816 Commodus
1113 2793 1117 2798 -
1171 2761 1246 2818 13
1317 2761 1586 2836 Κόμμοδος

487 2854 712 2912 Helvius
741 2854 1001 2912 Pertinax
1037 2935 1040 2940 ν
1107 2872 1182 2911 In.
1214 2857 1248 2913 6
1319 2857 1540 2921 Ἑλουῖος
1568 2859 1810 2938 Περτίναξ
1872 2868 2040 2934 μῆνας
2060 2859 2100 2922 ς’

487 2947 723 3015 Severus
1055 2965 1149 3007 an.
1173 2952 1244 3009 18
1319 2961 1566 3028 Σιουῑηοος
1919 2951 2010 3014 ἔτη
2033 2954 2096 3014 ιη’

485 3044 790 3104 Antoninus
815 3042 1090 3103 Caracalla
1114 3044 1144 3084 ’λ
1201 3047 1235 3104 7
1310 3047 1643 3112 Ἀντωνῖνοςό
1671 3049 1954 3113 ἐπικληθεὶς
1998 3064 2099 3106 Κα-

1272 285 1620 348 CHRONICA
1659 283 1961 359 EUSEBII,
1995 277 2444 346 INTERPRETE
2482 288 2545 348 S.
2585 280 3012 348 HIERONYMO.

2103 408 2159 472 Α

2026 1818 2081 1878 ιε’
2115 1821 2163 1883 Β
2191 1820 2402 1876 Probus

3682 279 3787 342 101

3074 402 3324 482 primane:
3617 397 3707 462 ἴτη
3745 406 3776 468 ζ

2190 503 2463 559 Macrinus
2692 503 2882 558 Annos
2918 501 2944 555 1
3025 506 3283 580 Μακρῖνος
3739 493 3785 552 α’

2188 596 2257 652 Μ.
2286 597 2538 653 Aurelius
2559 594 2864 652 Antoninus
2907 593 2944 649 4
3015 601 3298 656 Ἀντωνῖνος
3327 592 3574 671 Αὐρήλιος
3745 589 3788 646 δ’

2188 688 2500 747 Alexander
2552 689 2830 744 Mammete
3009 684 3330 764 Ἀλέξανδρος
3400 683 3428 742 ὁ
3505 685 3787 756 Meuania:

2262 782 2404 838 [ilius
2875 781 2945 838 15
3087 780 3198 842 υἱός
3723 774 3785 851 ιγ’

2190 877 2514 934 Maximinus
2911 875 2946 930 5
3015 876 3288 945 Μαξιμῖνος
3750 865 3789 924 θ’

2188 972 2495 1032 Gordianus
2903 970 2940 1028 6
3009 968 3282 1048 Γορδιανός
3750 962 3792 1026 ς’

2189 1069 2470 1142 Philippus
2903 1067 2937 1123 7
3011 1067 3257 1130 Φίλιππος
3749 1058 3793 1126 ζ

2191 1167 2387 1222 Decius
2601 1179 2692 1221 an.
2724 1164 2779 1232 1,
2809 1178 2886 1219 m.
2909 1164 2945 1220 5
3016 1165 3188 1226 Δέκιος
3741 1155 3796 1230 β’

2189 1259 2379 1316 Gallus
2407 1265 2464 1314 et
2485 1256 2818 1314 Volusianus
2904 1255 2939 1310 2
3011 1255 3200 1319 Γάλλος
3234 1241 3322 1311 καί
3351 1249 3675 1316 gamma;
3743 1250 3797 1323 β’

2193 1356 2510 1413 Valerianus
2533 1367 2590 1412 et
2630 1355 2836 1413 Gallie-
3019 1352 3706 1431 οὐαλεριανὸςκαίΐαλιηνὸς
3736 1348 3795 1406 ιε’

2266 1466 2368 1507 nus
2877 1450 2947 1506 15

2189 1543 2449 1601 Claudius
2594 1559 2686 1601 an.
2719 1543 2774 1610 1,
2807 1559 2881 1599 m.
2911 1543 2945 1598 9
3028 1542 3044 1594 1
3085 1538 3332 1607 massa,-
3744 1537 3794 1598 α’

2190 1637 2519 1693 Aurelianus
2593 1654 2687 1692 an.
2719 1633 2774 1705 5,
2806 1651 2882 1690 m.
2915 1633 2950 1690 6
3020 1635 3319 1712 Δύριλιανὸς
3750 1631 3795 1696 ς’

2191 1727 2411 1786 Tacitus
2803 1744 2880 1782 m.
2913 1727 2948 1784 6
3018 1729 3234 1789 Τὰκιτος
3565 1733 3727 1800 μῆνας
3746 1725 3791 1788 ς’

2551 1835 2640 1874 an.
2668 1818 2723 1886 6,
2752 1835 2828 1874 ω.
2858 1819 2893 1875 4
2919 1827 2944 1866 8
3021 1819 3214 1894 Πρόϐος
3362 1815 3452 1878 ἴτη
3477 1817 3541 1883 ς’,
3564 1826 3721 1889 μῆνας
3746 1813 3788 1872 δ’

2195 1916 2367 1975 Carus
2403 1930 2528 1972 cum
2572 1915 2693 1971 ﬁliis
2731 1914 2832 1972 Ca-
3015 1915 3180 1992 κάρος
3208 1914 3304 1970 σὺν
3329 1920 3445 1974 τοῖς
3481 1914 3666 1978 παισὶ,
3695 1925 3798 1966 ια-

2268 2015 2389 2071 rino
2409 2023 2466 2070 et
2493 2011 2823 2068 Numeriano
2910 2009 2947 2065 2
3091 2012 3217 2088 ρίνῳ
3241 2011 3684 2084 καὶΝουμεριανῷ
3749 2004 3796 2079 β’

2197 2110 2564 2166 Diocletianus
2723 2153 2725 2156 ‹
2874 2105 2950 2161 20
3022 2105 3381 2165 Διοκλητιανὸς
3752 2098 3796 2157 κ’

2197 2203 2448 2262 Galerius
2595 2203 2598 2206 ’
2915 2198 2953 2254 2
3026 2199 3268 2277 Γαλέριος
3651 2207 3653 2210 ‘
3752 2192 3801 2267 β’

2197 2295 2584 2356 Constantinus
2595 2311 2686 2352 an.
2699 2292 2956 2359 30,tn.10
3030 2298 3404 2356 κωνσταντῐνος
3415 2287 3580 2360 ἴτης,
3597 2292 3760 2364 μῆνας
3774 2285 3806 2344 ι’

2196 2389 2588 2447 Constantinus
2606 2429 2622 2455 ,
2651 2385 2680 2427 ¹ι
2710 2389 2857 2442 Con-

2273 2483 2504 2540 stantius
2532 2526 2547 2551 ,
2601 2488 2657 2537 et
2703 2479 2854 2536 Con-

2275 2588 2426 2632 Stans
2444 2591 2532 2631 an.
2551 2567 2642 2640 24,
2659 2590 2732 2629 m.
2755 2574 2810 2638 '5,
2829 2570 2979 2632 (1.ιὸ

2203 2668 2453 2730 Julianus
2477 2669 2746 2740 Apostata
2771 2682 2864 2724 an.
2897 2667 2957 2734 2,

2814 2759 2960 2816 m.8

2201 2858 2524 2918 Iovinianus
2818 2871 2896 2912 m.
2927 2853 2968 2932 8_

2203 2955 2639 3027 Valentinianus,
2666 2966 2722 3014 et
2737 2955 2849 3013 Va-

2274 3051 2391 3110 lens
2493 3067 2584 3108 an.
2620 3051 2710 3120 15,
2741 3064 2816 3107 m.
2847 3049 2880 3105 5
2911 3045 2955 3103 ⁵.

2026 3187 2257 3246 NOTAE.

561 3313 588 3346 ⁸
613 3303 860 3378 Scaliger
877 3321 978 3379 pro
1007 3314 1124 3362 octo
1150 3307 1339 3366 scribit
1362 3325 1543 3364 narem
1565 3323 1806 3374 menses,
1837 3308 2090 3367 totidem-
2116 3310 2162 3373 C

485 3394 596 3453 que
625 3381 766 3436 inira
798 3394 900 3450 pro
941 3379 1227 3444 undecim;
1269 3381 1322 3438 in
1353 3380 1691 3453 VeSpasiano
1738 3381 1860 3437 'l‘ito
1908 3393 2090 3439 autem

489 3452 628 3509 duos
657 3461 866 3506 tantum
895 3467 995 3521 pro
1025 3460 1141 3504 octo
1169 3453 1386 3508 tribuit.
1471 3452 1480 3453 “
2053 3504 2055 3506 .

565 3523 592 3562 ι)
630 3523 799 3596 Falso
825 3522 1099 3596 Pontacns
1123 3523 1314 3596 viginti
1364 3533 1476 3580 tres
1504 3539 1678 3581 annos
1726 3533 1782 3581 et
1823 3526 1966 3596 quod
1997 3541 2094 3582 ex-

491 3595 668 3656 currit
709 3593 946 3650 Antonio
975 3594 1073 3651 Pio
1099 3593 1400 3665 asserebat,
1434 3613 1560 3652 cum
1589 3597 1804 3653 etiamsi
1842 3593 2092 3654 rationes

494 3667 648 3722 ineas
681 3681 712 3719 a
741 3667 852 3736 die,
877 3681 980 3735 qua
1015 3666 1232 3737 imperii
1263 3667 1468 3736 collega
1511 3670 1746 3725 asscitus
1775 3677 1859 3724 est
1887 3670 1956 3724 ab
1989 3671 2092 3725 Ha-

492 3741 727 3804 driano,
785 3738 1006 3794 nonnisi
1061 3739 1183 3793 dies
1241 3741 1495 3796 undecim
1546 3755 1710 3810 supra
1766 3742 2088 3811 vigesimum

496 3815 712 3865 tertium
761 3825 963 3865 annum
997 3813 1259 3880 regnarit.
1297 3811 1488 3867 Verius
1524 3824 1706 3868 autem
1737 3812 1807 3868 ab
1834 3812 2090 3868 Hadriani

494 3896 672 3936 morte
695 3884 1099 3952 supputaudum
1127 3891 1236 3947 est,
1266 3899 1292 3934 ιι
1319 3900 1428 3950 quo
1458 3899 1633 3938 annos
1661 3885 1752 3950 2‘2,
1783 3898 2002 3939 menses
2033 3885 2090 3949 7,

493 3953 614 4008 dies
654 3952 749 4018 26,
786 3954 1077 4022 imperium
1121 3955 1377 4008 obtinuit.
1419 3954 1777 4011 Restituimus
1816 3956 1956 4010 adeo
1991 3971 2090 4010 nos

491 4024 640 4093 juxta
670 4025 1035 4095 Sciiligerum,
1068 4026 1314 4094 aliosviue
1347 4026 1539 4090 libros,
1572 4043 1736 4082 annos
1763 4027 1856 4093 ἓξ,
1889 4036 2090 4082 οωιεηι

495 4097 561 4148 ad
597 4095 859 4160 Eusebii,
907 4096 1371 4168 sive_llier0nymi
1404 4099 1642 4154 rationes
1669 4141 1682 4160 ,
1711 4108 1870 4166 prout
1911 4109 2088 4167 erant,

496 4181 786 4222 remanere
821 4167 984 4236 passi.
1016 4165 1276 4223 Graecum
1309 4169 1634 4224 laterculum
1674 4185 1777 4225 suo
1811 4185 1964 4224 more
1993 4165 2093 4223 ab-

495 4240 672 4298 solute
702 4238 892 4310 vig-inti
923 4251 1034 4293 tres
1076 4250 1498 4310 numerat,quo
1542 4240 1750 4296 scilicet
1794 4255 1958 4303 anno,
2006 4250 2090 4295 ta-

495 4310 658 4365 metsi
680 4309 966 4364 dumtaxat
989 4310 1226 4378 incepto.
1247 4321 1341 4365 aut
1373 4309 1522 4366 certe
1545 4327 1654 4366 non
1675 4313 1914 4377 expleto,
1935 4312 2091 4367 obiit.

570 4391 592 4418 ε
622 4381 775 4441 Illud,
806 4397 978 4436 mense
1004 4398 1129 4440 uno.
1162 4383 1306 4452 quod
1335 4382 1565 4452 ipsemet
1595 4386 1648 4438 in
1691 4384 1963 4438 ClirOnico
1998 4383 2093 4437 ad~

493 4451 575 4507 dit
604 4453 888 4518 Eusebius,
923 4454 976 4506 in
1006 4451 1318 4510 PontaCena
1343 4451 1525 4510 autem
1557 4456 1799 4510 editione
1828 4456 1914 4510 hic
1941 4455 2090 4510 desi-

494 4525 824 4596 derabatur,
877 4524 1189 4596 suﬂ'ecimus
1227 4537 1283 4581 et
1318 4541 1416 4582 nos
1455 4536 1581 4596 post
1619 4527 1985 4595 Scaligerum,
2029 4541 2094 4581 ac

495 4595 820 4651 Vetustiores
869 4595 1154 4668 editiones.
1207 4596 1285 4651 Re
1334 4595 1497 4652 etiam
1539 4597 1676 4668 ipsa,
1727 4599 1939 4652 tametsi
1983 4614 2089 4652 non

495 4669 711 4739 integro
739 4667 1174 4739 mense,rdiebus
1198 4670 1392 4724 saltem
1419 4667 1670 4725 undecim
1689 4715 1704 4737 ,
1737 4669 1950 4738 imperii
1999 4686 2096 4723 an-

498 4738 632 4794 num
662 4738 1123 4810 undevicesimum
1164 4755 1554 4810 supergressus
1591 4750 1678 4795 est
1709 4743 1775 4796 Μ.
1811 4742 2090 4806 Aurelius,

495 4812 638 4882 quod
667 4828 734 4868 ex
763 4807 1147 4866 historicorum
1178 4807 1534 4879 testimoniis,
1563 4823 1616 4867 et
1641 4828 1763 4868 cum
1794 4813 1984 4882 primis
2024 4829 2090 4867 ex

489 4881 639 4938 Julio
673 4883 981 4952 Capitolino
1025 4883 1319 4954 colligitur.
1359 4883 1607 4938 Alterum
1649 4885 1718 4937 ab
1761 4881 1862 4939 hoc
1892 4900 2086 4938 nomen

495 4955 688 5010 vitiose
715 4956 768 5009 in
807 4965 966 5008 antea
993 4953 1371 5010 editis/Elius
1407 4955 1682 5024 Pertinax,
1715 4970 1817 5026 pro
1848 4954 2085 5022 Helvius,

492 5035 601 5086 etc.
634 5028 933 5082 dicebatur.
1077 5083 1080 5085 Α

562 5096 587 5132 δ
614 5097 721 5154 Sex
743 5107 946 5152 tantum
969 5113 1144 5153 annos
1157 5093 1453 5155 Caraealla:
1467 5099 1712 5156 tribuunt
1726 5115 1848 5154 cum
1865 5109 2084 5156 veteres

490 5167 635 5235 alim,
671 5167 1304 5242 tumLatinaScaligeri
1347 5168 1546 5238 editio;
1579 5170 1720 5239 quod
1751 5180 1838 5226 est
1865 5169 2081 5239 quidem

495 5255 627 5294 vero
657 5241 911 5310 pronius,
940 5242 983 5294 si
1021 5241 1238 5311 Dionis,
1269 5241 1362 5310 qui
1391 5251 1520 5296 tunc
1561 5245 1821 5308 temporis
1843 5242 2079 5303 vivebat,

495 5313 806 5372 testimonio
857 5312 1007 5366 omni
1063 5311 1460 5382 propemodum
1511 5314 1834 5381 exceptione
1889 5315 2082 5380 majori

489 5394 722 5449 stemus,
739 5384 830 5455 ubi
860 5398 983 5438 eum
1013 5385 1176 5440 tradit
1196 5387 1334 5441 libro
1348 5400 1555 5440 Lxxvnt
1579 5396 1746 5455 supra
1767 5401 1862 5441 sex
1885 5400 2081 5452 annos,

491 5469 600 5509 non
645 5456 746 5510 nisi
788 5454 1002 5510 duobus
1039 5455 1346 5523 mensibus,
1390 5454 1729 5526 totidemque
1766 5456 1958 5512 diebus
1996 5473 2079 5512 rei

491 5541 708 5600 gnasse.
738 5528 1061 5600 Spartianus
1087 5539 1268 5600 tamen
1292 5570 1307 5595 ,
1354 5544 1516 5600 quem
1547 5527 1648 5582 hac
1681 5529 1797 5596 ipsa
1829 5529 1896 5582 de
1917 5543 2078 5600 causa

493 5595 689 5669 Pagins
733 5595 1118 5668 reprehendit,
1169 5595 1388 5669 sibique
1428 5600 1650 5655 minime
1688 5595 1942 5656 constare
1983 5599 2081 5664 ait,

489 5667 704 5743 longius
738 5671 907 5726 multo
935 5667 1148 5742 tempus
1177 5667 1308 5726 illud
1341 5671 1610 5741 protrahit
1654 5688 1667 5725 :
1701 5670 1936 5743 licetque
1983 5673 2084 5727 du-

489 5737 704 5824 bitare,
752 5759 884 5824 num
931 5757 998 5802 ex
1046 5737 1170 5816 ejus
1225 5737 1493 5803 sententia
1549 5743 1814 5802 Eusebius
1848 5737 2082 5816 'quoque

483 5823 810 5884 suppetant.

2270 3321 2294 3349 ε
2327 3310 2410 3368 Ab
2429 3309 2708 3383 Syncello,
2732 3309 2824 3380 qui
2847 3307 2916 3364 de
2945 3322 3096 3363 more
3111 3304 3341 3383 totidem
3363 3303 3478 3361 fere
3507 3302 3799 3383 Eusebium

2197 3383 2380 3438 verbis
2402 3377 2714 3452 descripsit,
2745 3377 2846 3435 hoc
2868 3395 3085 3450 quoque
3111 3378 3474 3452 Romanorum
3507 3377 3807 3452 imperato-

2196 3471 2322 3530 rum
2360 3448 2684 3510 latercnlum
2725 3448 3067 3530 excensim—us
3092 3467 3123 3506 a
3153 3466 3275 3530 pag.
3303 3449 3410 3507 250
3433 3448 3803 3530 Venetaedit.

2195 3527 2263 3581 ad
2297 3527 2456 3582 finem
2489 3540 2664 3594 usque
2683 3525 2808 3594 ejus
2843 3519 3322 3594 chronographize,
3351 3536 3473 3591 quae
3503 3522 3556 3576 in
3588 3519 3808 3578 Diocle—

2201 3601 2354 3652 tiano
2381 3597 2598 3654 desiuit.

2274 3667 2291 3706 ί
2324 3669 2378 3724 In
2423 3672 2525 3724 lioe
2569 3681 2717 3738 saepe
2753 3667 2819 3723 ab
2865 3665 3210 3738 Eusebianis,
3253 3680 3322 3738 ex
3370 3663 3560 3738 Latina
3604 3665 3801 3722 saltem

2197 3737 2682 3807 interpretatione,
2733 3739 2958 3793 calculis
3015 3737 3224 3794 abludit
3277 3737 3602 3809 Syncelltts,
3654 3739 3801 3806 quod

2196 3827 2412 3867 menses
2440 3813 2534 3882 qui
2561 3811 2767 3866 solidos
2796 3825 2968 3864 annos
2998 3819 3356 3882 exsuperant,
3389 3819 3533 3882 tacet
3563 3825 3577 3864 :
3609 3824 3803 3882 quam-

2195 3899 2356 3954 quam
2400 3880 2470 3938 id
2505 3883 2689 3938 malim
2734 3897 2834 3952 ego
2876 3882 3194 3954 plerumque
3212 3880 3798 3954 librarioromnpotius

2195 3949 2356 4025 quam
2385 3955 2622 4010 auctoris
2637 3949 2940 4010 oscitantite
2957 3949 3318 4025 tribui.A-Alias_
3331 3949 3377 4006 si
3398 3951 3533 4006 levis
3557 3953 3793 4012 dierum,

2194 4023 2285 4080 aut
2337 4029 2497 4082 unius
2543 4025 2841 4081 alteriusve
2871 4025 3075 4080 mensis
3114 4023 3182 4078 sit
3224 4023 3501 4087 defectus,
3549 4025 3794 4078 absolute

2196 4098 2329 4153 illud
2356 4100 2587 4168 spatium
2627 4113 2723 4167 pro
2750 4113 2894 4152 anno
2931 4106 3208 4168 supputat.
3239 4095 3496 4168 Primum
3527 4093 3612 4148 hic
3643 4094 3798 4149 vides

2197 4168 2250 4224 in
2289 4166 2515 4224 Claudio
2549 4183 2612 4224 ac
2633 4166 2880 4232 Nerone,
2925 4168 3153 4222 alterum
3192 4166 3247 4221 in
3280 4166 3611 4236 Vespasiano
3635 4175 3802 4236 atque

2196 4241 2346 4308 aliis,
2379 4257 2500 4311 quae
2533 4241 2648 4298 loca
2689 4240 3000 4309 singillatim
3028 4237 3334 4307 expendere
3356 4278 3374 4305 ,
3406 4253 3515 4293 non
3541 4247 3721 4292 vacat.

2274 4323 2297 4359 κ
2326 4307 2572 4381 Scaliger
2602 4324 2703 4366 (res
2731 4307 2936 4364 tantum
2971 4323 3186 4364 menses
3225 4324 3323 4378 pro
3359 4320 3582 4379 quatuor
3623 4307 3800 4362 ascri-

2197 4383 2312 4447 bit;
2339 4399 2402 4438 ac
2430 4383 2596 4437 refert
2627 4385 2742 4453 ipse
2770 4384 2932 4437 etiam
2981 4381 3338 4436 Cassiodorus
3357 4421 3374 4448 ,
3403 4381 3606 4450 aliquot
3635 4381 3802 4433 dum-

2200 4465 2347 4510 taxat
2395 4455 2512 4509 dies
2560 4469 2723 4524 supra
2777 4461 2990 4510 sextum
3049 4467 3252 4508 annum
3309 4462 3529 4522 tresque
3573 4466 3802 4506 menses

2197 4525 2434 4582 Probum
2466 4526 2754 4593 imperium
2798 4525 3118 4580 obtinuisse.
3158 4525 3419 4580 Absolote
3441 4536 3624 4578 autem
3666 4539 3803 4593 qua-

2198 4608 2315 4652 tuor
2344 4607 2603 4669 supputat
2645 4597 3011 4669 Syncellnsin
3052 4594 3247 4652 Graeco
3279 4595 3572 4662 laterculo,
3602 4610 3800 4669 quam-

2119 4708 2171 4768 Β
2200 4685 2369 4768 (ιιιὲιιιιὶ
2395 4666 2639 4740 Scaliger
2670 4666 3009 4768 ίιιιιιωξιρὲτη
3030 4668 3098 4768 εἰ,
3128 4683 3427 4768 annos
3453 4666 3795 4768 2|.)B‘05tl-(lii‘i:

2267 4737 2297 4778 λι
2330 4743 2402 4795 De
2430 4737 2705 4810 snofquae
2735 4751 2857 4810 post
2877 4739 3223 4795 Coristantini
3259 4737 3571 4810 Vicennalia
3601 4737 3807 4793 subse-

2193 4823 2454 4881 quuntur,
2487 4809 2876 4883 Hieronymum
2907 4811 3221 4867 adtexuisse
3263 4810 3331 4883 ad
3355 4809 3600 4883 Valentis
3623 4825 3803 4883 usque

2193 4900 2406 4947 necem,
2453 4884 2567 4937 sive
2597 4881 2940 4938 con'sulatum
2969 4883 3090 4952 ejus
3113 4897 3164 4938 Vl
3191 4893 3248 4938 et
3287 4881 3655 4938 Valentiniani
3685 4881 3800 4937 ite-

2191 4971 2311 5010 rum
2331 4997 2346 5018 ,
2375 4970 2534 5010 nemo
2565 4966 2682 5017 est,
2715 4958 2804 5025 qui
2835 4958 3069 5025 ignoret.

2271 5026 2287 5065 ί
2333 5027 2427 5081 llis
2461 5027 2642 5081 subdit
2680 5024 2934 5082 continua
2965 5028 3110 5082 serie
3151 5025 3464 5084 Parmensis
3494 5039 3599 5080 ms.
3625 5024 3799 5095 longa

2192 5097 2394 5154 lacinia
2426 5099 2855 5172 ἀνακεφαλαίωσιν
2900 5099 3161 5156 hactenus
3203 5100 3606 5169 descriptorum
3654 5107 3798 5154 tem-

2264 5313 2279 5365 i
2326 5314 2480 5386 Legit
2507 5316 2561 5370 in
2589 5314 2785 5372 Graeco
2811 5313 3052 5383 Scaliger
3077 5311 3168 5373 ἴτη
3190 5312 3232 5386 β’
3245 5358 3258 5382 ,
3291 5313 3435 5384 quod
3458 5321 3546 5369 est
3568 5312 3792 5383 quidem

2195 5387 2400 5442 nedum
2437 5388 2755 5444 Eusebianis
2785 5388 3086 5441 rationibus
3123 5389 3294 5453 magis
3329 5395 3783 5453 consentaneum,

2191 5460 2287 5514 sed
2316 5461 2480 5513 etiam
2510 5458 2893 5513 historicorum
2923 5457 3277 5520 testimoniis,
3310 5474 3374 5512 cx
3405 5458 3602 5528 quibus
3631 5457 3788 5513 colli-

2225 5546 2322 5586 ere
2361 5541 2482 5594 est,
2523 5531 2730 5599 aliquot
2771 5534 2934 5584 etiam
2969 5543 3185 5582 menses
3215 5543 3377 5598 supra
3429 5531 3568 5583 duos
3610 5544 3789 5584 annos

2225 5546 2322 5586 ere
2361 5545 2482 5594 est,
2523 5545 2730 5599 aliqum.
2771 5545 2934 5584 etiam
2969 5545 3185 5582 menses
3215 5545 3377 5598 supra
3429 5545 3568 5583 ouos
3610 5545 3787 5584 annos

2189 5545 2473 5657 glandium
2503 5617 2782 5672 regnasse.
2811 5599 3308 5672 Verosimiliusihic
3330 5609 3514 5656 tamen
3544 5600 3787 5664 videtur,

2191 5673 2505 5745 Syncellum
2534 5671 2655 5728 cum
2687 5676 2805 5727 haec
2823 5672 2890 5726 ab
2918 5671 3158 5727 Eusebio
3181 5671 3541 5737 describeret,
3567 5689 3788 5728 menses

2188 5750 2258 5800 ab
2287 5760 2355 5800 eo
2381 5754 2674 5801 annotatos
2698 5745 3052 5812 prmlcriiSse,
3082 5753 3176 5797 aut
3199 5752 3346 5799 certe
3367 5746 3676 5802 scribarum
3702 5748 3788 5802 in-

2188 5819 2341 5878 curia
2367 5834 2434 5880 ex
2465 5816 2582 5888 ejus
2608 5816 2957 5890 posunodum
2982 5815 3140 5876 libris
3170 5815 3461 5880 excidisse.
