4016 6440
313 309 407 362 5H
873 300 931 357 S.
974 296 1353 355 HIERONYMI
1397 293 1958 352 INTERPRETATIO
1997 292 2368 350 CllRONlCA‘Z
2413 293 2680 350 EUSEBII
2723 294 3071 352 PAMPHILI.
3522 299 3632 354 519,

359 457 608 525 Assyrior.
701 453 1108 506 Laredwmonior.
1247 452 1398 504 Hebr.
1421 451 1587 502 .Iudw.
1717 449 1870 502 Hebr.
1892 450 1990 499 Isr.
2094 447 2369 514 λΕςηιριὶον,
2456 451 2750 503 [minorum
2868 450 3044 503 Amen.
3173 452 3386 504 Corium

356 571 389 636 2
458 625 466 633 .
541 622 552 634 .
620 622 628 631 .
731 582 800 631 7.
873 619 882 629 .
954 619 963 629 .
1035 617 1128 630 ..
1200 577 1302 629 17.
1373 617 1383 627 .
1455 615 1547 626 ..
1620 616 1630 626 .
1701 576 1757 625 ιτ
1832 613 1924 625 ..
1999 614 2008 624 .
2080 575 2140 625 ei
2207 611 2300 624 ..
2371 611 2384 624 .
2483 577 2515 624 9
2585 618 2594 628 .
2666 616 2757 626 ..
2828 577 2904 629 is
2987 614 3003 630 .
3074 619 3082 627 .
3156 579 3270 629 ιδ.
3341 617 3352 628 .
3428 619 3437 629 .

1193 643 1308 706 Post
1319 638 1634 706 quemAylA

1255 705 1565 768 IV,an.3.
2929 763 2932 766 _

353 760 3440 824 5...8.....1.....18...25...10...l6...u...

355 823 388 885 ι
457 874 468 884 .
542 873 554 884 .
626 872 636 882 .
729 834 808 880 9.
880 873 889 882 .
964 873 971 882 .
1047 872 1136 881 ..
1235 833 1312 881 2.
1387 870 1395 879 .
1467 871 1475 880 .
1549 871 1639 879 ..
1711 827 1770 881 19
1838 866 1929 878 ..

2078 823 3437 885 κ...11...17...15...

2085 894 2205 942 Post
2223 895 2395 956 quem°

2118 955 2367 1005 PSEU-

2111 1019 2400 1081 SENNES,

2107 1093 2221 1132 ann.
2245 1083 2325 1132 41.

353 1141 1935 1200 5...10.....3.....20..

2117 1143 3633 1205 1...12...18...16...1οἆ-0

1195 1211 1337 1323 Ὑἒέ
1353 1221 1510 1334 Ίῗῗὲ.
1529 1209 1622 1322 5:

354 1331 3441 1396 6...!l.....iHebraorumﬂ...2...15...19...17...

1264 1396 1518 1460 pontifexb
1535 1410 1637 1446 ma-

1263 1462 1428 1510 ximus
1511 1460 1633 1510 Abi-

1261 1521 1459 1572 melech
1492 1521 1634 1572 illus-

1263 1586 1355 1634 tris
1370 1585 1601 1634 habetur.

358 1651 388 1700 7
456 1689 471 1706 .
545 1687 557 1700 .
627 1684 641 1700 .
705 1649 816 1701 12.
887 1689 898 1700 .
970 1690 979 1699 .
1053 1689 1061 1699 .
1231 1647 1642 1711 2Prophetabant
1706 1647 1769 1698 22
1841 1687 1852 1698 .
1925 1687 1935 1698 .

2115 1649 3446 1705 5...1ι...20...18...

1616 1751 1876 1811 GRAECA
1917 1753 2379 1814 FRAGMENTA.

401 1880 501 1929 Τοῦ
528 1871 693 1947 Ἰούδᾳ
711 1870 1131 1947 δ’,μέϐασξίλενσεν
1152 1883 1286 1931 ABIA
1312 1873 1486 1947 i'm'y'.
1518 1873 1766 1947 Sync._p.
1801 1870 1926 1947 HQ.

402 1945 714 2070 Τοῦίῶούδα
764 1944 820 2008 ε’,
874 1946 1202 2002 ἐϐασίλευσεν
1249 1954 1361 2004 AIA
1392 1943 1486 2005 ἔιξη
1531 1943 1636 2018 μα’.
1687 1943 1929 2016 Syncell.

406 2031 457 2070 α.
606 2059 617 2070 .

331 2031 457 2088 pag.
495 2031 617 2071 te».

403 2088 656 2177 ‘Eépgiaio
692 2090 973 2177 ἀρχιερεὺς
1016 2089 1292 2177 ςΛϐιμὲλξζ
1336 2087 1654 2177 ξγγωρίςεηοο
1680 2092 1933 2177 -Προεφτξο

330 2181 481 2217 τευον
500 2160 578 2216 di
610 2160 800 2233 ’Λχῖαςί
819 2201 835 2228 ,
854 2160 1088 2232 Sanctia;
1161 2160 1298 2218 καϊὸ
1329 2160 1411 2216 ἑτὶί
1447 2160 1538 2218 τῖοῦ
1591 2163 1640 2214 ἐν
1680 2160 1935 2237 Σαμαρείᾳ

2039 1874 2564 1956 ρησιασῖηρίουςῐηοῆ
2581 1922 2602 1956 2
2633 1878 2769 1956 Ίῳήλ
2792 1919 2807 1944 ,
2834 1880 3077 1956 {Magiam
3097 1876 3116 1948 (
3134 1881 3222 1956 mi
3259 1878 3286 1934 ὁ
3307 1878 3434 1956 Αυέὁς
3482 1881 3644 1956 animi}

2042 1944 2337 2021 Ζαχαρίαξ)
2362 1989 2376 2011 ,
2411 1944 2473 2022 ὃς.
2493 1947 2660 2012 Ἰὠδη,
2692 1944 3038 2022 unanimiter!
3065 1944 3273 2013 'iamtizc.
3304 1949 3470 2022 Sync.
3505 1951 3643 2008 ibid.

2112 2020 2396 2094 Aiyonriwv
2426 2020 2494 2093 β’,
2516 2031 2868 2094 ᾼΨΟΥΣΕΝΝΗΣ
2915 2020 3009 2082 ἔτη
3039 2022 3148 2094 μα’.
3197 2020 3463 2080 Eusebius
3499 2022 3647 2094 apud

2043 2088 2279 2162 Syneell.
2317 2088 2438 2162 pagi
2469 2092 2560 2148 59.

1878 2269 2110 2328 NOTAE}.

339 2395 474 2450 alias
504 2394 800 2464 contigisse
852 2391 1197 2450 manifestum
1230 2403 1336 2458 est,
1390 2407 1630 2464 regnum
1645 2389 1938 2464 obtineret.
1970 2389 2021 2450 A
2047 2386 2267 2464 Εςξιξςῑοε
2287 2387 2583 2464 Scriptores
2604 2400 2920 2464 occurrunt,
2947 2391 3104 2464 longe
3124 2393 3302 2462 major
3323 2394 3652 2461 reperiatur.

337 2466 578 2535 Scaliger
605 2460 728 2520 cum
755 2467 978 2532 sentiat,
1009 2481 1111 2535 pro
1142 2480 1250 2520 uno
1278 2460 1579 2534 eodemque
1618 2462 1832 2535 habitos
1875 2460 1943 2513 ab

339 2534 596 2601 Eusebio,
625 2539 874 2591 czecultat
901 2538 956 2591 in
980 2534 1080 2592 hac
1107 2539 1220 2608 ipsa
1245 2553 1336 2590 sua
1363 2534 1759 2608 hypothesi_:_si
1785 2547 1942 2608 unus,

341 2611 614 2679 inquiens,
644 2624 738 2663 rex
763 2619 893 2662 tunc
923 2617 1042 2663 erat
1071 2604 1415 2680 inilEgypto;
1447 2608 1601 2677 isque
1651 2604 1946 2659 binominis

342 2681 443 2736 fuit
467 2724 481 2747 ,
536 2681 716 2734 nullus
763 2679 902 2734 alius
947 2694 1068 2734 esse
1100 2679 1282 2749 potest
1309 2688 1503 2746 praeter
1529 2681 1829 2749 septimum,
1853 2691 1946 2749 xxi

342 2751 607 2824 dynaSIizc
634 2753 853 2824 nomine
879 2747 1201 2824 Susemnem
1226 2797 1240 2818 ,
1289 2751 1379 2824 qui
1413 2765 1500 2824 an.
1541 2748 1705 2824 regni
1731 2748 1832 2824 _sui
1873 2747 1946 2824 i5

343 2817 482 2878 hanc
511 2823 915 2892 expeditionem
942 2823 994 2876 in
1025 2817 1265 2877 Judtcam
1299 2821 1508 2875 fecerit.
1541 2817 1686 2874 Pace
1711 2817 1943 2892 dixerim

342 2894 488 2950 docti
536 2888 635 2948 viri
657 2935 669 2958 ,
727 2894 1002 2948 abnormis
1037 2895 1376 2949 ratiocinatio
1404 2893 1516 2946 bch
1545 2900 1630 2946 est
1661 2907 1672 2942 :
1706 2889 1762 2944 Si
1791 2888 1929 2946 Sme-

344 2965 442 3021 des
485 2977 538 3020 et
573 2963 858 3020 Susachim
906 2981 1043 3021 unus
1083 2966 1336 3035 idemque
1358 2979 1451 3018 rex
1479 2973 1623 3029 erat,
1649 2962 1944 3035 Susemnes

346 3037 435 3110 bic
474 3045 614 3110 erat.
657 3037 772 3101 Ille,
805 3052 966 3110 quem
1013 3031 1264 3110 διώνυμοῦ
1307 3038 1483 3106 punit,
1536 3037 1743 3110 primus
1777 3031 1947 3110 _h_ujus

346 3107 612 3178 dynastis:
641 3123 738 3163 rex
768 3105 850 3162 est
882 3125 896 3160 :
921 3109 1046 3174 iste,
1097 3105 1350 3178 ad'quem
1380 3117 1605 3177 repente
1650 3105 1940 3178 delabitur,

345 3177 632 3250 séptimus,
661 3179 777 3235 sive
800 3179 1040 3234 ultimus.
1065 3177 1328 3235 Nimirum
1361 3181 1498 3250 ipse,
1525 3194 1629 3233 non
1657 3177 1944 3250 Eusebius,

347 3249 421 3306 ita
449 3250 686 3305 rationes
736 3265 864 3306 snas
914 3267 979 3306 ex
1012 3252 1334 3306 Manethone
1380 3249 1719 3318 conuposuit,
1751 3259 1804 3302 ut
1842 3249 1949 3304 Ro-

349 3321 528 3376 boami
560 3331 616 3376 et
659 3322 942 3377 Susemnis
983 3332 1226 3392 tempora
1279 3324 1654 3379 convenirent.
1705 3320 1950 3376 Pendent

350 3393 691 3466 veroisthmc
721 3410 785 3448 ex
813 3395 939 3459 alia,
966 3410 1128 3466 quam
1181 3398 1423 3465 Scaliger
1455 3402 1672 3460 tractat,
1726 3403 1781 3466 et
1826 3409 1948 3466 qua:

350 3464 691 3520 eruditorum
721 3466 932 3535 ingenia
965 3464 1187 3521 exercet
1216 3464 1534 3531 etiamnum,
1562 3465 1860 3535 qnmstione
1880 3465 1949 3519 de

349 3536 658 3608 §usachim,
677 3552 804 3591 num
823 3540 936 3606 ipse
949 3539 1039 3603 sit,
1058 3537 1394 3608 quiexoticis
1409 3536 1786 3607 scriptoribus,
1802 3545 1950 3608 certe

351 3607 648 3680 Herodoto,
675 3608 946 3665 Sesostris
966 3607 1286 3680 appellatur.
1325 3611 1472 3666 Unus
1500 3624 1598 3679 pro
1621 3611 1831 3663 cunctis
1857 3607 1951 3664 Jo—

350 3679 554 3752 sephus
581 3682 764 3752 Antiq.
795 3681 890 3735 lib.
926 3679 1050 3746 \‘lll,
1072 3697 1123 3736 c.
1155 3682 1221 3736 l0
1250 3699 1263 3736 :
1297 3681 1434 3735 Deus
1469 3691 1637 3735 autem
1667 3681 1946 3746 Susacum,

432 3751 926 3824 gyptiorum'reqem
947 3753 1118 3820 mittit,
1143 3755 1230 3823 qui
1259 3754 1686 3824 contumeliarum
1702 3754 1756 3805 in
1780 3757 1949 3821 ipsum

352 3821 527 3895 poenas
544 3825 786 3896 exigeret.
813 3821 900 3879 De
926 3841 1027 3891 quo
1056 3827 1108 3877 in
1139 3821 1361 3880 errorem
1402 3825 1576 3896 lapsus
1623 3821 1946 3896 Herodotus,

352 3897 464 3965 ejus
493 3912 573 3949 res
602 3895 770 3966 gestas
800 3896 1080 3950 Sesostridi
1110 3897 1367 3957 attribuit.
1403 3895 1508 3950 Hic
1547 3897 1684 3949 enim
1718 3895 1952 3949 Susacus

351 3982 489 4020 anno
513 3969 657 4038 regni
690 3967 939 4022 Roboami
963 3969 1140 4038 quinto
1170 3971 1449 4023 exercitum
1475 3977 1654 4021 contra
1677 3967 1824 4038 illum
1853 3968 1951 4018 ml-

354 4039 505 4092 duxit
552 4037 726 4110 inultis
775 4037 1000 4093 militum
1048 4039 1367 4110 myriudibus
1407 4047 1746 4094 constantem.
1794 4037 1952 4091 Illum

353 4112 489 4163 enim
516 4127 577 4164 ex
611 4109 844 4180 .Egypto
885 4109 1117 4164 comitati
1144 4121 1259 4164 sunt
1289 4127 1473 4165 currus
1503 4127 1714 4164 numero
1749 4110 1952 4178 quidem

355 4181 498 4235 mille
527 4181 758 4253 ducenti,
786 4183 1016 4252 equitum
1043 4197 1159 4236 vero
1183 4185 1449 4253 sexaginta
1480 4183 1666 4245 millia,
1694 4181 1952 4253 peditum-

352 4269 448 4321 que
479 4251 858 4323 quadringenta
884 4254 1068 4323 millia.
1103 4251 1456 4308 Adductorum
1501 4253 1730 4322 plerique
1772 4251 1956 4322 Libyes

353 4321 520 4383 erant.
551 4333 597 4377 et
626 4321 1078 4395 EthiOpes.Cum
1127 4325 1286 4395 igitur
1311 4327 1363 4378 in
1395 4321 1734 4378 Hebrteorum
1782 4321 1955 4395 regio-

355 4411 470 4448 uem
487 4394 774 4460 irrupisset,
802 4394 1156 4448 validissimas
1193 4396 1442 4450 Roboami
1473 4395 1621 4448 urbes
1647 4394 1959 4464 absque’pu-

353 4483 458 4538 gna
485 4468 640 4538 cepit,
697 4468 860 4538 iisque
888 4466 1130 4536 prtesidio
1184 4468 1424 4538 firmatis,
1459 4475 1716 4537 postremo
1743 4464 1956 4519 Jeroso-

366 4536 508 4608 lyma
545 4536 764 4608 inuasit.
820 4536 885 4590 Et
929 4538 1086 4605 paulo
1130 4547 1250 4606 post
1282 4555 1293 4591 :
1325 4536 1465 4591 Cum
1500 4547 1670 4592 autem
1721 4538 1956 4593 Susacus

359 4607 538 4682 urbem
587 4607 775 4677 absque
802 4625 973 4679 pugna
1018 4610 1072 4662 in
1108 4626 1254 4663 suam
1297 4619 1596 4678 potestatem
1646 4610 1957 4682 redegisset,

361 4679 628 4734 Roboamo
654 4694 764 4747 pra:
787 4691 925 4733 metu
947 4695 1062 4734 eum
1085 4682 1222 4735 intra
1247 4682 1750 4753 muros_accipiente,
1769 4679 1960 4752 'pactis

356 4753 540 4824 quibus
563 4759 899 4806 convenerant
929 4768 1030 4824 non
1052 4754 1273 4817 mansit,
1301 4754 1388 4806 sed
1408 4751 1680 4824 Templum
1719 4751 1957 4821 diripuit,

357 4821 726 4897 thesaurosque
769 4839 880 4876 cum
926 4821 1036 4897 Deo
1068 4841 1264 4886 sacros,
1309 4834 1414 4878 tum
1460 4821 1628 4897 regios
1658 4824 1959 4897 exinanivit,

359 4895 679 4968 myriadibus
717 4895 999 4968 innumeris
1055 4897 1169 4949 auri
1213 4895 1532 4968 argentique
1569 4896 1877 4968 exportatis,
1907 4905 1963 4949 ut

359 4966 494 5021 nihil
534 4982 745 5040 prorsus
783 4966 1027 5040 relictum
1069 4977 1218 5024 esset.
1256 4966 1328 5023 Ex
1380 4966 1483 5024 huc
1536 4967 1810 5036 prmcipue
1842 4967 1963 5023 loco

359 5038 618 5109 pugnant,
653 5049 760 5093 tam
785 5038 877 5109 qui
905 5049 1161 5095 asserunt
1217 5041 1478 5098 Sesacnm
1521 5040 1772 5094 eumdem
1803 5049 1966 5110 atque

358 5110 652 5164 Sesostrim
695 5111 894 5176 fuisse,
931 5111 1029 5165 viri
1069 5111 1396 5176 doctissimi,
1431 5110 1761 5174 Torniellus,
1794 5111 1967 5166 Scali-

2049 2457 2410 2515 Nihilosecius
2435 2460 2704 2528 integrum
2757 2463 2980 2532 Josephi
3011 2457 3322 2520 contextum
3368 2457 3652 2522 Perizonii

2050 2532 2338 2608 sententia
2367 2545 2472 2608 non
2495 2533 2797 2608 astipulari,
2831 2536 2956 2604 quin
2989 2537 3163 2605 potius
3188 2537 3403 2604 abesse,
3432 2547 3661 2608 egomet

2050 2604 2252 2678 sentio,
2283 2613 2337 2658 et
2361 2603 2406 2657 si
2429 2603 2648 2678 quidem
2673 2620 2772 2674 per
2801 2603 3052 2678 notarum
3100 2603 3396 2678 angustias
3425 2603 3615 2664 liceret
3637 2651 3660 2676 ,

2051 2673 2399 2745 probaturum
2429 2676 2602 2745 :equis
2635 2673 2925 2733 lectoribus
2970 2673 3207 2734 conlido'.
3240 2679 3377 2734 Vide
3426 2673 3659 2735 interini

2049 2744 2412 2822 Gligliel‘mum
2443 2744 2823 2822 laﬂ’mesoniumﬂ
2847 2750 2897 2804 in
2932 2749 3222 2821 Spicilegio
3255 2753 3660 2822 Antiquitatum

2051 2815 2270 2891 Eg’ypti
2298 2831 2424 2886 cap.
2455 2819 2540 2883 15,
2573 2819 2642 2874 ﬂ
2680 2829 2734 2874 et
2762 2821 2849 2886 15,
2881 2837 2943 2874 ex
2970 2815 3158 2891 parte;
3176 2823 3263 2876 ubi
3297 2815 3511 2891 singula
3551 2823 3665 2879 Pe-

2051 2889 2242 2942 rizonii
2266 2898 2590 2964 argumenta
2619 2891 2685 2945 ad
2713 2907 2940 2964 examen
2971 2889 3228 2960 revocat,
3281 2889 3598 2964 relu'tatqnc
3641 2913 3658 2949 :

2051 2969 2106 3014 et
2133 2976 2238 3014 non
2258 2961 2552 3030 Josephum
2581 2963 2763 3028 modo,
2789 2963 2884 3018 sed
2908 2973 2962 3018 et
2989 2965 3230 3032 reliquos
3251 2981 3439 3020 omnes
3463 2961 3663 3021 aucto-

2053 3045 2140 3105 [es
2167 3033 2418 3105 antiquos
2439 3047 2578 3103 quos
2607 3033 2809 3101 laudat,
2844 3034 3243 3102 Manethonem,
3290 3037 3655 3105 Herodotum,

2052 3101 2327 3164 Flaccum,
2358 3101 2612 3169 Plinium,
2642 3106 2915 3162 Justinum
2938 3149 2951 3167 ,
2983 3107 3339 3174 Jornandem,
3373 3101 3662 3175 Orosiuin,

2051 3182 2182 3251 ξω,
2201 3189 2417 3230 causam
2440 3177 2607 3245 ipsius
2632 3178 2785 3251 plane
2802 3179 3069 3251 jugulare,
3097 3179 3272 3250 ipsum
3295 3180 3527 3251 denique
3550 3181 3664 3236 sibi

2051 3245 2396 3302 Perizonium
2424 3245 2814 3305 contradicere
2829 3245 3086 3306 ostendit.

2128 3327 2153 3354 ι
2179 3319 2461 3394 interserit
2513 3319 2754 3394 Scaliger
2792 3321 2878 3394 de,
2908 3337 3007 3376 suo
3037 3325 3241 3394 justus,
3287 3337 3463 3393 neque
3509 3324 3667 3379 enim

2054 3388 2108 3465 in
2151 3391 2274 3465 ullis
2319 3392 2434 3446 sive
2478 3406 2610 3446 mss.
2653 3388 2774 3465 sive
2818 3393 2976 3448 editis
3022 3388 3175 3448 libris
3226 3388 3667 3465 cognomentum

2053 3459 2193 3536 istud
2243 3478 2496 3536 reperire
2535 3473 2638 3519 est.
2694 3464 2864 3536 Habet
2917 3475 3095 3520 tamen
3126 3466 3256 3536 quid
3287 3459 3464 3521 simile
3493 3465 3672 3522 Jose—

2054 3532 2194 3601 phus
2225 3539 2408 3604 Antiq.
2444 3534 2537 3588 lib.
2572 3550 2687 3610 vni,
2716 3549 2767 3590 c.
2803 3535 2890 3610 12,
2921 3537 3078 3591 initio
3105 3555 3118 3590 :
3145 3532 3356 3610 'Asanus
3389 3537 3672 3610 Jerosoly-

2054 3621 2256 3660 morum
2277 3623 2370 3662 rex
2398 3615 2529 3669 erat,
2563 3607 2639 3659 vir
2665 3609 2892 3662 moribus
2922 3610 3155 3677 optimis,
3204 3625 3267 3662 ac
3313 3608 3411 3663 Dei
3454 3607 3671 3664 studio-

2054 3677 2311 3751 sissimus,
2342 3680 2431 3746 qui
2451 3677 2584 3732 nihil
2607 3682 2685 3732 vel
2712 3680 2926 3750 faceret,
2971 3681 3047 3734 uel
3072 3681 3339 3751 cogitaret,
3363 3684 3502 3751 quod
3529 3698 3670 3737 anon

1981 3795 2028 3855 Β
2057 3748 2622 3855 pieltaéem,.‘l.egumque
2649 3748 3021 3855 obsavaqtiam
3055 3748 3364 3855 Ires'lpiceret.

2227 3833 2338 3855 nnll
2365 3838 2499 3855 annm
2532 3837 2826 3855 Inﬂ"lll\llm
2945 3838 3050 3855 In“)
3075 3838 3134 3855 nn
3157 3839 3264 3855 \Ilm
3319 3839 3364 3855 nt

2131 3820 2159 3860 ι)
2183 3820 2500 3878 Pontilieem
2532 3824 2826 3878 maximum
2859 3820 3290 3889 Abimelecbum,
3318 3838 3481 3893 quem
3525 3823 3673 3880 Sca-

2058 3893 2194 3962 liger
2219 3893 2457 3964 ignorat,
2479 3903 2533 3948 et
2555 3909 2661 3962 quo
2681 3896 2899 3949 nomine
2933 3895 3135 3948 nullum
3153 3896 3318 3949 fuisse
3341 3895 3669 3965 pontificem

2056 3968 2379 4030 maximum,
2413 3967 2690 4022 allirmare
2711 3968 2895 4030 audet,
2944 3967 3102 4020 facile
3131 3966 3398 4021 Eusebius
3441 3969 3670 4036 accepit

2057 4051 2119 4090 ex
2145 4036 2426 4090 Clemente
2459 4038 2731 4091 Alexand.
2779 4038 2982 4092 Strom.
3019 4053 3053 4096 r.
3087 4039 3177 4107 qui
3211 4049 3260 4091 et
3289 4038 3519 4092 divisum
3554 4039 3671 4095 He-

2058 4107 2326 4162 braeorum
2355 4124 2580 4178 regnum
2611 4110 2711 4162 sub
2741 4110 2859 4178 ejus
2889 4109 3203 4178 pontilicatu
3227 4121 3430 4164 narrat.
3452 4111 3666 4168 Scitum

2061 4195 2224 4248 porro
2256 4180 2308 4234 in
2329 4181 2565 4249 antiquis
2591 4181 2738 4234 libris
2760 4182 2960 4249 smpius
2981 4180 3387 4236 Abiinelechum
3421 4192 3474 4235 et
3495 4181 3663 4237 Achi-

2061 4249 2363 4305 melechum
2393 4252 2878 4307 obsimilitudiucm
2932 4253 3214 4306 confundi.
3251 4252 3486 4307 Proinde
3527 4252 3666 4308 Sca-

2061 4321 2215 4392 liger,
2247 4337 2369 4377 cum
2398 4322 2450 4377 in
2479 4323 2773 4385 Chronico,
2804 4335 2862 4377 ut
2884 4335 3064 4390 vocat,
3090 4324 3504 4380 Casauboniano
3523 4328 3670 4381 scri—

2063 4405 2215 4468 ptum
2249 4396 2547 4468 invenisset
2576 4395 2894 4468 ’Δχιμέλεχ,
2939 4395 3118 4468 denuo
3143 4395 3483 4468 conlidenter
3533 4413 3667 4466 pro-

2064 4465 2298 4536 nuntiat,
2318 4469 2387 4520 ita
2419 4465 2538 4522 sine
2562 4465 2728 4521 dubio
2753 4465 3040 4536 scripsisse
3073 4467 3391 4532 Eusebium,
3414 4465 3666 4522 divinan-

2059 4535 2131 4590 do
2160 4553 2226 4590 ex
2254 4537 2274 4591 l
2307 4537 2542 4608 Paralip.
2568 4554 2714 4599 xxiv.
2740 4541 2801 4600 3;
2838 4535 2947 4592 falli
2976 4548 3156 4592 autem
3191 4539 3496 4607 splendide,
3529 4553 3658 4595 cum

2065 4608 2216 4680 locus
2244 4610 2332 4663 ille
2355 4609 2423 4662 ad
2457 4626 2630 4664 aevum
2666 4610 2904 4674 Davidis,
2953 4611 3148 4663 nonad
3193 4609 3319 4664 Asa:
3367 4615 3662 4680 pertineat.

2064 4678 2236 4734 Nemo
2262 4681 2353 4750 qui
2381 4690 2590 4736 veteres
2623 4683 2789 4736 libros
2819 4681 2996 4746 norit,
3033 4690 3087 4735 et
3115 4683 3257 4750 quod
3299 4678 3558 4748 diximus,
3591 4697 3667 4740 ex

2064 4753 2346 4806 Clemente
2379 4753 2670 4808 Eusebium
2702 4753 2948 4807 hausisse
2971 4795 2986 4818 ,
3034 4768 3138 4806 non
3189 4755 3420 4822 sentiet,
3455 4765 3669 4813 temere

2066 4822 2208 4877 istud
2231 4834 2393 4893 atque
2423 4824 2616 4893 injuria
2645 4824 2771 4879 dici.

2143 4904 2165 4932 ο
2198 4894 2474 4958 Africano,
2505 4899 2751 4958 Ψουτὲνης
2789 4900 2819 4957 ἡ
2856 4899 3112 4958 Ψουνέσης
3140 4915 3150 4950 :
3190 4899 3280 4967 qui
3324 4907 3377 4952 et
3410 4913 3585 4952 annos
3611 4901 3667 4955 ei

2071 4967 2251 5043 tribuit
2282 4967 2394 5041 με,
2423 4982 2551 5032 non,
2579 4983 2629 5043 ut
2664 4971 2797 5043 falso
2820 4979 3075 5037 supputat
3101 4971 3364 5043 Scaliger.
3390 4971 3497 5043 με’.
3521 4969 3668 5042 Syn-

2069 5039 2241 5112 ccllus
2273 5039 2342 5112 ex
2369 5049 2554 5112 vetere
2571 5039 2841 5112 Chronico
2863 5044 3074 5096 Ψούενον
3096 5039 3458 5112 vocat,_eique
3488 5039 3668 5099 annos

2069 5108 2220 5163 solos
2275 5111 2346 5163 ‘25
2398 5111 2643 5166 ascribit.
2698 5111 3009 5168 Parmensis
3062 5127 3190 5176 ms.,
3255 5108 3664 5180 Psousemnem,

356 5194 472 5259 ger,
505 5179 863 5259 Marsbamns,
889 5181 1299 5259 Carpentarius,
1359 5184 1676 5259 Bochartus,
1709 5182 1952 5259 Stilling-
1985 5194 2031 5259 ρ
2069 5183 2526 5259 quemadmodum
2557 5195 2610 5237 et
2637 5183 2862 5239 Palatini
2896 5184 3138 5259 quidam,
3164 5193 3299 5238 teste
3332 5179 3670 5241 Schurzliei4

359 5253 540 5322 lletus,
574 5252 802 5322 aliique;
832 5261 943 5307 tum
988 5252 1076 5322 qui
1115 5265 1307 5310 contra
1361 5257 1485 5310 illos
1516 5269 1710 5309 omnes
1761 5252 1949 5320 sentit,

357 5321 437 5376 Cl.
475 5321 1178 5397 Periaoniusngyptiacar.
1211 5327 1416 5397 Origin.
1442 5343 1562 5396 cap.
1598 5327 1631 5380 8
1661 5335 1715 5381 et
1759 5341 1949 5397 seqq.,

357 5407 531 5468 usque
563 5394 629 5468 ad
665 5395 747 5450 l7.
777 5394 832 5449 Si
857 5394 1023 5462 enim,
1059 5399 1253 5468 inquit,
1289 5394 1612 5454 credidisset
1660 5394 1948 5467 Joseplnis,

355 5465 500 5534 quod
541 5465 761 5537 volunt,
805 5475 1095 5537 utrumque
1135 5465 1308 5525 inisse
1355 5484 1544 5524 revera
1574 5465 1826 5524 eumdem
1851 5511 1865 5535 ,
1897 5465 1954 5525 et

359 5544 565 5590 tantum
610 5535 888 5610 Sesostrim
920 5535 1186 5610 nominari
1231 5543 1299 5595 ab
1337 5539 1628 5605 Herodoto,
1664 5543 1754 5610 qui
1787 5540 1955 5596 Susa-

355 5621 453 5682 cus
485 5611 792 5682 nominatur
819 5609 888 5663 ab
915 5609 1176 5672 Hebraeis,
1213 5613 1531 5680 simpliciter
1562 5609 1768 5682 absque
1797 5628 1952 5667 erro-

357 5681 433 5733 ris
459 5681 690 5736 crimine
718 5679 770 5734 id
818 5690 1194 5747 memorasset,
1243 5679 1367 5738 cum
1409 5683 1598 5747 exigua
1631 5679 1702 5738 sit
1748 5684 1956 5740 discre-

357 5752 537 5822 pantia
569 5753 708 5807 inter
736 5753 974 5818 Sesacus,
1007 5755 1091 5808 vel
1122 5753 1362 5822 Sisacus,
1413 5765 1468 5810 et
1499 5752 1772 5821 Sesostris,
1803 5767 1855 5810 et
1905 5758 1954 5811 in

364 5825 616 5883 omnibus
642 5824 815 5884 ferme
843 5825 901 5882 S.
929 5825 1224 5897 Scriptura:
1247 5827 1576 5894 nominibus,
1597 5843 1718 5898 qua:
1738 5835 1796 5883 et
1813 5827 1956 5898 apud

2063 5255 2241 5326 scltio,
2275 5255 2366 5308 alii
2409 5252 2828 5319 Psousemensm,
2879 5252 2968 5309 vel
3012 5254 3379 5309 Pseusemnem
3403 5299 3418 5322 ,
3454 5259 3667 5326 primus

2063 5324 2421 5394 Psusemnem,
2443 5326 2678 5394 denique
2697 5329 3032 5382 vetustiores
3079 5327 3208 5380 editi
3240 5342 3362 5382 cum
3389 5324 3666 5384 Sicliardo

2059 5395 2724 5471 Pseusensemappellant.
2752 5399 3032 5471 Scaligero
3060 5398 3348 5468 doctisque
3373 5399 3496 5471 aliis
3524 5402 3663 5458 viris

2061 5485 2164 5523 non
2197 5469 2334 5524 alius
2371 5470 2456 5524 hic
2487 5471 2701 5525 videtur
2729 5485 2851 5525 csse
2881 5469 2919 5523 εί
2940 5472 3166 5534 Sesaco,
3205 5472 3325 5525 sive
3365 5470 3664 5528 Susacltim

2059 5539 2172 5613 illo,
2205 5544 2319 5613 qui,
2355 5552 2412 5594 ut
2444 5543 2601 5610 paulo
2633 5543 2890 5611 superius
2921 5551 3290 5609 notatnmest,
3316 5543 3663 5601 Roboamum

2057 5612 2274 5676 invasit,
2303 5613 2698 5685 tlteSaurosqne
2721 5614 2932 5682 Templi
2964 5615 3242 5685 cxpilavit.
3274 5615 3413 5670 Sunt
3438 5615 3577 5671 adeo
3604 5627 3666 5672 et

2066 5686 2156 5754 qui
2187 5701 2282 5755 pro
2314 5684 2657 5755 Pseusennes,
2707 5685 2930 5740 rescribi
2978 5684 3298 5741 seusec-nes
3341 5686 3534 5742 velint.
3578 5687 3663 5744 Tu

2065 5756 2270 5831 videsis
2292 5772 2413 5828 quae
2441 5759 2691 5831 superius
2718 5757 2954 5831 diximus
2975 5757 3040 5814 ad
3068 5757 3386 5826 Smendem,
3420 5771 3470 5814 et
3498 5759 3664 5831 paulo

2069 5839 2195 5897 post
2221 5829 2466 5886 dicemus
2489 5828 2556 5884 ad
2583 5829 2900 5885 Senscorim.
