4044 6452
263 275 348 332 501

563 430 837 486 Διεωαιιάν.
947 432 1199 484 Macedon.

287 429 467 494 Olyntp.

768 275 829 333 ς.
868 274 1254 334 ΗΕΒΟΝἾΜΙ
1293 271 1822 332 ιΝΤΕῆΡΒΕΤΑΤΙτ

1910 274 2269 334 ΒΙΙΒΟΝΙΟΔΕ
2318 274 2586 333 EUSEBII
2628 275 2977 348 PAMPHILI.

1908 437 2246 486 Romanorum.

3427 273 3536 331 502

3399 371 3533 419 Ann.

3029 429 3208 496 Syr-iw.
3408 429 3513 544 Aul:

1345 559 1542 624 natione
1567 559 1594 588 α
1618 557 1846 624 Insuber
1865 557 2034 624 Gallus
2051 563 2117 624 et
2151 558 2292 624 Ennii
2327 559 2544 624 primum
2572 561 2840 611 contuber-
2995 613 3000 616 _

1337 619 1470 668 "nalis
1499 635 1519 687 _:
1559 621 1758 687 quidam
1797 619 2220 687 Megiolan'ensem
2265 619 2730 687 feruntiﬂortuus,
2762 632 2840 675 est
2916 679 2920 684 _
2995 677 3002 687 ,
3080 679 3086 687 _

1347 694 1475 732 anno
1497 679 1604 746 post
1634 680 1843 734 mortem
1866 679 2009 734 Ennii
2026 683 2118 747 ,‘et
2135 683 2276 746 juxta
2295 681 2576 734 'Janiculum
2595 686 2836 749 sepultus.

1863 792 2003 849 ΤᾸΕ.

1863 793 2003 849 ΤᾸΕ.

253 889 664 960 ειιιιλοοιιινιιιη,
718 901 846 944 esse
897 886 1208 943 referenda.
1254 886 1367 960 _Hic
1409 895 1593 960 autem
1647 793 1898 946 ειηηὲοΑ
1930 885 2308 960 tantummodo
2345 887 2416 960 1’35
2435 927 2456 960 ,_
2473 886 2668 960 quibus
2706 890 2945 956 regnarit
2997 889 3115 960 ipse
3160 889 3520 946 Philometor.

253 959 431 1030 partim
479 961 632 1014 tertio
662 967 717 1014 et
748 960 950 1030 partim
993 969 1188 1030 quarto
1218 958 1544 1030 olympiadis
1578 959 1823 1030 proxime

253 1029 589 1100 praecedentis
612 1029 941 1098 reSpondet,
971 1041 1030 1085 ut
1063 1029 1292 1095 biennii,
1322 1033 1464 1098 quod
1495 1037 1550 1084 et
1578 1029 1826 1098 Scaliger

250 1110 418 1165 notat,
451 1102 904 1156 metachronismo
938 1103 1157 1156 Eusebii
1209 1103 1446 1156 rationes
1485 1117 1714 1171 peccare
1746 1103 1824 1155 vi-

251 1173 480 1228 deantur.
523 1175 792 1229 Caeterum
825 1174 913 1227 vix
943 1175 1090 1229 dictu
1122 1184 1235 1238 est,
1258 1174 1454 1242 quibus
1490 1183 1596 1228 tota
1628 1173 1818 1228 istha-c

250 1260 418 1316 regum
451 1243 824 1316 Egyptiorum
875 1245 1102 1300 historia
1137 1245 1379 1300 tenebris
1421 1246 1491 1299 sit
1539 1245 1816 1299 obvoluta.

247 1316 318 1370 Cl.
350 1315 646 1370 Dodwel’lus
677 1316 906 1371 Dissert.
939 1319 1006 1372 de
1027 1324 1276 1386 tempore
1305 1333 1410 1384 quo
1443 1317 1660 1385 scripsit
1683 1316 1822 1386 Aga-

248 1387 465 1457 tarcides
484 1403 604 1456 pag.
627 1389 695 1457 Β
715 1400 847 1442 ιοιιι.
875 1388 1291 1458 ιβρρςιειρΙιοι.
1322 1388 1454 1450 Min.
1475 1389 1671 1442 seriem
1699 1404 1821 1457 per-

246 1475 550 1530 qnamsaue
577 1461 1004 1521 accuratamah
1051 1460 1206 1518 initio
1239 1459 1625 1516 Philometoris
1655 1461 1720 1514 ad
1755 1461 1817 1512 fi-
1877 1503 1888 1516 .

247 1528 354 1585 nem
386 1528 682 1595 Cleopatrae
709 1531 942 1586 instituit
967 1548 1030 1585 ex
1057 1533 1119 1584 iis
1146 1531 1482 1596 Fragmentis
1513 1531 1818 1602 Porphyrii,

246 1619 353 1672 quae
380 1602 615 1672 Scaliger
658 1603 798 1657 inter
827 1602 1013 1657 Gréeea
1071 1602 1377 1657 Eusebiana
1422 1602 1604 1656 refert.
1656 1604 1822 1658 Docet

247 1689 391 1743 porro
412 1717 424 1738 ,
455 1675 591 1743 quod
626 1689 810 1740 opera:
851 1675 1081 1744 pretium
1105 1685 1186 1730 est
1220 1688 1406 1738 nosse,
1454 1690 1516 1726 ex
1549 1688 1614 1728 eo
1649 1674 1821 1728 moui-

249 1757 434 1811 mento,
468 1746 644 1798 varias
678 1745 846 1800 fuisse
875 1747 1193 1800 eorttmdetn
1224 1759 1407 1813 regum
1435 1744 1818 1816 A‘ngptiorum

245 1820 493 1889 epochas:
546 1826 657 1870 tum
682 1863 695 1884 ,
752 1832 859 1871 non
892 1832 922 1870 a
961 1818 1314 1889 decessorqu
1363 1831 1595 1872 excessu
1631 1833 1818 1889 regum

244 1903 398 1942 annos
422 1888 740 1956 plerumque
769 1904 892 1943 esse
917 1888 1309 1956 numerandos,
1333 1890 1423 1958 qui
1454 1896 1633 1943 tamen
1665 1888 1820 1944 error

245 1961 290 2013 in
315 1959 675 2028 cltronologiis
723 1958 1002 2014 hodiernis
1033 1961 1232 2028 passim
1277 1960 1550 2015 occurrit:
1599 1961 1816 2027 deinde,

244 2046 302 2086 ne
325 2032 528 2101 quidem
560 2035 882 2085 eorumdetn
929 2047 1113 2101 regunt
1149 2047 1324 2086 annos
1349 2046 1566 2100 semper
1596 2034 1698 2086 sibi
1733 2035 1816 2087 in—

244 2105 396 2156 vicem
429 2102 593 2156 fuisse
622 2103 912 2158 continuos
935 2146 950 2166 ,
985 2103 1079 2157 sed
1106 2119 1171 2156 ex
1200 2103 1485 2158 intervallo
1516 2103 1815 2158 alienorum

243 2189 508 2243 regnorum
541 2176 701 2227 annis
753 2190 913 2244 saepe
932 2175 1100 2229 fuisse
1149 2176 1539 2243 interpolatos:
1585 2174 1820 2244 denique

242 2259 398 2298 annos
420 2245 634 2314 regibus
655 2253 854 2314 postea
886 2247 1047 2301 fuisse
1074 2245 1382 2311 attributes,
1415 2244 1610 2316 quibus
1637 2256 1816 2303 tamen

241 2327 373 2371 extra
392 2318 619 2384 patriam
654 2319 705 2369 itt
739 2319 933 2370 exsilio
961 2317 1193 2386 egerint,
1229 2325 1493 2384 potestate
1513 2320 1659 2386 regia
1684 2335 1815 2372 exu-

243 2391 293 2440 ti.
323 2389 499 2442 Disces
541 2398 723 2442 autem
773 2393 1052 2457 quomodo
1092 2403 1396 2443 coaevorum
1447 2404 1635 2457 regum
1688 2392 1816 2444 anni

241 2460 447 2514 invicem
481 2461 860 2516 committendi
885 2463 995 2514 sint
1025 2475 1096 2515 ex
1129 2460 1233 2521 his,
1260 2475 1394 2530 quas
1423 2459 1662 2528 instruit,
1695 2461 1818 2515 dili-

242 2531 549 2600 gentissimis
577 2531 799 2585 Tabulis
822 2574 835 2587 .
864 2530 934 2587 Ut
980 2533 1268 2586 redeamus
1309 2533 1375 2584 ad
1403 2531 1766 2587 Philometora
1797 2575 1812 2599 ,

240 2617 366 2674 eum,
394 2618 513 2656 cum
562 2602 822 2674 Eusebio,
852 2601 1038 2657 Canon
1069 2603 1368 2670 Ptolemtei,
1404 2603 1740 2674 Porphyrius
1763 2608 1810 2659 in

241 2672 500 2744 Exeerptis
533 2673 699 2747 modo
732 2674 958 2728 laudatis-
987 2717 1002 2738 ,
1046 2675 1331 2747 Sync-cllas
1380 2672 1613 2747 denique
1665 2677 1812 2743 ipse,

239 2747 350 2798 solis
370 2748 523 2800 annis
561 2746 630 2801 55
663 2760 922 2814 regnasse
950 2745 1249 2801 affirmant:
1279 2745 1592 2799 Dodweilus
1631 2756 1811 2802 autem

240 2831 329 2870 uno
371 2818 599 2887 amplius
639 2817 791 2879 dicit,
828 2821 1100 2887 muriaque
1145 2834 1263 2872 eam
1299 2818 1351 2871 in
1397 2832 1508 2870 rent
1538 2816 1810 2887 disputat,

238 2902 340 2956 qua
364 2905 478 2943 cum
517 2891 694 2942 lucem
729 2906 835 2944 non
881 2892 1127 2958 exiguam
1161 2891 1283 2944 aliis
1313 2891 1430 2957 ejus
1453 2892 1597 2958 regis
1627 2894 1806 2955 antiis,

238 2970 376 3030 atque
414 2963 549 3015 adeo
586 2961 896 3015 Ettsebiano
937 2961 1141 3016 Canoni
1191 2966 1510 3016 tenerentur
1538 3003 1551 3025 ,
1591 2963 1676 3014 hic.
1717 2964 1810 3016 tle-

237 3033 453 3103 scribere
477 3047 585 3088 non
607 3032 776 3101 piget.
801 3032 1042 3103 Triginta
1065 3034 1298 3103 quinque
1315 3033 1806 3099 tlumtaxataunos,

236 3101 412 3172 inquit,
454 3105 810 3158 Philotttetori
844 3101 1087 3159 tribuunt
1129 3101 1390 3174 plerique.
1439 3103 1631 3169 Plane,
1667 3115 1721 3158 ut
1755 3107 1806 3158 in

238 3176 456 3246 proximo
486 3177 684 3244 legitur
712 3177 857 3246 regni
889 3180 1118 3245 possessi
1154 3179 1434 3230 laterculo.
1471 3177 1616 3230 Inter
1653 3177 1803 3243 illos,

237 3244 429 3310 tiauou,
475 3263 637 3314 quem
671 3244 818 3312 dixti,
855 3247 1330 3302 Astronomorttnt.
1365 3247 1533 3300 Immo
1568 3247 1650 3300 his
1679 3249 1806 3313 ipsis

238 3316 280 3368 itt
316 3319 440 3373 locis
476 3319 826 3388 Porphyrius.
867 3321 930 3372 Et
957 3336 1023 3372 ne
1064 3320 1318 3373 credatur
1359 3334 1516 3372 error
1559 3318 1809 3372 librario—

237 3403 356 3452 rum,
385 3392 586 3453 obstat,
629 3391 771 3457 quod
802 3406 866 3445 ex
901 3390 1000 3444 hu"
1032 3407 1264 3445 numero
1302 3389 1522 3454 (additis
1552 3395 1709 3442 annis
1734 3390 1806 3447 “2.9

236 3461 405 3526 quibus
430 3475 686 3532 regnasse
717 3463 876 3514 tradit
927 3463 1270 3533 Evergetem)
1318 3475 1588 3514 summatn
1635 3478 1806 3514 anno.

237 3545 333 3585 rttm
355 3534 417 3588 6i
448 3533 579 3586 oriri
612 3542 873 3598 testatur,
902 3549 1024 3602 quae
1054 3533 1209 3587 fuerit
1244 3536 1293 3587 iu
1329 3533 1639 3586 universum
1663 3533 1802 3587 utri-

237 3617 322 3669 que
345 3605 646 3659 tribuenda.
684 3603 748 3655 Et
771 3615 947 3658 tamen
983 3606 1122 3659 idem
1146 3606 1262 3658 vice
1285 3619 1436 3659 versa
1469 3603 1800 3673 Porphyrius

1932 957 2076 1026 Ergo
2097 971 2298 1012 annum
2331 958 2399 1032 ab
2443 958 2602 1013 initio
2632 974 2734 1013 suo
2773 959 2838 1016 19
2867 962 2982 1032 ipse
3022 957 3207 1017 tamen
3258 963 3411 1032 regni
3438 963 3521 1017 sui

1926 1030 2628 1102 numeraveratﬂdumtaxat
2665 1033 2763 1099 18,
2806 1030 2967 1102 atque
2999 1034 3070 1087 ita
3125 1030 3519 1088 numerandum

1928 1111 2262 1176 praeceperat
2307 1099 2644 1176 Philometor
2685 1104 2737 1157 iu
2783 1099 2933 1173 regni
2957 1104 3135 1160 denuo
3164 1105 3522 1176 redintegrati

1927 1173 2283 1244 συμϐολαίοις.
2318 1173 2381 1226 Ει
2429 1173 2580 1228 sicin
2615 1176 2837 1244 reliquis
2884 1177 2950 1229 ad
2993 1177 3242 1231 eumdem
3272 1173 3518 1231 modum.

1929 1242 2004 1296 Ita
2033 1242 2267 1308 factum,
2305 1254 2363 1297 ut
2393 1245 2642 1298 ultimum
2678 1242 2828 1316 regni
2858 1248 2938 1301 sui
2969 1262 3098 1302 anu.
3141 1250 3518 1304 lanllllllmtttio

1925 1315 1994 1370 55
2037 1317 2149 1389 ipse
2183 1318 2499 1389 numerarit.
2545 1315 2905 1388 Potu‘t’ergo
2961 1319 3028 1372 de
3054 1319 3177 1387 jure
3226 1320 3519 1389 Evergetes

1923 1401 2049 1448 ann,
2083 1388 2232 1444 illum
2265 1403 2292 1447 τι
2320 1388 2611 1460 decessore
2633 1405 2733 1442 suo
2768 1390 2870 1443 sibi
2910 1390 3164 1445 relictum
3205 1391 3304 1446 sibi
3337 1388 3520 1460 impu—

1924 1466 2059 1525 tare,
2097 1469 2155 1512 ut
2189 1460 2419 1526 primum
2450 1476 2480 1512 a
2515 1459 2702 1514 fratris
2726 1471 3056 1516 morte-ann.
3079 1464 3382 1516 secundum
3410 1459 3516 1516 nu-

1925 1539 2180 1603 tneraret.
2213 1528 2398 1603 Δ1ιιιιιιο
2427 1547 2616 1584 revera
2660 1532 2761 1586 sibi
2814 1533 3116 1600 imputavit.
3149 1533 3264 1587 Non
3294 1533 3515 1603 quidem

1922 1599 2026 1673 ita,
2057 1608 2113 1653 ut
2134 1600 2377 1673 primum
2404 1617 2432 1654 a
2467 1603 2648 1657 fratris
2686 1604 2835 1659 obitu
2866 1599 3162 1659 secundum
3201 1599 3513 1673 appellarit.

1922 1672 2031 1726 Nec
2057 1672 2200 1726 enim
2232 1681 2341 1726 tum
2390 1683 2666 1743 receptum
2697 1686 2799 1741 est,
2833 1685 2892 1730 ut
2927 1678 3015 1745 qui
3044 1675 3172 1729 olim
3199 1672 3300 1728 sub
3327 1676 3517 1731 deces-

1922 1759 2044 1798 sore
2076 1758 2231 1814 reges
2261 1745 2518 1818 appellati
2547 1749 2775 1808 fuerant,
2809 1763 3003 1802 novam
3035 1746 3196 1801 aliam
3227 1762 3256 1800 a
3283 1748 3518 1818 collega-

1923 1831 2042 1869 rum
2075 1821 2222 1870 exitu
2247 1816 2508 1885 epochatu
2553 1818 2890 1874 inchoarent.
2926 1819 3094 1874 Immo
3125 1816 3518 1888 receptunt,‘ut

1923 1903 2211 1942 numerum
2241 1904 2505 1961 annorum
2541 1889 2645 1942 sub
2675 1889 2964 1946 decessore
2994 1904 3253 1961 ereptum,
3286 1893 3513 1960 pariter,

1920 1961 2191 2013 exstincto
2220 1960 2509 2015 decessore
2553 1963 2961 2017 continuarent.
3015 1960 3104 2017 Sic
3147 1971 3325 2017 autem
3366 1972 3516 2018 certe

1879 2071 1882 2073 .
1919 2029 2047 2103 fecit
2089 2031 2405 2100 Evergetes.
2462 2032 2593 2086 Nam
2626 2041 2680 2087 et
2731 2034 3137 2100 illum-quoque
3185 2050 3310 2087 anu.
3345 2049 3509 2103 quem

1871 2133 1876 2138 -
1921 2102 2068 2155 solus
2098 2111 2372 2165 tenuerat,-
2395 2103 2611 2157 vivente
2642 2105 2808 2160 fratre
2832 2105 3230 2173 Philometore,
3262 2102 3380 2174 ipse
3406 2106 3512 2160 sibi

1920 2174 2195 2226 accensuit
2216 2213 2230 2236 ,
2256 2189 2378 2227 eum
2423 2190 2548 2227 ann.
2585 2189 2615 2227 a
2646 2177 2827 2230 fratris
2861 2176 3014 2230 initio
3044 2176 3114 2232 36
3139 2190 3294 2229 suum
3321 2192 3512 2231 nume-

1921 2246 2054 2297 rarit
2084 2246 2173 2298 ‘25.
2223 2245 2311 2298 Sit:
2335 2247 2478 2298 enim
2507 2247 2714 2298 nullum
2751 2262 2974 2316 prorsus
3003 2248 3070 2300 ab
3100 2249 3155 2300 Η
3188 2247 3369 2302 fratris
3400 2247 3516 2301 hia-

1922 2324 2032 2368 tum
2059 2317 2292 2384 aguovit,
2331 2319 2469 2368 unde
2496 2319 2664 2386 ipsum
2689 2319 2970 2372 οιιυιιΙίιιιιι
2999 2318 3222 2372 duxisse
3251 2319 3511 2374 vidimus.

1919 2386 2014 2442 Jus
2046 2397 2224 2456 tamen
2256 2388 2472 2456 aliquod
2513 2405 2669 2442 suum
2724 2392 2775 2442 in
2829 2391 3010 2443 fratris
3059 2389 3322 2443 honorem
3349 2391 3416 2444 ab
3443 2407 3510 2446 eo

1921 2449 2207 2530 remissum
2237 2449 2414 2530 innuit
2445 2459 2920 2530 Porphyrius.Scd
2947 2461 3365 2530 quodnatnillud
3394 2461 3510 2516 fuc-

1919 2528 2018 2591 rit.
2043 2545 2172 2602 age,
2203 2529 2500 2602 videamus.
2533 2528 2649 2584 Non
2684 2533 2899 2600 quidem
2949 2528 3078 2585 illud
3123 2532 3267 2602 quod
3306 2531 3504 2598 verba,

1918 2601 2093 2670 qualia
2125 2601 2280 2654 hodie
2320 2602 2595 2670 leguntur,
2628 2604 2877 2658 vitientur
2902 2601 3152 2657 innuere.
3193 2603 3308 2656 Non
3351 2604 3404 2657 in
3436 2619 3504 2658 eo

1915 2675 2072 2726 sitam
2102 2689 2224 2725 esse
2245 2687 2495 2742 gratiam,
2516 2675 2658 2743 quod
2686 2674 3066 2729 Philometoris
3093 2689 3219 2728 ann.
3253 2674 3321 2729 56
3346 2687 3504 2729 suum

1916 2745 2032 2811 ipse
2056 2744 2463 2816 25numerarit.
2491 2747 2597 2801 Sed
2630 2749 2746 2799 vice
2763 2762 2917 2816 versa
2948 2747 3124 2816 potius
3157 2747 3209 2800 in
3243 2760 3332 2811 eo,
3360 2748 3503 2815 quod

1915 2831 2071 2887 suum
2106 2833 2233 2869 auu.
2268 2815 2337 2868 25
2375 2815 2759 2871 Philometor-is
2791 2813 2856 2871 56
2896 2813 3275 2887 appellandum
3319 2813 3504 2872 edixe-

1915 2888 2002 2963 rit.
2039 2886 2154 2963 iich
2179 2889 2322 2963 enim
2356 2891 2888 2963 npérovi‘lt’crgclen
2932 2886 3167 2943 edixisse
3194 2890 3345 2963 docet
3370 2889 3505 2943 Por-

1914 2961 2157 3028 phyrius.
2205 2961 2406 3027 Nempe
2436 2962 2602 3026 qttod,
2636 2977 2756 3014 cunt
2785 2977 3006 3025 annum,
3034 2976 3192 3027 quem
3227 2962 3295 3016 55
3325 2976 3510 3016 nume-

1913 3037 2128 3083 raverat
2158 3031 2510 3094 Philometor,
2563 3036 2675 3101 ipse
2724 3033 3077 3086 nihilominus
3119 3032 3505 3088 Philometoris

1913 3101 1980 3155 56
2013 3111 2326 3154 numeraret
2351 3144 2364 3165 ,
2399 3118 2596 3156 attnttttt
2631 3107 2718 3173 qtti
2753 3108 2832 3157 sui
2875 3106 3066 3158 fuisset
3095 3103 3284 3169 solius,
3322 3104 3502 3158 Philo-

1913 3175 2106 3233 ntetori
2133 3174 2292 3226 etiatn
2325 3177 2661 3242 imptttnsscl.
2700 3176 2764 3228 Et
2794 3175 2935 3244 quod
2965 3177 3173 3245 primus
3207 3176 3307 3230 hoc
3338 3175 3501 3230 fecis-

1910 3254 1992 3297 set
2022 3246 2312 3312 livergetes
2333 3285 2348 3309 ,
2375 3261 2495 3297 cum
2532 3250 2762 3316 priorem
2812 3248 3054 3316 ejusdem
3084 3247 3211 3300 anni
3241 3256 3449 3316 partem
3477 3286 3494 3311 ,

1909 3330 2012 3385 qua
2061 3309 2337 3385 superstes
2385 3309 2557 3370 fuerat
2593 3309 2959 3384 I’hilomeior,
2992 3319 3061 3373 55
3090 3318 3208 3386 ejus
3236 3309 3382 3371 anno
3406 3309 3496 3372 acJ-

1908 3390 2243 3442 (.‘CIISIIisStHll
2295 3395 2412 3440 acta
2449 3390 2697 3454 publica,
2747 3392 2955 3458 aliaque
3001 3391 3050 3443 id
3099 3403 3268 3458 genus
3300 3404 3491 3443 monu-

1907 3469 2105 3511 menta.
2136 3460 2223 3512 Sic
2251 3461 2392 3511 euim
2446 3459 2640 3512 factum
2668 3507 2681 3530 ,
2713 3469 2767 3514 ιιι
2818 3461 2917 3514 sub
2947 3461 3207 3528 Evergete
3259 3460 3489 3526 creuerit

1909 3545 2027 3583 tuos
2052 3533 2139 3584 ille
2161 3545 2359 3584 annum
2384 3536 2630 3584 eumdem
2658 3533 3037 3587 l’ltilometoris
3060 3533 3128 3586 56
3157 3533 3494 3586 numerandi.

1906 3602 2168 3656 Meruerat
2197 3615 2374 3654 autem
2407 3604 2542 3655 hanc
2572 3608 2798 3672 gratiam
2830 3621 2859 3658 a
2893 3604 3057 3658 fratre
3112 3603 3446 3657 Philometor
3473 3643 3489 3669 ,

236 3688 406 3729 annum
441 3676 826 3730 Philometoris
873 3687 1139 3732 memotat
1169 3678 1237 3731 56
1274 3687 1327 3730 et
1368 3690 1491 3729 cum
1528 3676 1804 3744 Et'ergetze
1833 3679 1878 3742 C
1911 3675 2052 3743 quod
2081 3715 2096 3739 ,
2139 3689 2234 3742 pro
2265 3674 2526 3728 modestia
2563 3690 2659 3728 sua
2681 3717 2695 3741 ,
2728 3692 2755 3729 a
2783 3674 2966 3729 fratris
2997 3689 3138 3728 anno
3168 3675 3270 3729 sibi
3315 3673 3492 3727 vindi—

234 3757 355 3799 antto
377 3748 666 3801 committit
695 3746 783 3800 25.
815 3746 1004 3810 Plane,
1038 3759 1093 3800 tit
1119 3750 1173 3802 itt
1206 3749 1404 3803 tabulis
1429 3747 1630 3799 nostris
1655 3747 1804 3802 htsce

233 3813 420 3887 irgitur.
454 3819 622 3872 Immo
656 3819 892 3871 edietuut
923 3819 1090 3887 ipsius
1119 3830 1384 3873 memorat
1412 3820 1710 3883 Evergetm,
1747 3830 1803 3872 ιιι

233 3884 290 3938 ita
317 3892 800 3945 cauitttittereutur.
841 3884 954 3943 lioc
973 3894 1116 3943 enim
1146 3891 1364 3954 docent,
1399 3890 1448 3941 ni
1478 3889 1653 3957 fvtllor,
1683 3889 1802 3956 ejus

196 3961 200 3964 ’
228 3957 306 4010 iuit
335 3961 489 4016 verba
514 3979 528 4036 ς
576 3964 644 4036 Ἰξὸ
677 3963 779 4036 γὰρ
816 3965 1118 4036 τριᾳκοστόν
1143 3964 1282 4019 ἕκτον
1311 3965 1645 4036 Φιλομήτορος
1665 4034 1674 4036 _
1692 3960 1800 4015 δέον

230 4032 798 4109 τιςρθσαγορεῷεσθαιτῆς
828 4032 1014 4089 τούτου
1046 4037 1330 4106 βασιλείας,
1379 4032 1580 4109 ξρῶτοξ
1619 4034 1800 4094 αὐτοῖς

229 4103 692 4181 timeto-{ﬁgurae
739 4114 991 4181 ΠΡΟΣεΞε
1029 4103 1328 4181 ﬁmo—9m.
1377 4103 1514 4160 Fieri
1544 4120 1678 4181 ergo
1712 4108 1797 4158 vix

231 4185 386 4238 potest
410 4186 465 4228 ut
492 4179 577 4230 hic
604 4181 822 4231 errarit.
857 4179 1126 4231 Convenit
1155 4195 1315 4246 porro
1347 4179 1754 4232 accttratissuue
1781 4217 1794 4240 ,

229 4249 348 4309 quod
373 4248 507 4302 idem
537 4247 710 4310 addit,
758 4262 823 4302 ex
855 4247 938 4301 his
969 4251 1039 4301 25
1074 4257 1231 4318 (quos
1262 4252 1450 4303 habuit
1478 4263 1600 4300 cum
1634 4248 1799 4302 fratre

229 4319 560 4389 communes)
588 4332 709 4392 cum
736 4319 808 4372 29
840 4321 974 4392 aliis
1002 4321 1231 4392 (quibus
1268 4323 1380 4388 ipse
1403 4367 1415 4390 ,
1451 4330 1570 4390 post
1613 4320 1799 4371 fratris

229 4399 505 4463 excessum,
558 4391 707 4463 sultis
733 4394 783 4444 in
817 4390 1053 4463 (Egypto
1081 4394 1339 4463 regnarit)
1371 4405 1636 4445 summam
1665 4404 1794 4444 cou-

228 4455 322 4512 fhri
361 4477 623 4515 annorum
651 4460 722 4515 5i
751 4504 766 4528 ,
811 4455 1012 4531 quibus
1068 4467 1117 4518 in
1144 4455 1468 4519 universum
1497 4466 1736 4530 regnarit
1765 4478 1793 4513 a

227 4532 384 4596 primo
411 4534 530 4603 ejus
559 4536 943 4604 communique
975 4550 1093 4587 cum
1126 4535 1293 4589 fratre
1327 4537 1498 4589 initio.
1536 4535 1666 4586 'l‘am
1693 4538 1793 4586 ita-

229 4615 314 4666 que
335 4616 538 4659 certum
567 4612 652 4658 est
678 4645 692 4669 ,
725 4621 899 4658 annos
929 4606 1311 4661 Philometoris
1343 4607 1410 4661 56
1435 4610 1503 4659 ab
1535 4605 1795 4674 Evergete

229 4687 516 4745 numeratos
543 4691 688 4739 esse,
723 4691 880 4745 quam
913 4687 967 4732 et
1013 4678 1138 4732 illud
1171 4690 1378 4733 certum
1420 4689 1525 4743 est,
1559 4677 1792 4743 primqu

228 4740 484 4820 Eyergetis
507 4740 774 4820 initium-at
816 4751 918 4803 fine
963 4751 1086 4802 anni
1121 4752 1302 4804 fratris
1336 4751 1395 4804 tl
1432 4740 1699 4820 etepisse,
1733 4758 1794 4803 ιιι

227 4813 280 4867 12
323 4813 466 4890 regni
523 4819 746 4872 fraterni
805 4836 1042 4885 annum,
1093 4821 1320 4890 primum
1370 4823 1485 4889 ipse
1522 4813 1608 4873 ’διιί
1645 4821 1790 4889 regni

226 4900 400 4962 ynnutn
433 4893 750 4945 nuttterarit.
786 4890 953 4944 ltnntn
979 4907 1010 4946 e
1041 4895 1312 4959 bra-dictis
1363 4892 1641 4962 Porphyrii
1674 4907 1793 4944 ver-

201 4954 312 5016 .bis.
343 4978 499 5016 causa
532 5005 547 5025 ,
583 4966 635 5015 ni
677 4963 864 5026 fallor,
899 4954 1182 5017 manifesta
1221 4975 1298 5018 est
1327 5006 1340 5030 ,
1367 4954 1558 5018 our-ita
1593 4977 1794 5030 pra-ee-

226 5032 345 5104 perit
371 5035 680 5103 Evergetes.
712 5037 897 5087 Annus
929 5038 1095 5101 enim,
1123 5050 1250 5101 quo,
1288 5037 1452 5090 fratre
1478 5036 1788 5104 superstite,

224 5103 349 5155 solus
379 5106 557 5159 fuerat
579 5107 630 5158 ιη
666 5107 813 5174 regni
842 5105 1142 5177 (Egyptiaci
1177 5109 1518 5172 possessione
1553 5107 1789 5176 liverge-

226 5179 326 5242 tes,
371 5191 558 5230 revera
589 5179 656 5228 ad
683 5178 771 5244 jus
812 5180 1089 5244 spectabat
1147 5178 1460 5247 Evergetis,
1509 5189 1566 5230 ut
1611 5191 1795 5233 mouet

224 5247 362 5319 etiam
391 5247 490 5301 hoc
523 5249 773 5314 locoipse
801 5247 1154 5319 Porphyrius.
1188 5251 1294 5304 Nec
1325 5253 1469 5304 enim
1503 5251 1644 5302 aliud
1673 5266 1794 5316 pro-

225 5313 348 5371 fecto
376 5335 572 5373 nomen
609 5321 659 5372 iu
686 5313 831 5372 illius
867 5313 1000 5373 anni
1026 5323 1350 5391 συμϐολαίοις
1380 5324 1575 5375 let-tutu
1627 5313 1792 5378 fuisse

223 5391 489 5446 verisimile
531 5402 634 5445 est.
669 5391 792 5444 Hatc
833 5394 976 5444 enim
1025 5409 1186 5445 causa
1240 5395 1404 5447 fuisse
1450 5393 1665 5446 videtur
1695 5393 1793 5448 cur

224 5472 396 5533 annum
449 5464 602 5516 illum
632 5478 731 5516 suo
779 5479 942 5532 regno
976 5479 1042 5516 ne
1096 5466 1314 5532 quidem
1349 5468 1462 5533 ipse
1511 5467 1794 5530 imputarit

223 5527 550 5588 Philometor.
603 5535 716 5588 Non
770 5527 1065 5603 ituputasse
1089 5527 1285 5588 exinde
1332 5527 1540 5589 constat
1569 5527 1602 5600 ,_
1631 5539 1774 5602 quod

223 5612 326 5666 post
351 5620 522 5658 annos
556 5608 616 5659 t7
644 5607 842 5674 quibus
892 5609 942 5660 ιιι
993 5610 1138 5676 regni
1171 5610 1516 5676 possessione
1566 5608 1778 5671 fuerat,

221 5685 327 5748 ante
352 5691 550 5730 annum
593 5677 740 5731 illttut
785 5694 890 5745 quo
921 5681 1068 5730 solus
1101 5681 1338 5748 regnavit
1367 5679 1680 5745 Exergetes,
1715 5681 1780 5733 18

224 5742 456 5816 deinceps
503 5763 674 5802 annos
724 5742 999 5803 dttituaxat
1062 5742 1361 5804 numerarii
1415 5742 1778 5818 Philometor,

223 5818 296 5886 qui
330 5821 704 5890 superioribus
731 5820 893 5876 additi
921 5836 1091 5876 annos
1121 5824 1360 5878 facerent
1385 5823 1436 5877 itt
1469 5825 1778 5877 universum

1908 3745 2080 3799 cando
2111 3756 2493 3814 temperasset,
2528 3747 2653 3799 dum
2703 3747 2817 3813 ipse
2866 3762 3047 3800 rerum
3079 3745 3098 3816 (
3132 3746 3294 3800 fratre
3320 3761 3492 3814 quan-

1906 3819 2159 3870 tumlibet
2201 3818 2400 3884 invito)
2430 3818 2727 3883 potiretur:
2765 3829 2816 3871 et
2851 3820 2990 3885 qttod
3019 3820 3194 3870 victor
3215 3816 3367 3869 fratri
3401 3830 3493 3886 pa-

1905 3902 2023 3941 cem
2059 3889 2197 3942 adeo
2230 3888 2581 3940 honoriﬁcam
2631 3890 3014 3942 concessisset.
3061 3887 3165 3942 Sed
3201 3902 3333 3942 vero
3357 3887 3484 3940 anni

1903 3964 1970 4011 ab
2006 3961 2162 4012 initio
2192 3973 2290 4011 suo
2319 3958 2388 4012 56
2422 3969 2629 4026 partem
2660 3962 2852 4015 saltent
2890 3960 3123 4028 aliquant
3157 3958 3489 4012 Philometo-

1903 4045 2016 4083 rem
2048 4034 2290 4098 attigisse
2342 4041 2551 4083 certum
2610 4042 2710 4084 est.
2773 4031 2900 4084 Nam
2958 4041 3106 4085 certe
3141 4030 3485 4099 Demetrius,

1901 4117 2065 4170 quem
2119 4118 2300 4172 regem
2342 4103 2542 4157 fecerat
2590 4103 2941 4156 moribundus
2997 4102 3367 4169 Philometor,
3420 4101 3489 4156 ab

1901 4188 2048 4226 anno
2087 4172 2500 4229 Seleucidarutu
2533 4175 2767 4240 cmpisse
2799 4174 2998 4228 dicitur
3028 4175 3152 4236 Ibi,
3189 4173 3206 4227 1
3239 4172 3488 4227 Maehab.

1902 4259 1958 4298 XI
1980 4288 1992 4309 ,
2029 4247 2113 4301 19.
2147 4247 2260 4313 Qua
2295 4260 2494 4310 ttetupe
2524 4250 2646 4298 anni
2675 4250 2686 4299 i
2715 4248 2744 4298 li
2769 4289 2782 4313 ,
2817 4251 2868 4299 in
2901 4248 3067 4314 priori
3089 4245 3184 4299 illo
3218 4245 3353 4299 libro
3380 4246 3492 4298 Ma-

1901 4317 2206 4382 chahaico,
2250 4316 2388 4370 inire
2431 4326 2724 4371 censentur
2752 4334 2779 4371 a
2814 4317 3122 4386 Xanthieo,
3175 4318 3264 4386 qui
3314 4315 3491 4370 mensi

1899 4387 2077 4461 AttiCo
2109 4389 2452 4461 Munychioui
2487 4388 2600 4442 fere
2658 4383 3056 4459 respondebat,
3105 4391 3160 4443 in
3191 4383 3355 4461 :cyclo
3378 4387 3489 4461 jam

1899 4460 2201 4527 Calippico.
2237 4459 2368 4514 Nam
2411 4470 2537 4513 ante
2570 4478 2811 4515 menstrui
2848 4461 2997 4513 illum
3032 4463 3155 4514 anui
3191 4459 3347 4513 Varr.
3385 4460 3490 4514 608

1901 4533 2138 4584 nonduin
2170 4534 2255 4586 Vel
2293 4540 2532 4599 cmperat
2582 4547 2757 4587 anuus
2800 4533 2888 4586 ille
2926 4533 3332 4586 Selettcitlartttu
3382 4546 3488 4598 quo

1899 4606 2096 4656 cecidit
2145 4605 2498 4658 Philometor.
2537 4605 2598 4656 Et
2646 4615 2823 4659 tamen
2871 4605 2955 4657 his
3009 4619 3225 4673 quoque
3258 4603 3488 4655 fortasse

1899 4678 2239 4744 temporibus
2259 4676 2388 4739 ,ινιξῖ
2439 4677 2598 4739 paulo
2625 4676 2934 4744 jtluiOl‘ibttS
2961 4718 2976 4739 ,
3018 4677 3176 4729 desiit
3203 4689 3319 4726 ntus
3351 4673 3490 4744 auti-

1898 4743 2035 4815 quus
2068 4763 2240 4801 annos
2271 4743 2646 4815 (Egyptiorutn
2695 4765 2878 4817 regum
2905 4761 2932 4799 a
2967 4746 3147 4817 Thoth
3193 4743 3483 4817 censendi,

1897 4813 1989 4870 aut
2027 4819 2095 4872 ab
2142 4835 2247 4871 ttuo
2281 4813 2463 4885 aliquo
2491 4818 2598 4871 alio
2625 4813 3027 4872 auni'exordio.
3055 4816 3160 4870 Sex
3191 4814 3336 4867 enim
3368 4813 3490 4882 qui-

1897 4888 2000 4943 bus
2038 4901 2379 4959 regnaverat,
2415 4902 2609 4957 pratter
2631 4906 2802 4942 annos
2826 4889 3087 4957 integros,
3116 4899 3330 4939 nienses
3361 4885 3487 4937 l’to-

1899 4961 2089 5014 lentam
2139 4962 2318 5015 Soteri
2370 4962 2658 5014 attributes
2708 4963 2862 5014 docet
2918 4959 3284 5028 Porphyrius,
3342 4971 3486 5009 anno

1899 5032 2055 5088 Varr.
2084 5035 2205 5087 (1‘75.
2252 5034 2433 5101 Itaque
2475 5031 2828 5084 Philometot'i
2859 5045 2983 5099 pars
3015 5033 3103 5082 illa
3134 5030 3328 5101 saltent
3356 5028 3483 5081 atttti

1897 5107 1964 5156 ab
1994 5107 2147 5157 initio
2170 5107 2238 5158 56
2267 5146 2280 5168 ,
2315 5099 2477 5172 quam
2524 5103 2694 5155 tenuit
2716 5144 2730 5166 ,
2775 5104 3096 5170 assiguatttla
3122 5109 3238 5152 erat
3267 5116 3281 5164 ;
3320 5099 3486 5153 immo

1896 5190 2071 5229 annus
2104 5177 2345 5241 integer,
2378 5189 2474 5242 pro
2512 5189 2700 5225 norma
2752 5174 2839 5226 illa
2871 5189 2990 5241 quas
3031 5186 3203 5225 annos
3246 5172 3485 5240 integros

1895 5247 2089 5300 iisdem
2126 5247 2413 5305 tribuebat,
2448 5248 2534 5312 qui
2568 5244 2743 5296 'l'huth
2773 5245 2970 5298 saltem
3002 5245 3220 5296 ineunte
3250 5245 3300 5296 in
3330 5247 3484 5313 regni

1898 5321 2242 5386 possessione
2270 5321 2504 5369 fuerant.
2546 5315 2727 5369 Facile
2772 5329 2952 5370 autem
3000 5325 3156 5382 erat,
3207 5323 3265 5368 ut
3309 5330 3485 5372 anuus

1895 5389 2007 5453 ille,
2040 5405 2196 5453 quem
2233 5391 2274 5440 si
2304 5388 2523 5456 qmdetn
2558 5391 2670 5456 ipSe
2702 5389 2815 5441 suis
2857 5389 3159 5441 rationibus
3191 5401 3486 5441 accettsttc-

1895 5472 1975 5514 rat
2015 5461 2368 5523 Philometor,
2420 5476 2517 5512 uec
2546 5461 2613 5511 ad
2658 5475 2941 5514 numerum
2988 5459 3268 5529 spectabat
3314 5473 3488 5511 anno-

1896 5547 2036 5595 rum,
2064 5533 2259 5601 quibus
2294 5540 2414 5597 post
2435 5533 2618 5584 fratris
2650 5533 2876 5597 obittttu,
2916 5527 3162 5586 tenuerat
3191 5527 3483 5600 Evergetes

1957 5756 1981 5783 ι
2019 5748 2221 5803 Vitiose
2253 5749 2378 5818 legit
2414 5746 2682 5801 Pontanus
2712 5755 2765 5801 et
2809 5747 3134 5801 vetuStiores
3171 5741 3477 5809 editiones,

1886 5821 2092 5891 ittsuper
2123 5833 2217 5892 pro
2246 5820 2480 5875 Insuber.
