4192 6446
972 306 1031 362 S.
1073 303 1454 364 HIERONYMI
1495 303 2060 364 INTERPRETATIO
2096 305 2471 365 CHRONICJE
2513 306 2782 367 EUSEBll
2819 307 3171 366 PAMPHILI.

417 305 527 364 543
972 306 1031 362 S.
1073 305 1454 364 HIERONYMI
1495 305 2028 363 INTERPRETATN

2109 305 2471 365 CHRONICJE
2513 306 2782 366 EUSEBll
2819 309 2902 366 PA
2912 307 3171 366 MPHILI.
3613 309 3717 366 544

3592 406 3717 454 Ann.

417 460 633 525 ιΟιιμηρ.
839 459 1111 513 Alexandr.
1295 501 1298 504 λ
1384 461 1692 515 Ιαάιεονωη.

2518 468 2857 518 Romanorum.
3599 467 3685 579 Arg:

3673 541 3717 580 Γ.

1850 589 2108 653 Templum
2133 592 2159 620 ³
2185 589 2480 641 Rhodiorum
2503 591 2832 653 depopulatus
2855 597 2932 642 est
2954 591 3164 643 Cassius.

419 648 2028 715 (18511......28......Se7eu'nt

2109 654 2130 693 b
2155 654 2375 704 secessio
2404 648 2611 715 Augusti
2638 648 2699 704 'et
2722 657 2935 705 Antonii.

1852 714 2028 766 4Com

734 776 2028 828 12......29......5d.

2109 730 2158 767 us
2191 718 2214 748 °
2238 715 2405 779 Nepos
2425 714 2634 779 scriptor
2651 718 2911 769 historicus
2931 716 3095 768 clarus
3111 718 3346 770 habetur.

736 841 1952 892 13......5Ο......6’.

737 901 816 952 14.
883 940 895 951 .
964 939 977 952 .
1044 938 1060 955 .
1132 941 1146 956 ,
1213 940 1228 955 .
1295 905 1374 953 51.
1445 941 1456 952 .
1527 939 1542 954 .
1608 942 1625 958 .
1693 944 1704 954 .
1778 944 1789 955 .
1854 902 2351 970 7Forniipater°et
2372 905 2499 954 ﬁlius
2519 904 2636 954 clari
2653 905 3160 970 oratoreshabentur,
3178 918 3388 970 quorum
3407 904 3536 955 filius
3600 903 3722 956 1980

1917 967 2188 1018 consularis
2211 974 2326 1020 ante
2352 978 2539 1030 patrem
2559 970 2783 1019 moritur.

519 1021 1965 1083 1861ἃ.....52......8.

738 1090 816 1140 16.
885 1127 899 1140 .
966 1130 978 1142 .
1053 1129 1065 1142 .
1135 1129 1148 1142 .
1218 1133 1231 1144 .
1295 1093 1374 1143 35.
1443 1131 1457 1143 .
1525 1128 1542 1144 .
1614 1132 1625 1142 .
1697 1134 1706 1144 .
1775 1131 1791 1146 .
1855 1092 2312 1144 9Sallustlusdiem
2335 1091 2526 1155 obiit,f
2553 1093 2881 1156 quadriennio
2903 1100 3020 1145 ante
3041 1094 3296 1156 Actiacum
3328 1092 3535 1144 bellum.

1858 1157 2050 1220 Marcus
2076 1157 2251 1206 Bavius
2276 1154 2466 1220 poeta,
2485 1154 2634 1220 quem
2657 1155 2892 1220 Virgilius
2917 1158 2943 1197 8
2969 1159 3018 1206 in
3041 1154 3285 1206 Bucolicis
3307 1163 3459 1218 notat,
3488 1157 3540 1206 in

1921 1218 2218 1283 Cappadocia
2243 1218 2467 1283 moritur.

742 1277 817 1329 l7.
885 1317 900 1332 .
966 1317 981 1332 .
1054 1317 1066 1329 .
1136 1319 1148 1332 .
1216 1315 1230 1329 .
1295 1280 1374 1330 54.
1447 1318 1459 1330 .
1529 1319 1542 1332 .
1612 1321 1623 1332 .
1693 1322 1703 1332 .
1778 1322 1788 1332 .
1859 1283 1918 1335 10
1943 1277 2466 1344 Ahtigonushcontra
2489 1280 2690 1331 Judaeos
2719 1281 3205 1346 dimicans,tandem
3229 1281 3540 1346 occiditur,a

1919 1357 2018 1407 quo
2041 1357 2199 1408 usque
2225 1347 2272 1394 in
2298 1357 2519 1409 praesens
2539 1344 3201 1409 tempusglerosolymitarurn
3229 1357 3435 1409 regnum
3454 1344 3542 1394 de-

1919 1405 2160 1459 structum
2185 1415 2278 1458 est.
2298 1405 2565 1471 Siquidem
2583 1405 2813 1456 Herodes
2835 1405 3078 1471 [‘iost'eum
3104 1421 3131 1455 a
3154 1405 3386 1456 Romanis
3404 1420 3542 1471 con-

1920 1477 2122 1534 stitutus
2147 1480 2224 1522 est
2256 1468 2487 1534 princeps
2509 1468 2821 1534 alienigena,
2837 1468 2900 1520 'et
2921 1469 3044 1520 nihil
3067 1471 3263 1518 omnino
3286 1469 3544 1531 pertinens

1856 1533 2408 1659 Ηέιᾳοέἓξῗᾟιὶραιῆ
2440 1594 2756 1656 Ascalonita},
2789 1599 2842 1646 et
2875 1595 3046 1645 matris
3077 1593 3297 1658 Cypridis
3321 1593 3542 1644 Arabicae

1697 1726 1954 1785 GRAECA
1995 1726 2446 1784 FRAGMENTA.

501 1815 806 1890 Σαλούστιος
826 1820 1113 1877 ἀπέθανε...
1139 1816 1342 1875 Chron.
1377 1819 1570 1875 Pasch.
1601 1833 1725 1890 pag.
1751 1818 1876 1875 151.

499 1887 775 1966 ’Λντίγονφς
794 1891 1119 1966 τῇῚουδαίων
1145 1893 1382 1966 βασιλείᾳ
1405 1887 1720 1960 ἔπανασὲτὰέ,
1750 1895 1834 1966 acori
1862 1892 2026 1949 πολλά

429 1958 915 2040 διαμᾳχῆᾳσάμειὶιξς,
954 1958 1260 2040 ᾁναιρεξται,
1281 1958 1384 2040 ⁸πιοξὶ
1404 1966 1638 2040 ,ἐνταῦθα
1666 1958 1940 2038 κὰταλήγει
1965 1966 2024 2019 τὸ

429 2041 531 2110 τῶν
556 2033 805 2110 ἰοὺδοιίρν
835 2033 1110 2110 βᾳσίλειοῦ.
1144 2034 1368 2110 Ἡρώδης
1399 2035 1453 2092 δέ
1491 2039 1661 2110 ᾳῦτῷν
1691 2038 1821 2110 μετὰ
1857 2033 2026 2110 refrte:

431 2106 647 2179 ἡγεῖται,
670 2104 812 2161 οὐδὲν
836 2104 980 2178 ὰύτῷ
994 2104 1366 2179 ’προσήνίουσᾳν
1383 2113 1472 2167 τὴν
1494 2104 1745 2162 Ἰουδαίὼν
1763 2108 2026 2179 βασιλείαν

428 2177 574 2250 παρά
600 2180 851 2250 Ῥωμαίων
878 2177 1274 2250 ὑποδεξάμενος.
1309 2178 1581 2236 Eusebius
1609 2177 2023 2250 apud'Syucell.

2170 1834 2255 1874 ait.
2287 1817 2417 1873 246.

2170 1834 2198 1874 a
2244 1862 2255 1872 .
2287 1834 2417 1873 240.

2133 1835 2166 1890 p
2203 1834 2428 1963 ξέΗρὼδης
2454 1888 2789 1965 Ἀντιπάτρου
2817 1897 2911 1947 τοῦ
2945 1889 3304 1965 ’ᾼσκαλονίτου
3347 1899 3476 1955 παῖς
3514 1894 3603 1948 καὶ
3635 1915 3735 1965 μη-

2223 1910 2428 1963 ιιρωοης
2475 1910 2697 1946 Δντιπατ
2733 1912 2789 1946 ου
2817 1913 2911 1947 του
2951 1910 3304 1948 Ἁσκαλονιτου
3347 1910 3476 1955 παῖς
3514 1910 3603 1948 καί
3635 1915 3735 1965 μην

2134 1965 2253 2040 τρὸς
2283 1910 2878 2040 ιᾷύπρεδος-’ᾼραὲζσσςης
2907 1962 3047 2040 οὐδὲν
3078 1966 3219 2040 αὐτῷ
3245 1969 3614 2039 προσήκουσαν
3640 1970 3735 2040 ςι-ιρν

2133 2033 2681 2105 Ἰὸυδαίωνβασιλεὶὰν
2725 2037 2825 2089 ὑπὸ
2864 2034 3115 2126 Ῥωιέαἰων
3154 2033 3520 2126 ἐῒχεὶρίζεται,
3552 2036 3652 2091 καθ’
3683 2033 3735 2090 ὃν

2179 2115 2198 2124 -
2332 2113 2352 2122 ..
2391 2116 2428 2126 ,ν
2588 2112 2607 2121 -
2751 2111 2760 2124 .
3128 2111 3153 2126 ..
3349 2111 3358 2126 .
3396 2111 3408 2126 .
3621 2109 3630 2125 ο

2116 2113 2359 2195 :72;po
2391 2112 2614 2195 Ιξριστοῦ
2645 2111 2899 2195 γενήσεως
2925 2107 3312 2195 πληὶσιαςούσηέ
3333 2111 3363 2166 ἡ
3388 2111 3442 2195 ἐξ
3476 2109 3736 2195 Δξηοογόνων

2138 2177 2365 2250 διαδοχή
2405 2177 2773 2254 ἆρχιερωσύνη
2803 2199 2858 2234 τε
2895 2182 2982 2233 καὶ
3009 2181 3154 2257 ἀρχή
3182 2186 3282 2236 τῶν
3308 2177 3566 2237 Ἰουδαίὼν
3584 2177 3734 2236 rare-

1948 2295 2182 2356 NOTIE.

429 2395 542 2470 lum
583 2406 668 2453 est
715 2407 903 2456 contra
944 2399 1169 2453 Bassum
1193 2437 1209 2463 ,
1261 2394 1770 2470 tributaque_paulo
1821 2402 1980 2470 antea
2003 2437 2018 2461 ,
2047 2397 2099 2457 Α
2125 2395 2467 2470 alteroauno
2487 2399 2712 2467 contigit
2734 2399 3114 2467 subsequentis
3138 2400 3345 2470 olymp.
3370 2399 3498 2470 187.

430 2469 546 2524 sive
569 2484 659 2524 an.
692 2471 854 2540 Urbis
885 2470 1009 2535 709,
1049 2470 1326 2540 provincia
1365 2465 1545 2540 Syria.
1573 2467 1769 2540 Plures
1792 2465 1859 2540 ad
1881 2482 2016 2540 eum

430 2548 646 2595 exstant
673 2539 952 2598 Ciceronis
981 2538 1238 2609 Epistolae
1259 2541 1354 2596 lib.
1399 2538 1508 2601 in.
1545 2552 1679 2608 quas
1721 2538 1945 2594 videsis.

503 2620 530 2648 ⁸
568 2611 684 2668 Νοιι
713 2613 910 2676 llirtio,
942 2623 997 2669 et
1024 2614 1218 2676 Pansn,
1253 2622 1313 2667 ut
1341 2613 1579 2682 Scaliger
1608 2609 1780 2682 ponit,
1814 2609 1908 2664 sed
1935 2625 2018 2664 se-

470 2683 614 2738 uenti
659 2699 831 2751 anno,
875 2685 946 2740 M.
996 2685 1216 2742 jEiniIio
1252 2684 1459 2753 Lepido
1492 2679 1542 2737 ἰι
1575 2691 1628 2753 e_t
1658 2679 1720 2735 L.
1781 2682 2020 2753 Munatio

476 2754 632 2810 laneo
653 2771 796 2811 coss.
822 2756 1071 2812 Rhodum
1103 2751 1456 2826 depopulatus
1480 2762 1567 2826 est
1585 2751 1825 2826 Cassius.
1856 2751 2020 2826 Vide-

429 2827 504 2882 sis
534 2827 758 2882 Dionem
789 2829 1036 2884 Cassium
1068 2824 1381 2888 libfxivut,
1415 2843 1467 2897 p.
1498 2825 1629 2897 595,
1660 2833 1714 2878 et
1741 2824 2021 2897 cognomi-

431 2903 566 2972 t_iem’
608 2899 833 2972 Dionem
874 2899 1318 2972 Cltrysostomum
1361 2896 1427 2953 in
1462 2896 1671 2952 Rhodia
1721 2910 1842 2964 cap.
1868 2896 2018 2972 SS7.

430 2968 599 3026 Recte
628 2970 763 3026 adeo
796 2967 1010 3026 Eusebii
1045 2973 1280 3026 rationes
1312 2971 1531 3035 habent,
1557 2977 1648 3021 aut
1677 2979 1824 3022 certe
1868 2967 2020 3021 bien-

431 3040 506 3113 ιιἰί
537 3043 1011 3112 metachronismo,
1041 3045 1108 3098 de
1146 3058 1252 3113 quo
1287 3058 1410 3098 eum
1451 3040 1693 3109 Sealiger
1724 3037 2019 3108 reprelien-

432 3111 530 3177 dit,
564 3129 672 3168 non
701 3125 908 3183 peccat.

509 3184 535 3223 ι’
575 3185 711 3240 Male
733 3185 994 3255 Se-liger,
1025 3194 1289 3240 cteontra
1315 3199 1444 3238 mss.
1473 3185 1630 3239 fidem
1663 3184 1802 3237 hanc
1839 3185 2022 3255 perio-

433 3257 591 3315 cham
627 3254 947 3326 praecedenti
978 3274 1119 3313 anno
1159 3255 1402 3320 ascribit,
1449 3255 1792 3325 postulatqnc
1835 3254 2025 3311 imme-

431 3329 540 3386 rito
569 3328 950 3401 Hieronymum
974 3330 1042 3385 de
1063 3331 1220 3385 unius
1247 3330 1392 3389 anni.
1423 3335 1577 3401 quem
1605 3328 2027 3401 ipsemet_adnti-

432 3412 599 3463 serat.
630 3397 1062 3470 proelii-nnismo.
1105 3401 1301 3472 Confer
1345 3399 1684 3472 Appianum,
1731 3408 1786 3454 et
1825 3397 2024 3454 Sueto-

435 3472 586 3528 nium
613 3473 664 3525 in
695 3471 938 3542 Angusto
961 3488 1083 3542 cap.
1117 3471 1201 3526 l5.
1364 3508 1365 3511 η

508 3555 530 3582 ο
575 3543 687 3599 Hoc
733 3561 837 3598 non
885 3544 1050 3599 habet
1082 3543 1364 3604 Eusebius.
1397 3542 1510 3598 sive
1548 3543 1934 3612 Hieronymus,
1971 3543 2022 3598 in

435 3630 588 3670 more
627 3617 885 3684 positum,
909 3625 965 3671 nt
995 3624 1122 3670 tunc
1148 3617 1450 3670 clarescere
1477 3627 1751 3669 auctorem
1792 3617 2024 3682 aliqui-tn

436 3686 639 3752 dicant,
673 3689 888 3756 quando
913 3687 1127 3757 aliquod
1160 3688 1419 3756 scriptum
1454 3685 1589 3748 edit,
1630 3686 1679 3740 id
1713 3687 1853 3756 quod
1895 3686 2025 3742 Sca-

434 3758 570 3828 liger
597 3757 795 3840 factum
818 3759 1117 3840 contendit,
1147 3769 1202 3813 nt
1223 3759 1329 3840 hoc
1358 3772 1500 3813 anno
1532 3769 1686 3840 putes
1711 3799 1723 3820 ,
1754 3757 2023 3840 Chronica
2056 3781 2102 3840 Β

433 3845 527 3884 sua
558 3831 844 3898 scripsisse
871 3830 1182 3886 Cornelium
1230 3832 1514 3899 Nepotem.
1555 3829 1774 3884 Scilicet
1804 3838 1865 3882 ιιι
1900 3845 2022 3884 cum

436 3899 597 3970 hujus
625 3903 807 3971 operis
838 3904 1166 3957 mentionem
1189 3905 1347 3958 faciat
1369 3900 1636 3962 Catullus,
1664 3900 1806 3954 hunc
1836 3900 2027 3956 inferat

433 3983 555 4044 post
580 3973 694 4029 lure
719 3984 963 4043 tempora
993 3975 1224 4030 vixisse.
1250 3973 1409 4040 Quid,
1432 3972 1573 4044 quod
1595 3987 1698 4026 non
1724 3988 1845 4026 eum
1865 3973 2027 4027 modo

438 4043 654 4109 librum,
686 4047 780 4100 sed
816 4045 998 4116 plures
1034 4049 1171 4100 alios
1215 4045 1453 4101 concivis
1487 4047 1572 4098 hic
1604 4052 1823 4105 noster,
1859 4044 2028 4098 histo-

436 4115 582 4170 ricus
629 4115 868 4172 omnium
917 4118 1083 4172 ferme
1134 4118 1566 4186 elegantissimus
1599 4158 1611 4177 ,
1652 4116 2028 4170 elucubravit?

440 4201 616 4255 neque
644 4188 948 4243 verosimile
977 4197 1080 4257 est,
1108 4191 1317 4244 etiamsi
1350 4190 1507 4256 velis,
1537 4188 1603 4243 ad
1646 4187 1767 4241 libri
1797 4187 2028 4255 alicujus

437 4259 733 4330 editionem
762 4261 1064 4330 respexisse
1095 4259 1383 4315 Eusebium
1411 4303 1423 4320 .
1461 4268 1736 4328 Spectasse
1773 4273 1894 4330 eum
1943 4260 2028 4314 ltic

438 4328 544 4402 loci
572 4328 864 4398 Chronica,
892 4347 1008 4398 quae
1047 4332 1170 4386 licet
1199 4333 1375 4401 docta,
1400 4332 1633 4402 Jupiter,
1658 4340 1712 4382 et
1735 4329 2024 4398 laboriosa,

438 4401 614 4470 exigui
650 4413 826 4458 tamen
863 4403 1044 4472 operis
1083 4413 1135 4457 et
1183 4405 1340 4458 molis
1369 4401 1546 4464 erant,
1577 4402 1738 4454 tribus
1770 4401 2030 4466 explicata

438 4472 654 4537 chartis,
679 4484 732 4528 et
764 4485 820 4530 ιιι
850 4475 1126 4536 videntur,
1161 4477 1329 4544 prima
1372 4475 1571 4544 ingenii
1606 4473 1724 4542 ejus
1753 4472 2031 4528 rudimen-

441 4553 513 4599 ta.
545 4545 662 4617 Alia
691 4557 816 4601 sunt
843 4563 984 4617 quas.
1016 4545 1233 4617 ingenio
1265 4561 1357 4616 per
1395 4557 1606 4602 :etatem
1641 4545 1810 4614 magis
1840 4544 2034 4617 subae-

441 4624 516 4678 to,
553 4616 749 4684 scripta
783 4615 984 4684 edidit,
1013 4629 1067 4674 et
1083 4615 1218 4688 'qua:
1241 4615 1442 4673 tantam
1471 4617 1674 4672 auctori
1707 4631 1806 4671 suo
1833 4615 2027 4670 famam

440 4700 796 4761 pepererunt,
823 4700 876 4745 et
898 4708 1015 4757 qum
1045 4690 1181 4744 Viue
1203 4691 1320 4760 ejus
1343 4693 1637 4761 scriptores
1661 4690 1904 4756 impense
1929 4691 2033 4742 lau-

439 4759 590 4817 dant.
614 4759 771 4816 Certe
797 4779 908 4833 quo
937 4763 1020 4816 hic
1052 4759 1292 4832 tempore
1322 4764 1388 4816 ab
1414 4759 1644 4816 Eusebio
1677 4769 2028 4824 memoratur,

443 4833 533 4905 vix
557 4834 767 4905 integro
793 4833 1058 4889 decennio
1081 4850 1109 4887 a
1156 4846 1331 4889 morte
1361 4836 1575 4895 aberat,
1618 4840 1672 4886 et
1709 4833 1874 4905 fuisse
1908 4846 2032 4905 eum

442 4901 623 4959 tamen
655 4901 811 4961 tetate
834 4921 1120 4976 supparem
1147 4905 1384 4970 Catullo,
1437 4906 1666 4962 fortasse
1695 4903 1854 4957 etiam
1877 4901 2034 4976 paulo

439 4977 784 5046 grandiorem
809 4973 958 5044 natu,
987 4993 1050 5033 ex
1077 4977 1192 5048 t'jus
1220 4990 1393 5048 poetae
1423 4978 1662 5035 carmine
1685 4977 1859 5047 primo
1891 4973 2037 5030 colli-

439 5062 554 5118 gas.

515 5116 541 5156 ιι
583 5119 742 5175 Falso
773 5121 1047 5191 Scaliger,
1099 5123 1143 5176 si
1185 5139 1315 5178 mss.
1365 5123 1523 5179 fidem
1567 5128 1816 5188 Speetes,
1860 5132 2034 5186 eoque

445 5193 615 5262 magis
644 5195 687 5248 si
722 5193 964 5248 historiae
992 5195 1302 5259 veritatem,
1339 5195 1648 5264 periocbam
1682 5192 1750 5264 de
1778 5191 2029 5264 Antigoni

444 5261 599 5336 nece.
633 5279 754 5334 quae
777 5264 1001 5322 inferius
1026 5267 1212 5336 quinto
1253 5268 1322 5320 ab
1341 5261 1457 5322 'hoc
1485 5280 1627 5320 anno
1655 5263 1901 5331 habetur,
1929 5261 2032 5316 huc

442 5335 628 5391 refert.
668 5336 917 5392 Dicemus
935 5355 997 5392 ea
1028 5335 1093 5392 de
1116 5353 1173 5393 re
1195 5353 1293 5392 nos
1332 5339 1423 5392 ibi.

518 5417 540 5442 θ
582 5408 659 5462 Ita
685 5409 887 5465 habent
928 5425 1057 5465 is.
1103 5425 1312 5465 omnes.
1352 5409 1595 5475 Scaliger
1641 5405 1826 5460 Furnii
1868 5405 2027 5474 legit,

441 5493 560 5549 Qum
585 5481 721 5535 levis
755 5492 929 5536 tamen
959 5482 1342 5536 tliSsitttilittiilo
1384 5490 1483 5536 est.
1519 5479 1666 5535 Unus
1693 5477 2028 5542 Parmensis,

444 5561 660 5623 tresque
689 5553 775 5607 alii
801 5555 1021 5608 Palatini
1055 5568 1186 5607 mss.
1215 5569 1374 5608 voces
1397 5563 1541 5624 pater
1562 5562 1606 5604 et
1629 5550 1772 5624 ﬁlius
1807 5557 2032 5624 pra-ter-

442 5621 681 5680 mittunt.
717 5626 901 5681 Plures
928 5627 994 5680 ad
1027 5625 1287 5680 Furnium
1318 5621 1594 5679 Ciceronis
1625 5621 1877 5688 Epistolae
1903 5631 2028 5673 sont

441 5696 536 5751 lib.
571 5715 623 5752 ι.
655 5697 789 5752 Vide
818 5711 868 5754 et
903 5699 1176 5752 laudatum
1224 5696 1499 5767 Scaligero
1545 5695 1810 5752 Senecam
1866 5692 1959 5748 lib.
1993 5708 2028 5746 ιι

439 5769 507 5826 dc
529 5769 715 5840 Benef.
744 5785 866 5840 cap.
895 5770 985 5825 25.

518 5839 537 5879 ί
583 5842 695 5899 lloc
737 5837 987 5900 nimirum
1029 5857 1199 5913 anno,
1237 5857 1406 5913 pugna
1458 5840 1600 5898 enim
1641 5837 1781 5910 apud
1820 5838 2034 5896 Actium

2124 2467 2534 2593 dicsitx'irgilius
2575 2472 2690 2526 Ecl.
2746 2488 2826 2542 ιιι,
2884 2487 3026 2527 vers.
3070 2470 3158 2526 90.
3197 2467 3359 2526 'Alias
3413 2469 3504 2525 ille
3538 2468 3730 2526 Varius

2205 2584 2207 2587 .
2264 2556 2275 2592 t
2333 2579 2346 2592 .

2164 2547 2346 2593 icitur.

2193 2609 2222 2647 ιι
2251 2611 2413 2684 Multa
2433 2653 2447 2676 ,
2506 2629 2625 2681 qua:
2672 2614 2916 2683 Scaliger
2950 2615 3037 2668 hic
3066 2614 3170 2669 loci
3217 2613 3333 2669 sive
3362 2615 3477 2680 ipse
3507 2623 3722 2684 peccat,

2121 2683 2241 2758 sive
2271 2683 2339 2758 ab
2373 2685 2603 2738 Eusebio
2631 2696 2685 2758 et
2709 2687 3038 2758 Hieronymo
3068 2695 3287 2758 peccata
3317 2683 3593 2758 quajure,
3619 2702 3722 2755 qua

2122 2753 2325 2827 injuria
2367 2756 2740 2825 reprehendit.
2775 2753 3013 2814 Prim'nm
3063 2757 3228 2827 paulo
3266 2766 3393 2811 ante
3427 2753 3719 2824 innuimus,

2122 2825 2264 2895 quod
2298 2827 2435 2900 hanc
2465 2829 2774 2897 periocliam
2813 2825 3080 2886 secundo'
3103 2827 3429 2900 olympiadis
3471 2829 3723 2898 proxime

2124 2897 2482 2965 praecedentis
2504 2915 2646 2954 anno
2677 2901 3021 2970 ascripserit,
3064 2897 3269 2954 contra
3296 2897 3540 2955 veterum
3572 2900 3723 2955 codi-

2123 2981 2246 3022 cum
2288 2971 2697 3043 auctoritatem,
2731 2975 3010 3043 ipsamque
3042 2972 3199 3026 fidem
3233 2970 3495 3043 historiae.
3549 2972 3718 3037 Quem

2124 3053 2313 3094 ausum
2339 3040 2391 3094 in
2426 3041 2579 3096 Notis
2613 3059 2752 3098 novo
2782 3040 2970 3099 errore
2995 3044 3306 3108 cumulavit,
3340 3042 3483 3112 quod
3518 3043 3719 3098 biennii

2128 3113 2540 3177 procbronismo
2567 3116 2821 3171 laborare
2843 3117 3082 3170 auctoris
3107 3114 3276 3168 nostri
3301 3115 3540 3169 rationes
3561 3116 3718 3182 dixit,

2127 3183 2294 3236 immo
2323 3183 2501 3239 effecit
2531 3185 2647 3254 ipse
2673 3228 2688 3252 ,
2734 3204 2855 3242 cum
2889 3201 3108 3256 prorsus
3147 3185 3457 3240 econtrario
3495 3186 3612 3256 ejus
3642 3188 3725 3241 inc

2126 3256 2336 3308 tervalli
2397 3260 2857 3314 metachronismo
2913 3273 3136 3326 peccare
3172 3257 3495 3322 videantur.
3554 3259 3722 3312 [tecte

2127 3326 2407 3400 enimvero
2442 3326 2712 3398 Iosephus
2745 3331 3206 3400 Jerosolymornm
3254 3328 3466 3382 cladem
3509 3328 3722 3383 confert

2128 3397 2180 3451 in
2210 3397 2580 3471 Consulatum
2604 3401 2676 3456 Μ.
2715 3397 2971 3471 Agrippze
2996 3411 3049 3456 et
3090 3400 3301 3456 Canidii
3332 3399 3535 3471 (terius
3563 3400 3723 3456 Cani-

2129 3469 2226 3546 nii)
2254 3469 2425 3546 Galli.
2466 3486 2609 3527 anno
2632 3469 2825 3539 quarto
2850 3469 3057 3546 olymp.
3110 3471 3242 3539 185,
3276 3469 3384 3541 quo
3426 3473 3724 3546 itetnatmo

2131 3540 2276 3615 (post
2291 3542 2497 3612 aliquot
2514 3555 2690 3600 tamen
2713 3540 2950 3613 menses,
2973 3540 3099 3598 utin
3122 3540 3499 3612 subsequentis
3516 3545 3719 3615 olymp.

2129 3613 2339 3686 initium
2384 3617 2620 3684 potuerit
2675 3616 2974 3686 incurrere)
3025 3617 3324 3685 Antigonus
3354 3616 3495 3679 apud
3533 3613 3722 3671 Antio-

2129 3685 2326 3757 cliiam,
2345 3696 2568 3756 urgente
2589 3699 2817 3743 mortem
2848 3685 2966 3757 ejus
2985 3687 3219 3750 Herode,
3235 3687 3411 3741 securi
3433 3702 3726 3756 percussus

2129 3767 2232 3830 est.
2264 3755 2400 3830 Vide
2419 3755 2698 3824 ’Antiqttit.
2721 3761 2817 3814 lib.
2851 3755 2964 3824 xiv,
2992 3775 3111 3828 cap.
3138 3758 3337 3830 ultiut.,
3364 3767 3419 3812 et
3438 3755 3725 3830 sequentis

2133 3829 2252 3882 libri
2280 3827 2511 3884 initium.
2537 3831 2669 3887 Hinc
2693 3833 2782 3887 ille
2805 3832 3007 3887 biennii
3035 3827 3544 3900 inetachronismus,
3564 3845 3722 3900 quem

2130 3901 2330 3969 saepius
2361 3901 2637 3959 offendere
2662 3906 2764 3959 erit
2796 3904 2929 3958 infra
2960 3904 3012 3956 in
3039 3901 3259 3956 Eusebii
3289 3899 3592 3956 Chronico:
3625 3915 3726 3955 nec

2131 3973 2275 4026 enim
2309 3988 2492 4027 moror
2535 3976 2758 4031 Dionem
2790 3976 2881 4030 lib.
2919 3990 3075 4035 xux.
3122 3987 3244 4042 pag.
3278 3971 3418 4039 465,
3448 3976 3537 4043 qui
3584 3988 3726 4026 anno

2133 4045 2496 4115 przccedente,
2527 4047 2754 4101 Claudio
2788 4058 2841 4102 et
2872 4046 3124 4100 Norbano
3151 4059 3293 4098 coss.
3323 4055 3508 4109 captas
3540 4047 3726 4099 lliero—

2132 4117 2372 4187 solymas
2399 4120 2610 4173 censuit
2636 4139 2647 4172 :
2683 4120 2734 4174 id
2763 4120 2908 4187 quod
2941 4127 3125 4171 noster
3153 4115 3368 4183 quidem
3402 4116 3648 4171 Norisius
3673 4118 3725 4170 in

2129 4185 2429 4258 Cenntaph.
2462 4190 2644 4246 Pisan.
2679 4185 2894 4259 probat,
2919 4187 3011 4243 sed
3047 4188 3170 4259 jure
3205 4187 3476 4256 improbat
3505 4189 3729 4244 refutat-

2130 4274 2236 4326 que
2279 4261 2470 4330 Pagius
2512 4263 2564 4317 in
2610 4269 2882 4332 Apparalu
2933 4260 3065 4332 Crit.
3103 4262 3154 4313 in
3205 4259 3444 4332 Annales
3488 4260 3722 4315 Baronii.

2131 4329 2454 4388 Context’um
2495 4336 2635 4400 quod
2661 4329 2891 4393 attinet,
2921 4331 3167 4403 suggillat
3198 4329 3439 4402 Scaliger
3465 4332 3729 4403 Hierony-

2131 4403 2368 4459 tnianatn
2399 4407 2726 4472 versionem,
2760 4414 2940 4460 contra
2965 4402 3182 4457 Iudaeos
3212 4403 3487 4467 dimicans,
3521 4402 3727 4457 tandem

2132 4477 2423 4531 occiditur:
2457 4493 2578 4533 nam
2610 4493 2788 4546 neque
2817 4487 3002 4531 contra
3027 4475 3245 4530 .luilieos
3277 4475 3551 4530 dimicavit
3576 4477 3730 4529 Anti-

2132 4564 2332 4619 gonus,
2357 4564 2531 4617 neque
2553 4551 2816 4604 dimicans
2838 4550 3048 4603 occisus
3074 4556 3179 4612 est,
3197 4562 3368 4619 neque
3401 4548 3541 4602 hunc
3567 4562 3728 4614 porro

2133 4615 2350 4675 sensum
2379 4615 2566 4676 Graeca
2611 4622 2750 4692 apud
2782 4619 3093 4690 Syneellnm
3127 4615 3728 4692 praeferunt.Fortasse

2133 4699 2314 4745 autem
2343 4707 2472 4747 vere
2494 4689 2786 4763 scripserat
2821 4689 2878 4749 S.
2903 4692 3195 4758 interpres,
3229 4703 3409 4763 contra
3441 4689 3724 4763 Idnnm‘OS.

2135 4777 2202 4818 ex
2251 4778 2312 4817 ea
2357 4765 2500 4818 enim
2555 4760 2672 4821 erat
2725 4764 2968 4820 Ilcrodes
3010 4773 3189 4826 gente.
3223 4760 3373 4827 Quod
3420 4763 3462 4814 si
3513 4760 3728 4814 Μήδως

2134 4834 2370 4903 scripsit,
2398 4851 2459 4889 ea
2491 4847 2665 4906 potest
2687 4839 2896 4892 ratione
2927 4832 3166 4899 defendi,
3197 4832 3338 4902 quod
3365 4833 3497 4888 istos
3528 4833 3726 4903 opponi

2137 4906 2370 4980 voluerit
2397 4906 2799 4980 Jerosolymitis,
2827 4921 3074 4980 quorum
3091 4909 3359 4980 civrtatem
3383 4918 3727 4980 regnumque

2136 4978 2438 5047 Antigonus
2468 4975 2786 5048 occupabat.
2824 4979 3029 5034 Revera
3065 4978 3228 5048 falsus
3253 4986 3340 5048 est
3368 4975 3605 5046 Scaliger
3633 4975 3727 5029 de-

2137 5057 2356 5118 pravata
2382 5047 2617 5106 lectione?
2637 5068 2757 5121 quae
2778 5047 3497 5121 sequitur,lerosolymarum
3514 5063 3725 5118 regnum

2138 5122 2455 5194 destructum
2495 5132 2602 5186 est,
2635 5140 2735 5194 pro
2761 5120 3240 5194 Jerosolymitariim
3262 5161 3276 5184 ,
3304 5129 3439 5187 etc.,
3469 5134 3627 5194 quam
3673 5126 3726 5172 et

2142 5192 2383 5248 melioris
2409 5207 2549 5249 ιιωιεη
2587 5191 2709 5250 libri
2740 5210 2860 5251 cum
2890 5191 3045 5257 editi,
3088 5201 3198 5246 tum
3229 5207 3359 5246 mss.
3396 5191 3723 5263 praeferunt,

2141 5279 2444 5338 sensusque
2473 5267 2588 5333 ipse
2613 5267 2889 5338 postulat._
2909 5264 3057 5338 Adeo
3077 5263 3367 5338 Anihilgsunt
3389 5262 3408 5324 ,
3434 5279 3559 5338 que
3585 5262 3724 5315 idem

2141 5345 2330 5409 contra
2355 5335 2828 5409 llicronymianam
2878 5336 3190 5409 httjns_loci_
3223 5335 3727 5402 interpretatiOnem

2139 5407 2206 5480 ad
2239 5408 2510 5463 fastidium
2545 5405 2713 5480 usque
2733 5408 3028 5478 congessit.
3049 5407 3125 5480 De
3149 5405 3341 5480 Graeco
3364 5415 3535 5466 textu,
3562 5421 3730 5480 quan-

2138 5479 2429 5548 doquidem
2471 5478 2640 5536 certis
2688 5498 2746 5536 se
2795 5482 2936 5534 notis
2966 5479 3327 5533 Eusebianutn
3374 5493 3478 5532 non
3526 5478 3726 5547 prodit,

2139 5550 2334 5604 frustra
2369 5552 2690 5620 disputatur.

2215 5621 2231 5658 ί
2261 5624 2393 5692 Quae
2425 5623 2702 5678 historiam
2731 5630 3000 5694 spectant,
3027 5632 3154 5694 sunt
3181 5637 3244 5676 ea
3265 5621 3638 5690 peculiaribus
3663 5620 3730 5675 li-

2137 5694 2280 5760 bris,
2309 5706 2360 5752 ct
2404 5712 2432 5750 a
2463 5695 2713 5764 pluribus
2759 5693 3004 5764 Quidem,
3035 5693 3314 5763 doctisque
3351 5693 3484 5748 viris
3526 5705 3731 5762 pertra-

2140 5776 2302 5828 ctata,
2330 5783 2449 5838 qua:
2471 5768 2735 5834 replicare
2759 5777 3004 5820 notarum
3026 5767 3286 5838 angustia!
3309 5781 3416 5838 non
3438 5764 3727 5838 sinunt'l'u

2143 5835 2358 5896 videsis‘
2393 5838 2686 5910 Josephum
2710 5879 2726 5907 ,
2756 5847 2811 5896 et
2840 5852 2906 5895 ex
2939 5835 3333 5895 recentioribus
3363 5836 3727 5894 Christianum
