4192 6502
436 310 540 372 565
975 307 1035 367 S.
1078 302 1464 374 lllEBONYMl
1505 301 2032 374 INTEBPRETATI‘

2127 300 2498 371 GllBONICIE
2537 303 2810 375 EUSEBli
2848 304 3200 376 PAMPlllLl.
3483 297 3490 301 ’
3636 307 3741 364 566

467 467 661 542 Olymp,
841 464 1153 526 Judworwn.

2127 465 2440 515 tomanorum.
3302 458 3394 519 λιι.
3411 464 3548 520 Dom.

746 591 1039 644 Judworum
1060 589 1244 656 princi-
1370 586 1599 656 De_fectio
1622 588 1739 656 solis
1761 587 1886 656 facta
1911 588 1961 651 b.
1987 595 2040 649 et
2069 589 2418 656 Augustnsjﬁ
2450 591 2611 656 aetatis
2640 603 2746 641 suae
2765 590 2938 656 anno,
2966 591 3144 643 Atellae
3179 593 3229 643 in
3614 521 3742 578 Abh

808 661 973 718 patum
1039 650 1193 718 teneL
1213 653 1240 683 ⁸
1434 650 1702 718 Campania
1715 650 1952 718 moritur,
1966 650 2314 718 sepeliturque
2334 651 2501 718 Romae
2523 654 2580 718 in_
2597 665 2766 718 campo
2791 650 2987 718 Martio.

808 712 1127 780 HERODES
1154 715 1242 780 Τις·
1305 712 1633 770 Romanorum
1671 713 1789 778 III,
1831 715 1904 767 TI
1914 712 2070 770 BER!
2078 716 2159 768 US
2206 712 2422 780 regnauit
2465 713 2604 768 annis
2643 712 2723 779 π
2765 712 2840 766 vel
2880 717 2967 778 21,
3003 723 3054 768 ιιι
3095 717 3229 770 aiunt

800 777 1000 831 trarcha
1011 776 1150 831 annis
1160 777 1238 829 24.
1777 776 1782 778 ’
2152 776 2386 828 nonnulli.

780 843 826 894 1.
893 879 910 895 .
977 880 991 896 .
1059 878 1074 894 .
1142 879 1158 897 .
1228 881 1242 895 .
1308 841 1334 894 1
1366 840 1605 917 Tiberius
1637 842 1823 917 {quasi
1855 846 2071 917 coactus,
2104 847 2158 894 et
2190 854 2412 917 querens
2443 839 2673 892 miseram
2708 845 2761 894 et
2791 855 3054 893 onerosam
3083 844 3228 909 jungi
3388 845 3450 897 16
3615 841 3742 896 2030

1430 905 1527 968 sibi
1549 905 2154 968 servitutem,_imperium
2178 905 2391 968 recepit.

1373 965 1527 1030 Caius,
1548 966 1748 1030 Asinius
1785 964 1977 1018 Gallus"
1994 972 2182 1030 orator,
2204 964 2378 1030 Asinii
2426 964 2664 1030 Pollionis
2696 964 2849 1026 ﬁlius,
2891 967 3034 1030 cujus
3079 970 3226 1020 etiam

1433 1026 1463 1069 ὰ
1488 1028 1725 1093 Virgilius
1748 1029 1989 1092 meminit,
2010 1029 2134 1081 diris
2157 1025 2185 1078 a
2203 1025 2409 1080 Tiberio
2431 1027 2686 1094 suppliciis
2715 1036 2944 1081 necatur.

778 1095 3164 1146 2......2......................
3388 1097 3448 1149 17

3386 1157 3449 1209 18

528 1220 620 1273 199
776 1221 826 1274 4.
893 1257 908 1270 .
977 1257 993 1272 .
1060 1256 1071 1268 .
1140 1255 1157 1270 .
1223 1255 1239 1271 .
1303 1220 1336 1271 ι
1368 1219 1427 1270 T.
1455 1220 1622 1270 Livius
1645 1217 2032 1282 historiographu

2127 1220 2280 1270 'atavii
2306 1221 2530 1282 moritur.
2783 1281 2788 1282 γ
2815 1281 2822 1282 γ
2933 1280 2970 1282 _
3385 1224 3447 1274 19

1370 1282 1579 1348 Ovidius
1607 1291 1752 1346 poeta
1777 1285 1800 1312 ⁸
1824 1280 1875 1332 in
1898 1280 2050 1333 esilio
2084 1281 2215 1333 diem
2251 1282 2391 1348 obiit,
2429 1287 2480 1338 et
2506 1281 2648 1345 juxta
2679 1281 2914 1348 oppidum
2932 1280 3113 1332 Tomos
3139 1293 3224 1332 se-

1427 1345 1628 1408 pelitur’.

1368 1405 1692 1473 germanicus
1711 1407 1869 1473 (Σκει-
1891 1405 1913 1447 ἲ
1939 1407 2004 1457 de
2027 1407 2222 1459 Parthis
2249 1408 2538 1473 triumphat,

775 1470 824 1523 5.
893 1505 908 1522 .
973 1506 988 1524 .
1056 1506 1072 1522 .
1142 1505 1155 1522 .
1225 1508 1238 1522 .
1301 1471 1341 1526 ‘5.
1373 1467 1634 1532 Tredecim
1658 1471 1811 1522 urbes
1831 1472 1856 1514 8
1882 1475 2168 1524 terraetnotu
2190 1467 2506 1534 corruerunt,
2527 1471 2786 1538 Epheus,
2811 1470 3084 1535 Magnesia,
3109 1469 3227 1521 Sar-
3383 1471 3447 1522 20

1700 1597 1960 1656 GRAECA
2001 1597 2465 1658 FRAGMENTA.

501 1715 761 1772 Βασιλεύει
790 1725 884 1779 τῆς
919 1714 1176 1779 Ἰουδαίας
1207 1723 1445 1773 ἮΡΩΔΗΣ
1490 1714 1516 1772 ὁ
1554 1723 1895 1774 ΤΕΤΡΑΡΧΗΣ
1935 1713 2029 1777 ἔτη

428 1785 524 1843 uti“.
545 1788 806 1859 Chronic.
833 1788 1028 1844 Pasch.
1063 1803 1184 1859 pag.
1217 1789 1342 1845 i65.

501 1858 908 1936 Αὔγουστος-η...
948 1858 1163 1936 releuetis
1209 1868 1300 1936 rei)
1331 1861 1722 1936 ﬁiou.....hm9'
1761 1858 1815 1916 ὃν
1847 1859 2030 1932 χρόνον

429 1930 646 2006 ἔκλειψις
675 1933 1035 2006 ἡλίονγγέγονε.
1065 1930 1304 2003 ΞγιιεεΙΙ.
1331 1930 1462 2001 'pag.
1495 1933 1624 1990 253.

500 2003 757 2076 Ῥώμαίων
781 2003 861 2080 γ’(
896 2003 1221 2082 ἐμονάρχησε
1267 2014 1531 2062 ΤΙΒΕΡΙΟΣ
1574 2012 1770 2084 Καῖσαρ
1807 2003 1895 2066 ἔτη
1928 2004 2027 2077 κβ.

2132 1715 2337 1771 Chron.
2375 1713 2572 1772 Pasch.
2597 1729 2719 1786 pag.
2754 1715 2879 1771 165.

2205 1797 2306 1850 Τῆς
2336 1793 2524 1864 μικρᾶς
2551 1788 2725 1850 Ἀσίας
2762 1797 2962 1864 orto-pq?)
3008 1791 3069 1863 ιγ’
3094 1790 3270 1855 πόλεις
3298 1791 3730 1864 κςτσπτῴθησαν,

2132 1859 2350 1940 "Epeo-oc
2376 1903 2390 1927 ,
2419 1859 2712 1940 Myrr/gnata,
2741 1859 2946 1940 Σάρδξιέ
2965 1904 2980 1928 ,
3013 1859 3236 1924 alonim":
3261 1904 3276 1928 ,
3309 1859 3472 1939 Δῖγαι,
3503 1862 3738 1940 ἰερᾳκαι-

2132 1932 2318 2010 adipata
2343 1974 2356 1998 ,
2381 1932 2697 2010 _¢t).ot_3tslpia
2723 1974 2740 1999 ,
2765 1932 2974 2010 Τμῶλος
2993 1973 3008 1997 ,
3047 1941 3216 2010 Τῡμος
3236 1981 3249 2003 ,
3277 1932 3478 2010 Mysis“
3503 1975 3518 2004 ,
3548 1932 3692 2010 ιὶὕμη
3713 1977 3733 2004 ,

2131 2004 2446 2074 Ἀτξολλωνία,
2479 2007 2570 2062 Δία
2594 2004 2852 2081 Ὑρκανία.
2884 2004 3131 2078 δγηοθιι.
3158 2022 3278 2078 pag.
3311 2008 3439 2063 254.

1955 2143 2188 2204 NOTAE:

423 2281 642 2358 gravior
673 2279 892 2358 Eusebii
921 2281 1417 2358 metachronismus
1440 2291 1523 2358 est
1550 2297 1616 2358 es
1646 2281 1815 2338 semel
1839 2279 2021 2358 turba-
2051 2281 2103 2342 Α
2128 2295 2249 2350 cap.
2280 2282 2418 2338 ηδε
2455 2283 2716 2358 Securum
2737 2300 2790 2338 se
2810 2284 3074 2356 Augustus
3103 2286 3422 2358 praedicans,
3457 2301 3550 2341 nec
3569 2285 3732 2356 quid-

425 2359 493 2408 tis
515 2354 655 2408 circa
686 2353 914 2408 Herodis
937 2355 1146 2410 obitum
1180 2354 1425 2410 calculis.
1457 2354 1704 2425 Scaliger
1729 2354 2022 2421 quadrien-

423 2426 497 2479 nii
546 2441 668 2480 esse
716 2425 914 2492 sentit;
946 2440 1046 2481 nos
1081 2427 1128 2482 si
1170 2436 1318 2481 recte
1349 2427 1592 2481 rationes
1637 2425 2018 2490 subduximus,

428 2496 502 2552 ibi
532 2497 600 2552 de
626 2495 879 2552 Archelai
912 2497 1102 2567 initiis,
1141 2497 1421 2569 patrisque
1451 2496 1569 2569 ejus
1596 2505 1793 2564 morte,
1825 2511 2020 2552 sexen-

424 2572 516 2622 nio
547 2569 725 2623 solido
752 2569 1066 2623 aberratutu
1096 2569 1424 2638 colligimus.

497 2649 522 2677 °
553 2640 710 2696 Hunc
738 2639 1012 2695 Arduinus
1045 2640 1211 2696 lilium
1245 2641 1514 2696 Zenodori
1546 2639 1689 2706 facit,
1718 2655 1826 2695 non
1851 2639 2022 2695 Hero-

422 2712 543 2768 dis:
569 2727 807 2781 eumque
837 2714 934 2779 ait,
966 2715 1143 2784 patrio
1165 2713 1309 2783 jure,
1345 2729 1452 2768 non
1485 2713 1734 2784 precario
1766 2729 1794 2766 a
1825 2711 2025 2766 Roma-

423 2785 509 2842 nis
551 2799 833 2854 regnasse.
877 2784 931 2838 ln
967 2783 1063 2838 has
1103 2800 1226 2840 eum
1261 2795 1393 2856 puto
1437 2783 1714 2855 angustias
1761 2784 2022 2854 Staligeri

423 2864 744 2926 argumenta
773 2857 1148 2924 detruserunt,
1182 2865 1328 2911 totus
1361 2857 1448 2912 hic
1479 2858 1626 2912 enim
1658 2857 1710 2910 in
1736 2872 1801 2911 eo
1831 2865 1936 2923 est,
1967 2864 2025 2910 ut

425 2927 541 2982 falli
573 2927 891 2993 Eusebium,
928 2929 1295 3000 persuadeat,
1342 2929 1430 3000 qui
1464 2928 1616 2998 regni
1654 2927 1882 3000 Ilerodis
1925 2926 2025 2980 ini-

424 3001 562 3053 tium
599 3001 862 3055 hactenus
908 2999 1202 3064 distulerit,
1251 2999 1372 3056 cum
1422 2999 1778 3069 constetjam
1821 3013 2022 3052 annum

424 3070 699 3126 decimum
746 3086 1004 3141 regnasse
1045 3087 1169 3127 eum
1211 3072 1264 3126 in
1308 3071 1632 3126 Tetrarchia
1678 3086 1773 3125 sua
1803 3089 1814 3122 :
1847 3084 2025 3141 neque

425 3141 585 3214 fratri
611 3142 883 3197 Archelao
916 3144 1264 3206 successerit,
1301 3143 1459 3214 cujus
1485 3152 1592 3198 tota
1624 3144 1675 3197 in
1712 3142 1899 3214 iiscum
1933 3157 2023 3196 re-

423 3213 582 3285 dacta
613 3215 889 3285 possessio
917 3223 1020 3268 est.
1049 3215 1206 3285 Atqui
1239 3231 1346 3270 non
1371 3215 1590 3270 videtur
1612 3213 1881 3284 Scaliger,
1908 3221 2025 3285 stu-7

424 3284 517 3340 dio
567 3284 812 3356 litigandi
858 3284 1144 3356 abreptus,
1195 3287 1435 3340 nativum
1470 3287 1757 3341 verborqu
1807 3284 2025 3340 Eusebii

425 3370 650 3412 sensum
685 3358 1022 3428 percepisse,
1052 3374 1208 3426 quem
1242 3358 1461 3428 quidem
1495 3358 1626 3413 nihil
1656 3356 1757 3412 sibi
1790 3358 2024 3412 voluisse

425 3428 571 3500 aliud
609 3427 762 3497 puto,
796 3427 956 3500 quam
982 3427 1557 3500 llerodcmAntipam,
1589 3429 1810 3484 fratrem
1841 3428 2026 3498 utique

426 3499 706 3567 Archelai,
741 3499 1025 3571 postquam
1060 3502 1160 3556 istc
1191 3501 1376 3572 pulsus
1411 3499 1498 3557 est
1528 3503 1580 3556 in
1623 3500 1898 3566 exsilium,
1929 3515 2021 3553 ca-

429 3582 524 3644 put
559 3573 796 3644 nationis
823 3572 1133 3644 .ludteorum
1178 3588 1241 3628 ac
1274 3575 1569 3644 principem
1600 3573 1778 3642 egisse
1813 3591 1823 3624 :
1859 3586 2020 3642 quam

428 3643 751 3713 dignitatem
777 3645 918 3700 alter
939 3645 1058 3711 ejus
1078 3643 1246 3699 frater
1269 3643 1552 3714 Philippus
1581 3661 1689 3698 non
1714 3654 1829 3698 erat
1855 3644 2019 3698 susti-

431 3714 636 3782 uendo,
678 3725 866 3786 utpote
891 3716 985 3786 qui
1012 3724 1066 3770 et
1096 3716 1306 3771 meritis
1333 3725 1388 3772 et
1414 3713 1542 3771 natu
1571 3717 1779 3779 minor;
1812 3714 1879 3770 ad
1905 3713 2020 3771 haec

431 3789 599 3842 etiam
634 3787 844 3843 lturzeae
879 3789 1172 3856 tetrarcha,
1205 3802 1310 3842 non
1343 3788 1599 3856 Galilaeae,
1629 3797 1685 3841 ut
1725 3786 1970 3842 Herodes
2003 3804 2018 3840 :

431 3874 553 3930 qua:
582 3858 718 3915 ditio
747 3875 842 3929 pro
863 3861 1067 3916 Judmae
1095 3868 1246 3931 parte
1272 3874 1490 3931 semper
1510 3871 1594 3914 est
1618 3860 1819 3931 habita.
1854 3858 2022 3927 igitur

430 3932 535 4002 iste
556 3946 883 4002 quamquam
912 3932 1020 3999 jam
1047 3946 1076 3985 a
1104 3930 1320 3986 decimo
1346 3930 1490 3986 anno
1519 3933 1571 3985 in
1605 3930 1832 4000 privata,
1869 3937 1926 3982 ut
1951 3931 2020 4002 ita

431 4001 632 4067 dicam,
659 4001 950 4074 tetrarchia
978 4018 1233 4073 regnans,
1258 4004 1486 4074 expulso
1513 4002 1804 4068 Archelao,
1832 4017 1934 4055 non
1966 4001 2019 4054 in

431 4075 555 4141 ejus
582 4074 799 4144 quidem
841 4073 1066 4129 ditionis
1088 4073 1341 4141 sortem),
1361 4076 1456 4129 sed
1485 4074 1535 4128 in
1569 4075 1747 4144 gentis
1777 4081 1935 4142 caput
1967 4079 2024 4144 et

433 4143 736 4217 principem
775 4146 900 4218 jure
945 4147 1263 4216 assumitur,
1303 4157 1469 4218 atque
1503 4145 1628 4201 inde
1667 4161 1811 4218 nova
1858 4143 2020 4218 veluti

435 4219 585 4284 regni
613 4220 732 4286 ejus
754 4217 956 4287 epocha
986 4230 1260 4274 censetur.
1295 4217 1405 4273 Hac
1432 4217 1664 4280 ratione,
1697 4227 1757 4272 ut
1782 4217 2020 4283 Eusebii,

435 4288 508 4342 ita
540 4291 719 4344 nullus
761 4290 1077 4360 Hieronymi
1120 4291 1171 4344 in
1213 4304 1374 4361 caput
1405 4290 1677 4345 thlatthtei
1721 4303 1882 4361 error
1916 4299 2020 4356 est,

433 4375 597 4426 quem
631 4361 872 4431 Scaliger
901 4363 1173 4423 somniat;
1220 4360 1326 4417 non
1369 4361 1514 4417 enim
1560 4361 1637 4415 ait
1667 4361 1737 4416 ibi
1771 4360 1827 4416 S.
1866 4360 2025 4431 Pater

435 4429 799 4506 Archelaum,
813 4435 928 4506 sed
947 4505 953 4506 γ
971 4434 1225 4503 Antipam
1268 4433 1531 4503 Lugdune
1562 4434 1898 4506 relegatum.
1917 4429 2022 4488 Sed

437 4504 659 4576 vitiosis,
684 4503 784 4576 ine'
813 4503 1088 4576 longiores
1137 4521 1292 4574 aequo
1335 4506 1528 4572 simus,
1561 4505 1808 4576 Basnagii
1839 4503 2022 4558 llisto-

435 4577 571 4646 riam
597 4575 835 4631 Judmor.
863 4575 1001 4631 tom.
1029 4578 1070 4642 Ι,
1105 4584 1219 4632 toto
1250 4581 1426 4646 capite
1453 4588 1664 4632 octavo.

510 4645 537 4684 b
560 4647 744 4719 Neque
761 4648 1060 4718 Augusmm
1089 4650 1190 4703 hoc
1217 4645 1361 4704 anno
1383 4649 1600 4710 obiisse.
1627 4648 1723 4704 sed
1751 4646 2020 4717 sequenti,

439 4734 613 4789 neque
645 4721 747 4774 hoc
776 4735 940 4782 anno,
965 4721 1061 4774 sed
1093 4723 1338 4790 sequenti
1366 4737 1486 4778 eam
1512 4720 1870 4775 deiectionem
1894 4719 2025 4774 Solis

436 4791 727 4857 accidisse,
752 4807 818 4848 ex
855 4791 1022 4846 Dione
1049 4793 1266 4859 quidem
1296 4801 1452 4848 notat
1479 4793 1720 4862 Scaliger
1753 4810 1764 4844 :
1799 4793 1912 4860 ipse
1941 4806 2027 4844 au-

437 4869 549 4916 tem
583 4863 784 4918 nullant
825 4862 990 4917 fuisse
1031 4864 1163 4919 solis
1193 4864 1554 4920 defectionem
1579 4863 1883 4929 contendit,
1927 4862 2021 4918 sed

440 4933 622 5006 lnnam
646 4933 835 4992 diebus
883 4933 952 4989 59
979 4950 1008 4989 a
1049 4943 1223 4989 morte
1269 4937 1491 5006 Augusti
1532 4935 1798 4991 defecisse
1831 4942 2016 4988 totam.

439 5005 674 5060 Proinde
715 5021 820 5061 non
853 5007 922 5060 76
958 5008 1123 5060 (Blalis
1157 5023 1265 5060 stite
1303 5005 1461 5075 anno,
1516 5008 1610 5061 sed
1643 5024 1749 5061 uno
1787 5006 2016 5074 auctius,

437 5077 558 5132 sive
586 5078 653 5132 77
685 5078 985 5147 Augustum
1034 5078 1257 5144 obiisse,
1301 5081 1351 5134 in
1385 5053 1501 5147 ipso
1539 5078 1847 5133 Eusebiano
1895 5053 2023 5132 ceu1
2052 5053 2098 5117 C

442 5156 590 5204 textu
639 5153 814 5220 ponit,
863 5157 1051 5204 eontra
1086 5165 1219 5220 mss.
1251 5160 1382 5220 quot
1428 5152 1542 5206 scio
1574 5149 1812 5204 omnium
1863 5157 2022 5219 atque

438 5218 708 5278 editorum
735 5218 985 5278 codicum
1015 5218 1414 5278 auctoritatem.
1455 5221 1608 5290 Quod
1640 5222 1856 5291 quidem
1893 5221 2025 5276 satis

441 5306 564 5364 esse
593 5292 776 5363 debet,
816 5301 875 5349 ut
903 5294 992 5362 iis,
1025 5308 1147 5364 qum
1173 5294 1341 5349 multa
1389 5295 1440 5349 in
1482 5294 1634 5349 Notis
1663 5293 1728 5347 ad
1760 5291 2024 5364 hypothe-

437 5363 545 5418 sim
575 5364 713 5438 hanc
742 5381 900 5438 suam,
938 5382 1004 5420 cx
1044 5363 1283 5438 siderum
1323 5367 1493 5438 cyclis
1523 5363 1894 5429 asserendam,
1936 5379 2024 5438 ac-

441 5437 852 5507 cusandumque
893 5437 1334 5494 liallut-inationis
1363 5437 1683 5502 Eusebium,
1729 5437 2022 5505 congessit,

427 5505 561 5580 jure
602 5505 819 5580 omnem
867 5507 1102 5578 deneges
1144 5509 1324 5564 iidem.
1357 5510 1650 5564 Proiitetur
1690 5508 1805 5577 ipse
1835 5509 2022 5580 palam

444 5579 953 5648 Schurzileischius,
985 5597 1088 5635 non
1114 5595 1232 5635 cam
1270 5597 1330 5637 se
1366 5582 1697 5652 Scaligerani
1739 5579 1876 5651 cycli
1907 5595 2030 5634 esse

445 5661 636 5720 putare
658 5654 1047 5719 sinceritatem,
1075 5662 1133 5708 ut
1165 5661 1243 5707 tot
1273 5655 1396 5710 aliis
1417 5653 1752 5714 auctoribus,
1799 5661 1852 5707 et
1880 5659 1956 5706 tot
1977 5654 2030 5707 in

446 5723 638 5792 primis
677 5739 810 5778 mss.
847 5724 1079 5793 amplius
1107 5725 1406 5781 contradici
1435 5726 1627 5796 possit.
1673 5723 1807 5781 Sunt
1855 5726 2035 5796 enim—

448 5809 584 5876 vero
623 5797 772 5850 omni
812 5797 1133 5876 exceptione
1180 5795 1475 5876 majorum,
1507 5812 1682 5876 eaque
1723 5795 2043 5876 luculeutis-

451 5868 586 5922 sima
609 5875 890 5924 auctorum
915 5868 1250 5928 testimonia.
1279 5869 1514 5927 Velleius
1531 5869 1847 5926 Paterculns
1867 5868 1959 5926 lib.
1983 5883 2044 5936 ιι,

2126 2370 2285 2424 quam
2296 2357 2415 2428 jam
2439 2356 2502 2409 de
2531 2356 2654 2425 ﬁne,
2689 2360 2734 2409 at
2759 2358 2871 2427 fata
2903 2356 3192 2428 poscerent,
3217 2374 3638 2414 recusaus.......
3671 2359 3730 2412 in

2123 2442 2221 2479 sua
2243 2427 2506 2500 resolutus
2535 2428 2836 2500 initia......
2862 2427 3249 2500 septuagesimo
3279 2441 3425 2484 sexto
3448 2446 3587 2484 armo
3617 2431 3737 2485 ani-

2123 2513 2261 2572 mum
2286 2497 2540 2572 caelestem
2561 2498 2690 2572 oculo
2719 2499 2968 2572 reddidit.
2995 2497 3288 2555 Suetonius
3313 2501 3476 2556 etiam
3500 2516 3732 2572 expres-

2125 2571 2239 2623 sius
2272 2587 2282 2621 :
2338 2568 2552 2623 Duobus
2584 2570 2778 2636 Sextis,
2814 2569 3066 2639 Pompeio
3100 2583 3148 2626 et
3190 2572 3413 2640 Apuleio
3463 2568 3600 2626 coss.
3643 2587 3733 2628 xw

2125 2639 2232 2694 kal.
2266 2641 2774 2714 Septembris,ltora
2796 2643 2901 2696 diei
2929 2659 3088 2710 nona,
3116 2639 3493 2714 septuagesimo
3515 2652 3561 2698 et
3586 2652 3733 2701 sexto

2126 2713 2303 2784 {etatis
2333 2729 2493 2780 anno,
2529 2713 2708 2770 diebus
2736 2715 2960 2782 quinque
2986 2716 3200 2784 triginta
3223 2718 3411 2770 minus.
3445 2715 3601 2770 Paria
3633 2717 3732 2772 Dio

2127 2782 2291 2838 habet
2323 2784 2419 2840 lib.
2460 2799 2568 2850 LVI,
2609 2794 2773 2854 atque
2818 2786 2931 2839 alii.
2969 2782 3108 2854 Quid
3139 2787 3282 2856 quod
3313 2802 3432 2842 eam
3478 2787 3727 2856 eclipsim

2129 2856 2737 2928 tabnlmastronomicm
2767 2859 3168 2924 comprobant?
3204 2857 3311 2913 Sed
3343 2865 3399 2912 et
3425 2858 3476 2911 in
3509 2873 3575 2913 eo
3607 2874 3732 2928 per-

2125 2925 2204 2996 git
2231 2927 2345 2981 l'alli
2378 2927 2642 2997 Scaliger,
2671 2928 2814 2997 quod
2844 2944 3045 2983 annum
3079 2928 3222 2984 hunc
3251 2929 3465 2998 imperii
3491 2925 3724 2999 Augusti

2127 2999 2632 3070 quinquagesimum
2659 3009 2870 3055 sextum
2900 3016 3025 3056 eum
3058 3001 3276 3056 decimo
3297 3009 3491 3069 quarto
3521 3000 3725 3056 Christi

2127 3076 2428 3142 connectit,
2482 3072 2574 3141 qui
2623 3085 2782 3127 error
2827 3089 2854 3124 a
2892 3073 3075 3142 priore
3115 3071 3212 3126 illo
3240 3072 3382 3138 ﬂuit,
3421 3087 3582 3142 quem
3626 3086 3728 3126 suo

2127 3141 2260 3213 loco
2294 3142 2619 3208 notavimus,
2670 3143 2761 3197 ubi
2802 3141 3035 3212 primum
3085 3142 3289 3198 Christi
3335 3141 3458 3198 cum
3498 3143 3730 3213 Augusti

2127 3212 2542 3287 quadragesimo
2584 3215 2744 3268 tertio
2775 3216 3104 3287 composuit.
3146 3215 3349 3270 Recole
3377 3228 3499 3284 quae
3532 3212 3606 3287 ibi
3643 3214 3728 3269 di-

2127 3294 2211 3338 cta
2231 3297 2356 3340 sunt
2383 3304 2394 3337 :
2425 3286 2654 3340 multum
2699 3286 2914 3356 quippe
2946 3287 3194 3350 interest,
3228 3302 3298 3342 ex
3340 3302 3445 3357 qua
3499 3286 3730 3341 halluci-

2127 3357 2358 3432 natione
2363 3431 2368 3432 γ
2384 3358 2579 3426 reliqui
2629 3356 2754 3432 ejus
2779 3358 3127 3432 paralogismi
3157 3356 3495 3432 deriventttr,
3512 3358 3721 3432 _obser-

2127 3443 2303 3502 vasse.
2337 3428 2510 3484 Porro
2531 3431 2678 3500 quod
2709 3428 2793 3483 ait
2819 3428 3182 3502 llierOnymus
3206 3430 3393 3502 Atellae
3418 3429 3473 3502 in
3499 3429 3726 3498 Campo.

2126 3501 2214 3553 m‘a
2260 3512 2529 3572 mortuum
2583 3505 2924 3572 Augustum,
2976 3501 3278 3570 scriptores
3332 3501 3582 3571 plerique
3629 3502 3725 3556 alii

2125 3586 2316 3696 cinget;
2363 3570 2540 3641 ΝοΙιτ,
2585 3570 2700 3629 sive
2754 3574 2897 3644 apud
2940 3572 3136 3629 Nolam
3183 3570 3542 3630 succubuisse
3594 3588 3719 3628 eum

2128 3652 2207 3696 Ira
2252 3653 2366 3696 ttnt.

2128 3652 2366 3698 tradunt.

2201 3726 2223 3788 ξ
2251 3715 2394 3788 Tota,
2419 3716 2532 3788 haec
2557 3716 2815 3788 pericopa
2838 3731 2867 3771 a
2901 3717 3185 3772 Parmensi
3216 3731 3319 3771 ms.
3353 3715 3530 3788 abest.

2195 3784 2422 3859 adrSentit
2456 3784 3051 3859 Scaligeerirgilium
3090 3789 3143 3844 in
3186 3788 3375 3843 eadem
3410 3787 3598 3859 ecloga
3630 3787 3719 3843 Si-

2125 3857 2316 3912 celides
2335 3858 2525 3924 Musaz,
2551 3869 2605 3913 et
2624 3861 2793 3928 patris
2810 3857 3065 3915 CfAsinii
3089 3859 3353 3914 Pollionis
3377 3857 3715 3927 meminisse,

2125 3939 2177 4002 et.
2205 3930 2327 3991 lilii,
2356 3945 2476 3984 eum
2500 3945 2562 3985 ea
2587 3930 2764 3984 dicata
2787 3931 2859 3985 sit
2879 3933 3038 4000 patri,
3071 3932 3124 3986 in
3149 3931 3380 4002 gratiam
3404 3936 3584 3984 autem
3614 3931 3715 4002 lilii

2123 3999 2282 4055 facta.
2317 4002 2514 4074 Errare
2543 4012 2723 4074 autem
2769 3999 3181 4074 lilierouytnum',
3205 4001 3297 4072 qui
3329 4001 3584 4074 miseram
3617 4001 3713 4058 lilii

2123 4080 2325 4126 sortem
2353 4071 2458 4126 huc
2482 4073 2702 4142 referat,
2735 4073 2802 4128 ad
2839 4071 2987 4144 quod
3015 4071 3234 4144 tempus
3272 4087 3372 4144 par
3403 4073 3571 4141 patris
3601 4074 3718 4128 exi-

2127 4154 2231 4208 tus,
2271 4154 2493 4199 auctore
2530 4145 2745 4214 Tacito,
2779 4154 3010 4214 spectat.
3034 4146 3140 4201 Sed
3164 4154 3220 4200 et
3245 4144 3336 4198 alii
3366 4144 3421 4198 in
3449 4144 3716 4216 Hieronye

2125 4231 2270 4270 mum
2302 4216 2417 4271 sive
2447 4217 2740 4270 Eusebium
2767 4218 3058 4286 insurgunt
3085 4218 3397 4271 criticorum
3432 4216 3547 4280 lilii,
3567 4215 3712 4285 quad

2125 4287 2299 4345 Asinii
2333 4287 2471 4344 Galli
2501 4303 2691 4342 necem
2727 4291 2905 4356 primo
2936 4289 3138 4344 Tiberii
3171 4301 3316 4342 anno
3361 4287 3556 4356 illiget,
3591 4301 3712 4351 quae

2125 4361 2246 4428 ejus
2294 4359 2642 4428 imperatoris
2691 4361 2756 4414 i7
2797 4361 3049 4430 contigit.
3094 4360 3200 4414 Pro
3246 4368 3397 4414 certo
3454 4358 3710 4430 habetur,

2124 4430 2297 4487 fuisse
2321 4431 2601 4486 Tiberium
2627 4432 2770 4486 malo
2785 4429 3046 4486 adversus
3067 4430 3312 4486 Asinium
3339 4430 3484 4484 hunc
3505 4429 3712 4494 animo,

2124 4517 2190 4557 ex
2219 4519 2324 4572 quo
2353 4503 2664 4574 Vipsaniatn
2700 4503 2937 4573 priorem
2965 4504 3252 4574 conjugem
3283 4517 3434 4557 suam
3464 4517 3492 4556 a
3524 4515 3583 4555 se
3615 4515 3711 4574 re-

2123 4571 2442 4645 pudiatam,
2500 4575 2590 4631 hic
2636 4571 2738 4629 sibi
2787 4571 3153 4630 matrimonio
3187 4575 3486 4645 copulavit.
3549 4571 3717 4627 Addit

2124 4646 2282 4701 aliain
2317 4647 2424 4700 odii
2452 4661 2669 4701 causam
2703 4647 2816 4710 nio,
2857 4647 2999 4716 quod
3045 4646 3248 4714 Sejano
3288 4645 3707 4713 obsequeretur,

2125 4717 2285 4785 eique
2326 4721 2526 4787 primas
2554 4721 2851 4783 tribueret;
2885 4719 2974 4787 qui
3014 4717 3244 4786 Sejanus
3272 4717 3489 4771 Tiberio
3521 4716 3571 4768 in
3610 4731 3717 4787 su-

2126 4785 2422 4859 spicionem
2466 4790 2576 4858 jam
2624 4799 2867 4844 venerat.
2906 4785 3188 4844 Caeterum
3237 4785 3714 4859 artibusquidem

2127 4857 2373 4930 dolisque
2404 4857 2607 4916 Tiberii
2639 4861 2916 4930 conjectus
2947 4860 2998 4913 in
3023 4874 3302 4914 carcerem
3330 4857 3710 4930 Asinittsjttit;

2129 4934 2198 4988 ibi
2230 4925 2409 4989 autem
2443 4934 2582 4987 fame
2610 4949 2677 4986 an
2720 4925 2867 4986 t'lrro
2899 4933 3143 5000 perierit,
3170 4930 3392 5000 dubium
3419 4937 3523 4984 est.
3553 4925 3715 5000 certe

2126 5003 2350 5074 Capreis
2385 5017 2512 5060 tunc
2540 5005 2731 5074 agebat
2756 4998 3032 5057 Tiberius.
3063 4999 3560 5074 ConpleriTacitum.
3593 4998 3718 5054 Asi-

2130 5071 2251 5131 nius
2287 5077 2482 5143 Pollio,
2528 5071 2682 5146 pater
2725 5073 2899 5128 Asinii
2930 5075 3094 5142 Galli,
3141 5073 3210 5146 ab
3261 5071 3489 5146 Eusebio
3523 5079 3712 5125 nostro

2126 5157 2254 5202 ante
2295 5163 2467 5202 annos
2503 5143 2695 5203 decem
2741 5154 2916 5200 morte
2959 5161 3058 5201 sua
3105 5144 3306 5200 obiisse
3355 5143 3552 5198 dicitur
3595 5157 3714 5214 seq.

2125 5237 2275 5276 num.
2308 5219 2470 5274 $0220.

2127 5291 2388 5420 dnevVide
2421 5307 2582 5346 unum
2612 5304 2710 5363 pro
2740 5290 2948 5346 cunctis
2976 5290 3134 5347 Joan.
3169 5288 3473 5345 Massonum
3505 5289 3558 5345 in
3591 5287 3721 5344 Ovi-

2166 5381 2197 5419 ΙΙ
2280 5375 2371 5418 lia.

2166 5364 2197 5419 ii
2233 5364 2371 5418 Vita.

2203 5433 2223 5472 ί
2251 5435 2494 5490 Rcscribi
2525 5433 2640 5487 vult
2665 5433 2909 5505 Scaliger
2937 5436 3001 5490 de
3027 5433 3246 5497 Chattis,
3281 5433 3349 5489 de
3369 5433 3564 5505 quibus
3585 5446 3718 5488 sane

2128 5508 2298 5563 hocce
2324 5521 2490 5573 anno,
2522 5515 2582 5560 ut
2609 5505 2676 5561 de
2702 5504 3014 5575 Cheruscis,
3044 5514 3097 5560 et
3122 5505 3462 5577 Angrivariis
3492 5504 3719 5559 Germa-

2131 5580 2288 5635 nicus
2317 5579 2688 5652 triumphavit,
2721 5579 2864 5651 quod
2897 5579 3122 5635 Tacitus
3154 5579 3352 5634 Annal.
3381 5592 3445 5644 ιι,
3475 5590 3595 5645 cap.
3618 5577 3712 5642 4i,

2134 5659 2383 5708 testatur.

2213 5734 2238 5771 ε
2288 5723 2485 5795 Atqui,
2534 5724 2704 5794 inquit
2755 5722 3269 5795 Srhurzlleischius,
3315 5717 3724 5795 quatuordeeim

2145 5795 2305 5851 urbes
2335 5788 2710 5862 recenseniur,
2743 5812 2852 5851 non
2881 5794 3139 5851 tredecim
3161 5837 3174 5858 ,
3205 5795 3273 5848 de
3293 5788 3398 5862 quo
3419 5789 3555 5845 infra
3575 5788 3730 5862 vide-

2151 5868 2344 5925 bimus.
2395 5869 2498 5925 Pro
2533 5860 2812 5928 Mosthcne
2846 5868 3050 5941 primus
3080 5860 3353 5923 Palatinus
3383 5862 3554 5938 habet
3598 5860 3738 5920 Hos-v
