4192 6504
377 329 485 388 585
922 330 985 391 S.
1024 327 1407 391 HIERONYMI
1443 329 2001 393 INTERPRETATIO
2035 330 2405 394 CHRONICAE
2443 332 2711 395 EUSEBII
2750 335 3100 397 PAMPHILI.
3569 342 3673 399 586

3545 438 3671 485 Arni.

402 483 606 566 0‘3!"ng
782 486 1095 559 Judmorum.
2030 496 2372 546 Romonorum.
3234 497 3327 547 An.
3340 492 3477 547 Dom.

475 611 570 663 209
696 613 772 663 l5.
839 648 854 663 .
922 648 940 666 .
1006 651 1020 666 .
1087 650 1105 666 .
1174 650 1187 665 .
1254 617 1285 665 5
1321 615 1559 730 Steiggei:
1584 617 1819 669 Surculus
1856 617 2163 670 Tholosanus
2201 620 2249 669 in
2283 618 2459 683 Gallia,
2495 620 2832 673 celeberrime
2872 622 3172 673 rhetoricam
3333 622 3391 675 59
3547 559 3667 610 Ab".

695 740 773 790 14.
845 776 857 789 .
927 777 939 790 .
1009 773 1026 791 .
1095 776 1107 790 .
1178 782 1189 791 .
1256 739 2071 799 4TerraemotusRomze.etbso

2082 744 2140 794 lis
2162 743 2399 795 defectio.
3330 749 3393 799 60

696 801 772 871 iii.
845 841 857 854 .
930 842 939 852 .
1010 841 1023 854 .
1095 839 1108 853 .
1176 838 1192 855 .
1262 805 1294 871 β
1317 802 1458 871 Nero
1481 803 1800 871 Agrippinam
1828 808 1851 837 ο
1880 813 2087 871 matrem
2111 821 2247 871 suam
2275 815 2325 871 et
2349 819 2569 871 sororem
2594 810 2747 871 patris
2768 810 3019 860 interﬁcit.
3331 812 3390 861 61

698 864 774 915 16.
845 904 855 915 .
927 902 940 917 .
1009 903 1021 916 .
1091 902 1104 916 .
1175 903 1190 918 .
1254 867 1287 916 6
1316 865 1451 917 Nero
1490 864 1885 918 tantae'luxurim
1928 868 2035 928 fuit,
2080 878 2136 919 ut
2182 869 2372 932 frigidis
2412 868 2441 907 (ι
2488 877 2542 920 et
2587 864 2758 921 calidis
2797 874 3043 921 lavaretur
3080 888 3176 923 un-
3334 874 3397 923 62

1378 932 1944 1043 gene'gttilzbatt'etibusque
1986 934 2155 982 aureis
2196 934 2486 995 piscaretur,
2525 947 2636 996 quae
2676 936 2941 998 purpureis
2976 935 3177 987 funibus

1320 1052 1456 1120 Nero
1477 1053 1643 1120 Romae
1672 1056 1859 1120 cithara
1882 1055 2192 1120 eontendens
2210 1062 2430 1120 superat.

1323 1115 1476 1166 Festo
1501 1118 1548 1165 in
1574 1119 1862 1179 magistratu
1885 1118 2069 1168 Judaeae
2097 1122 2119 1148 ε’
2143 1115 2366 1170 succedit
2390 1118 2613 1170 Albinus.

477 1177 572 1229 210
698 1177 772 1230 17.
843 1215 855 1228 .
930 1215 942 1227 .
1014 1216 1025 1227 .
1096 1216 1108 1229 .
1178 1216 1191 1229 .
1258 1178 1287 1228 7
1322 1177 1733 1247 Jacobtts_,fra[er
1751 1180 2173 1247 Domini,f_quem
2198 1196 2369 1247 omnes
2392 1181 2585 1247 Justum
2608 1182 3180 1247 appellabant,aJuda3is
3334 1188 3394 1239 63

1382 1241 1628 1311 lapidibus
1650 1243 1942 1311 opprimitur
1971 1257 1981 1291 :
2009 1241 2060 1292 in
2100 1243 2238 1305 cujus
2274 1246 2505 1295 thronum
2548 1241 2773 1311 Siniéon,
2799 1248 2882 1311 qui
2921 1241 2977 1298 et
3012 1249 3179 1299 Simon

1384 1304 1631 1354 secundus
1652 1304 1933 1354 assumitur.

700 1366 772 1417 18.
846 1406 854 1414 .
929 1403 941 1416 .
1012 1405 1023 1417 .
1096 1405 1107 1415 .
1177 1402 1191 1418 .
1258 1366 1451 1418 8Ante
1474 1380 1692 1416 mensam
1716 1366 2186 1417 Neronisﬁl‘ulmen
2210 1371 2407 1422 cecidit.
3335 1376 3397 1426 6L

1319 1430 1439 1480 Post
1456 1428 1673 1478 Marcum
1696 1428 2063 1491 Evangelistam
2087 1428 2116 1467 h
2142 1433 2326 1492 primus
2350 1434 2696 1484 Alexandrinae
2718 1434 2945 1486 ecclesiae
2981 1434 3177 1487 ordina-

1382 1498 1465 1542 tur
1485 1493 1746 1555 episeopus
1766 1492 2039 1553 Annianus,
2061 1494 2147 1555 qui
2176 1495 2370 1554 praefuit
2398 1498 2537 1545 annis
2556 1498 2634 1547 22.

701 1552 775 1605 i9.
848 1592 861 1605 .
932 1588 946 1604 .
1015 1592 1026 1604 .
1096 1592 1109 1606 .
1174 1589 1191 1607 .
1254 1554 1288 1604 9
1328 1552 1964 1621 Persius‘Volaterranus,
2011 1552 2249 1607 Satiridus
2301 1564 2475 1621 poeta,
2534 1560 2740 1611 moritur
2786 1572 2913 1611 anno
2957 1560 2974 1599 ί
3023 1562 3183 1611 aetatis

1316 1616 1591 1747 ’[Εὲιὲἒὲθῖ
1625 1692 1651 1728 a
1674 1678 1873 1747 Nerone
1895 1678 2161 1747 aediﬁcatae,
2188 1695 2310 1744 quas
2327 1681 2635 1734 Neronianas
2654 1685 2934 1747 appellavit.

1324 1741 1464 1811 Nere
1485 1740 1651 1792 Romae
1672 1744 1735 1811 in
1747 1741 2108 1811 citharistgrum
2134 1740 2297 1811 agone
2320 1748 2627 1811 contendens
2642 1740 2817 1797 omnes
2838 1756 3055 1811 superat.

695 1804 771 1855 20.
845 1843 855 1853 .
932 1841 945 1855 .
1011 1842 1025 1853 .
1095 1841 1107 1853 .
1178 1841 1191 1855 .
1259 1805 1320 1857 10
1352 1802 2554 1872 M3AnnaeuskLucanus,Cordthansispoeta,in
2574 1802 3182 1872 Pisonianaconjuratione
3341 1812 3403 1863 66
3559 1810 3682 1865 2080

1387 1867 2033 1933 deprehensusLbrachium
2059 1868 2115 1933 ad
2141 1867 2379 1933 secandas‘
2402 1883 2557 1919 venas
2579 1871 2771 1920 medico
2797 1867 3024 1933 praebuit.

1322 1928 1478 2002 Nero,
1507 1929 1612 2002 ξω
1629 1929 2001 2002 similitudinem
2026 1930 2246 2002 ardentis
2264 1929 2421 1994 Trojae
2454 1933 2760 1997 inspiceret,
2789 1928 3045 1996 plurimam
3070 1946 3180 1999 par-

1384 1997 1485 2040 tem
1510 1989 1743 2041 Romanae
1768 1993 1905 2042 urbis
1926 1993 2165 2043 incendit.

1660 2096 1920 2152 GRAECA
1959 2097 2408 2156 FRAGMENTA.

452 2196 529 2251 Ἐν
554 2198 716 2270 Ῥώμῃ
744 2196 968 2270 σεισμὸς-
984 2194 1142 2267 μέγας
1171 2192 1401 2270 Eyévt-ro._
1417 2189 1581 2262 Sync.
1617 2206 1667 2270 p.
1698 2187 1825 2245 267.

450 2271 617 2345 Νέρων
644 2264 923 2345 aristiferae
949 2264 1133 2345 é'aygoo
1164 2264 1362 2345 μήτέρα
1387 2264 1742 2340 Ἀγριππίναν,
1770 2266 1854 2319 καὶ
1883 2268 1972 2323 τήν

376 2345 468 2396 τοῦ
498 2336 696 2414 τὲατρρς
729 2338 958 2414 ᾁδελφήν.
994 2336 1393 2414 ltletn_:ibtdem.

450 2405 621 2486 Νέρωῦ
647 2413 733 2486 ﬁeri
756 2405 949 2486 “pd.an
991 2408 1526 2486 {tdecpijysvixm'em
1562 2405 1720 2486 idem
1749 2406 1970 2463 ibidem.

450 2476 642 2542 Φῆἶττον
669 2476 894 2541 Ἀλϐῑνὸς
927 2476 1200 2545 διεδέξάτο.
1231 2480 1375 2533 Idem
1408 2495 1527 2549 pag.
1560 2476 1684 2532 268.

449 2565 504 2608 Ὀ
545 2554 751 2629 ἁδελφὸς
795 2560 888 2609 τοῦ
931 2555 1129 2629 Κυρίᾳ)⁸
1158 2550 1393 2629 demergo;
1415 2590 1430 2615 ,
1468 2550 1493 2605 ὁ
1524 2549 1819 2629 ᾆνρμασθεξς
1850 2549 1972 2629 ’ὑπὸ

376 2626 581 2681 πάντων
608 2619 868 2688 Δὶδὶαιος...
922 2619 1447 2680 καί-αλιθοϐολούντων
1481 2619 1628 2676 αὐτὸὺ
1671 2619 1930 2676 Ἰουδαίων
1953 2658 1971 2685 ,

378 2700 762 2777 μεμαρτύρηκε.
799 2698 874 2752 Ex
906 2694 1146 2767 Syncell.
1182 2709 1305 2765 pag.
1332 2692 1439 2749 268
1467 2701 1522 2748 et
1546 2707 1663 2763 seq.
1698 2694 1787 2747 Καὶ
1809 2693 1973 2766 παρέ·

2075 2192 2197 2271 λαϐε
2227 2189 2288 2271 ίτὸ
2318 2200 2508 2271 σχῆμα
2536 2194 2950 2271 τῆςῆἐπιοῖκοπῆς
2996 2198 3363 2271 ’πλερρσολύμων
3389 2204 3622 2271 Συμεών,
3655 2203 3681 2259 ὁ

2076 2267 2159 2319 καὶ
2188 2265 2369 2336 Σίμων.
2402 2265 2606 2318 (Lhmn.
2639 2264 2830 2319 Pasch.
2866 2281 2983 2335 pag.
3019 2264 3143 2322 267.

2149 2338 2286 2414 itaret
2332 2337 2691 2414 τῇς-Νέρωνος
2722 2340 2979 2411 τραπέζης
3010 2342 3250 2410 κεραυνὸς
3294 2339 3501 2397 ἔπεσεν.
3537 2343 3677 2414 Syn-

2077 2408 2203 2462 cell.
2238 2422 2338 2478 pag
2366 2406 2491 2461 267.

2148 2486 2248 2560 Τῆς
2278 2478 2649 2560 Ἀλξξανδβξας
2678 2479 2942 2560 ἐκκλησίας
2973 2482 3330 2560 μετὰ-Μᾴρκον
3356 2485 3442 2560 (τὸν
3466 2486 3678 2560 ξύαγνεο

2078 2550 2260 2625 hostes“
2277 2557 2488 2625 «primo;
2507 2552 2781 2625 ξπίσῖφπος
2806 2550 3161 2624 ἐχειρότονήθη
3185 2550 3429 2625 ’Ᾱνιανὸς,
3464 2555 3518 2617 ὃς
3550 2550 3680 2625 rrec-

2075 2622 2201 2679 ἐστ-η
2226 2612 2436 2692 ἔτη’κβ’.
2472 2621 2617 2676 Idem
2642 2612 2875 2677 ibidem:
2921 2612 2931 2624 ’
3152 2612 3156 2613 7
3385 2612 3429 2625 η
3495 2612 3509 2617 ⁷
3554 2612 3560 2613 ί
3592 2612 3600 2635 ⁵

2146 2695 2315 2768 Νέρων
2343 2694 2426 2749 ἐπὶ
2460 2696 2651 2765 (Ρὼμῃς
2678 2696 2942 2768 κιθαρίζων
2971 2695 3208 2755 ἐνίκησεν.
3246 2698 3390 2755 Idem
3425 2698 3645 2756 ibidem.

1915 2804 2153 2863 NOTE.

451 2916 478 2945 ει
509 2906 819 2977 Legendum
852 2905 1077 2961 omnino
1117 2913 1203 2977 est
1237 2904 1485 2973 Ursulus,
1518 2902 1978 2977 quemadmodum
2006 2907 2060 2968 Α
2084 2905 2284 2961 veteris
2314 2905 2573 2963 Ecclesiae
2602 2919 2903 2963 consensus
2944 2906 3170 2963 evincit.
3200 2909 3468 2968 Incertum
3499 2923 3679 2971 autem

378 2987 435 3034 et
461 2979 514 3034 in
547 2976 652 3035 ms.
677 2978 951 3035 Chronico
983 2976 1124 3046 apud
1152 2976 1428 3041 Vossinm,
1459 2986 1514 3032 et
1542 2976 1595 3029 in
1628 2976 1872 3030 Suetonii
1902 2976 1980 3030 la-

312 3073 322 3080 ·
380 3052 611 3117 tercnlo,
644 3052 735 3121 qui
768 3050 921 3119 operi
951 3049 1020 3105 de
1047 3047 1906 3121 Claristetoribusprmligitu:
1926 3048 1979 3121 in

378 3123 610 3178 vetustis
640 3116 843 3191 aliquot
874 3136 1030 3184 mss.,
1064 3119 1385 3189 appellatur.
1430 3119 1654 3174 Accedit
1683 3120 1825 3191 quod
1858 3116 1981 3191 Ursi

379 3194 597 3263 quidem
625 3188 785 3264 atque
807 3191 989 3264 Ursuli
1019 3188 1235 3246 familiae
1266 3201 1391 3245 nota
1423 3191 1534 3264 sint
1563 3190 1780 3264 nomina
1809 3208 1822 3244 :
1846 3188 1979 3264 Sicr-

383 3261 491 3318 ἔτιίὶ
521 3261 713 3320 autem
732 3265 873 3332 apud
902 3263 1171 3317 llomanos
1196 3278 1459 3331 nusquam
1484 3261 1848 3317 inveniantur.
1875 3261 1979 3315 Pro

386 3334 745 3401 Tholosanus,
782 3339 833 3391 in
865 3334 1141 3405 plerisque
1182 3335 1301 3389 aliis
1331 3334 1480 3389 libris
1512 3332 1844 3405 Tltolosensis
1872 3341 1975 3405 est,

378 3418 472 3462 aut
512 3409 803 3463 Tolosensis
841 3403 1074 3476 {neque
1114 3406 1364 3461 audiendi
1406 3406 1682 3476 sunttqni
1722 3403 1978 3473 Neapoli-

382 3488 568 3534 tanum
593 3480 759 3536 fuisse
781 3495 905 3535 eum
930 3475 1137 3543 dic-unt,
1155 3486 1350 3533 etcum
1375 3476 1550 3533 Statio
1572 3475 1796 3546 Papinio
1819 3484 1977 3545 poeta

380 3551 741 3607 confundunt.

457 3621 485 3661 ι)
520 3625 595 3677 Ex
635 3622 861 3677 calculis
898 3619 1303 3688 astronomicis,
1332 3632 1384 3676 et
1406 3618 1605 3683 Plinio,
1631 3618 1724 3673 lib.
1749 3633 1787 3673 ιι
1808 3632 1857 3673 c.
1884 3617 1975 3683 70,

387 3694 650 3749 evincunt
694 3693 944 3749 Petavius
988 3703 1041 3747 et
1070 3693 1261 3762 Pagins
1303 3702 1423 3761 post
1452 3689 1978 3762 Sealigerttm,isolis

380 3766 743 3822 defectionem
801 3766 955 3819 istam
1012 3759 1315 3833 contigisse
1353 3779 1495 3819 anno
1543 3762 1772 3833 Neronis
1824 3759 1973 3833 inse-

380 3840 592 3908 quenti,
621 3846 676 3893 et
700 3836 917 3905 quidem
952 3846 1071 3904 post
1104 3830 1373 3908 patratami
1399 3830 1973 3908 credemAgrippinze,

380 3905 527 3963 coss.
554 3909 614 3963 L.
644 3909 902 3978 Vipstano
923 3908 1253 3974 Aproniano,
1279 3917 1334 3962 et
1353 3906 1414 3962 L.
1442 3905 1667 3978 Fonteio
1691 3905 1972 3971 Capitone,

378 3979 472 4034 die
498 3982 567 4036 50
594 3975 821 4050 Aprilis,
842 3981 975 4034 hora
1000 3978 1235 4034 secunda
1263 3988 1385 4048 post
1412 3975 1715 4050 meridiem,
1741 3990 1865 4028 cum
1890 3988 1977 4028 sa-

380 4065 473 4106 cra
501 4052 554 4105 in
583 4047 853 4108 defunctae
882 4049 1192 4121 Agrippinae
1221 4047 1491 4121 honorem
1517 4047 1725 4101 tierent.

459 4135 481 4163 ο
506 4123 659 4179 Hand
682 4133 831 4179 recte
859 4116 1078 4192 quidam
1105 4122 1352 4176 laudatus
1373 4119 1651 4187 Scaligero
1673 4116 1843 4172 codex
1868 4131 1971 4171 ms.

380 4210 602 4277 gererem
644 4211 790 4277 suain
821 4195 953 4277 legit
974 4203 1080 4277 ῑθυι
1121 4201 1231 4248 tres
1264 4208 1373 4275 uno
1401 4200 1644 4273 tempore
1676 4195 1914 4277 patratas
1944 4201 1975 4241 a

381 4265 599 4322 Nerone
638 4268 815 4322 caedes
857 4260 1144 4335 signiticet,
1177 4263 1390 4329 matris,
1424 4262 1627 4325 uxoris,
1659 4270 1713 4314 et
1733 4260 1922 4335 amita:
1954 4275 1968 4310 :

380 4338 528 4406 quod
571 4338 762 4393 falsum
802 4329 932 4401 est;
948 4336 1224 4391 Octaviam
1266 4336 1413 4391 enim
1457 4347 1681 4406 uxorem
1716 4329 1820 4406 diu
1851 4338 1975 4405 post

382 4401 477 4534 ille
504 4412 563 4492 in
598 4408 975 4534 Pendatariam
1009 4406 1239 4463 insulam
1269 4406 1552 4478 relegavit,
1584 4401 1779 4459 deinde
1810 4404 1977 4456 inter-

404 4494 468 4534 tct
502 4496 633 4534 IHSSI
662 4518 677 4534 .

404 4479 468 4534 ici
497 4479 677 4550 jussit.

456 4545 723 4608 d'Absunt
751 4567 780 4605 a
809 4549 1091 4607 Parmensi
1120 4566 1222 4607 ms.
1248 4552 1356 4607 duo
1384 4549 1550 4607 verba
1573 4557 1620 4602 et
1646 4545 1849 4613 calidis,
1880 4549 1977 4599 ha-

385 4624 481 4679 bet
507 4638 639 4680 vero
667 4638 826 4695 quem
860 4622 945 4676 hic
979 4622 1343 4694 Hieronymus
1371 4621 1651 4689 describit,
1686 4619 1977 4695 Eutropius

382 4697 441 4749 in
480 4692 729 4751 Breviar.
761 4693 852 4750 lib.
894 4709 969 4749 vn
1004 4708 1054 4748 c.
1089 4692 1297 4761 “(ubi
1338 4702 1393 4749 et
1421 4695 1619 4748 lauaret
1652 4707 1747 4761 pro
1779 4692 1980 4761 lavare-

384 4777 489 4832 tur,
520 4777 577 4823 et
615 4782 741 4821 mox
794 4765 970 4819 blattei
997 4780 1095 4835 pro
1125 4760 1401 4837 purpureis
1428 4766 1644 4836 legitur.
1676 4762 1891 4819 Videsis
1921 4760 1975 4816 in

384 4853 512 4894 eum
543 4840 723 4894 locum
753 4837 967 4892 Cellarii
1002 4847 1179 4891 notas.

463 4920 487 4947 ο
516 4911 738 4966 Rectius
766 4909 994 4963 fortasse
1020 4906 1261 4963 rationes
1283 4907 1383 4962 init
1404 4905 1781 4973 Blanchiuius,
1805 4905 1892 4975 qui
1924 4906 1977 4959 in

384 4994 705 5052 sequentem
737 4995 937 5035 annum
966 4979 1142 5034 Albini
1175 4981 1548 5049 magistratum
1569 4978 1769 5052 dil‘t‘ert.
1805 4977 1979 5032 Minus

386 5050 660 5125 beneipre
690 5052 940 5125 successit
963 5052 1013 5105 in
1046 5052 1525 5125 aliquot_mss._est
1555 5050 1724 5125 cessit.

466 5126 485 5164 ¹
519 5120 739 5191 Confer,
786 5125 830 5179 si
870 5123 1042 5187 lubet,
1085 5120 1379 5191 Josephum
1425 5120 1518 5176 lib.
1560 5120 1652 5185 xi,
1693 5134 1742 5175 c.
1787 5120 1839 5184 8,
1878 5133 1980 5174 no-

386 5206 671 5265 strumque
702 5194 992 5250 Eusebium
1020 5194 1156 5249 Hist.
1174 5192 1547 5265 Eccles.lib.n
1576 5191 1733 5257 0.22,
1766 5191 1980 5265 demum

385 5270 530 5325 adde
566 5264 620 5322 et
663 5266 969 5331 Zonaram;
1011 5266 1277 5321 dissident
1311 5264 1452 5319 enim
1500 5264 1553 5318 in
1581 5278 1643 5319 ea
1674 5264 1984 5318 narratione

387 5339 640 5398 nonnihil
684 5341 826 5393 inter
870 5352 953 5394 se.
991 5338 1224 5403 Simeon,
1264 5346 1489 5394 uetante
1530 5334 1983 5390 Schnrzlleischio

387 5414 530 5468 alias
553 5411 737 5467 Simon
758 5408 978 5473 dicitur,
1000 5418 1188 5465 notum
1213 5412 1413 5480 quippe
1438 5406 1700 5480 Hebraica
1724 5405 1984 5480 vocabula

388 5485 446 5541 in
477 5484 703 5559 £06920in
724 5480 936 5545 Graeca,
964 5478 1245 5559 Latinave,
1278 5478 1400 5537 cum
1427 5492 1622 5559 gentes
1638 5478 1988 5559 dominaren-

390 5566 502 5619 tur,
533 5550 736 5611 .l'udaeis
769 5561 1117 5609 commutata.
1147 5553 1415 5610 Caeterum
1438 5550 1571 5608 ’vide
1600 5551 1857 5607 Allatium
1883 5550 1983 5606 lib.

388 5628 461 5686 de
485 5624 851 5684 Simeonibus.

466 5708 491 5746 8
523 5700 798 5769 Superiori
828 5698 1076 5768 proxime
1103 5712 1267 5765 anno,
1296 5714 1362 5754 ex
1391 5696 1595 5765 Taciti,
1629 5694 1893 5762 Suetonii,
1927 5703 1983 5750 et

390 5768 661 5839 Xipbilini
689 5770 1031 5841 testimoniis,
1060 5772 1276 5840 Pighius
1305 5770 1550 5826 ascribit.

378 5878 392 5891 .
464 5841 495 5883 ιι
526 5843 768 5915 Martyrii
809 5842 995 5913 utique
1019 5839 1205 5912 palma
1241 5843 1473 5899 donatus
1501 5850 1585 5900 est
1608 5839 1839 5907 Marcus,
1874 5853 1981 5910 quo

756 5934 1037 5996 PATROL.
1074 5931 1345 5996 XXVII.

2090 2986 2329 3050 est,quo
2352 2992 2516 3050 anno,
2540 2987 2701 3046 atque
2725 2981 2882 3050 adeo.
2904 2995 3011 3050 quo
3033 2980 3275 3036 Anianus
3295 2983 3681 3041 Alexandrina:

2086 3046 2344 3103 Ecclesia:
2373 3048 2661 3119 episconus
2686 3046 2965 3105 ordinatus
2993 3052 3082 3106 sit.
3117 3051 3195 3107 Ad
3228 3064 3476 3109 octavum
3504 3057 3677 3111 Nero—

2085 3123 2170 3173 nis
2195 3122 2361 3189 releth
2386 3120 2649 3175 Eusvbius
2672 3121 2787 3189 ipse
2809 3122 2936 3175 alibi
2962 3123 3099 3177 Hist.
3128 3125 3334 3180 Eccles.
3352 3127 3443 3180 lib.
3464 3143 3559 3182 ne.
3577 3129 3675 3182 24:

2082 3192 2304 3267 Νέρων-(ξς
2334 3188 2511 3267 ξγδοον
2539 3189 2870 3267 ἄγοντος-τῆς
2897 3194 3165 3267 βασιλείας
3190 3194 3329 3258 ἔτος.
3359 3197 3468 3252 Nec
3500 3215 3679 3255 mora-

2088 3264 2211 3317 ntur
2240 3264 2494 3340 Rulinnm
2516 3304 2532 3329 ,
2565 3265 2655 3331 qui
2689 3265 2861 3332 primo
2882 3266 3015 3340 ejus
3059 3265 3268 3335 imperii
3312 3284 3454 3323 anno
3484 3270 3675 3340 illigat,

2084 3343 2141 3409 u_t
2180 3350 2355 3403 neque
2401 3334 2753 3409 Prosperum,
2784 3345 2837 3409 et
2868 3334 3203 3409 Marianum,
3243 3341 3333 3405 qui
3380 3334 3675 3409 septim'um

2082 3404 2199 3478 ejus
2241 3407 2581 3478 consulatum
2622 3406 3129 3478 comminiscuntur.
3161 3408 3221 3463 In
3250 3404 3368 3463 aliis
3398 3404 3678 3478 hujusmet

2081 3476 2340 3533 Cbronici
2370 3476 2662 3533 Eusebiani
2693 3476 2978 3532 codicibus
3017 3494 3161 3533 nono
3190 3476 3493 3546 insequenti
3532 3500 3677 3540 anno

2082 3548 2349 3604 ordinatio
2398 3550 2595 3604 Aniani
2644 3546 2971 3618 assignatur.
3028 3549 3215 3605 Serius
3269 3562 3444 3608 tamen
3496 3555 3675 3612 adhuc

2081 3636 2240 3688 quam
2285 3620 2548 3695 Eusebius
2577 3618 2739 3684 facit,
2771 3619 2916 3695 docti
2948 3621 3049 3675 viri
3085 3622 3197 3676 haec
3228 3622 3505 3691 dillerunt,
3540 3642 3677 3695 quo—

2080 3707 2201 3747 rum
2233 3707 2363 3747 sane
2392 3692 2553 3747 bonis
2578 3691 2915 3761 argumentis
2944 3695 3209 3746 sententia
3240 3709 3345 3746 non
3371 3691 3675 3752 earethed

2081 3778 2188 3818 non
2222 3764 2435 3819 videtur
2476 3771 2599 3833 post
2636 3770 2868 3816 mortem
2913 3762 3100 3828 Marci,
3142 3764 3367 3832 ejusque
3397 3780 3581 3832 causa,
3614 3778 3676 3822 ut

2079 3834 2206 3889 alibi
2253 3836 2609 3905 Hieronymus
2640 3833 2695 3887 in
2741 3834 2943 3905 script.
2983 3833 3193 3905 Eccles.
3229 3837 3455 3900 asserit,
3488 3840 3583 3892 sed
3616 3850 3675 3893 ut

2080 3906 2153 3961 ibi
2180 3908 2353 3961 innuit
2382 3904 2647 3960 Eusebius
2669 3904 2811 3972 quod
2841 3905 3065 3958 cesserit
3092 3904 3303 3959 Marcus
3324 3908 3673 3963 administra-

2082 3978 2214 4031 tioni
2245 4018 2260 4043 ,
2301 3978 2581 4031 Annianus
2625 3975 2910 4031 ordinatus
2949 3974 3315 4044 sulTeclusque
3348 3986 3451 4033 est.
3492 3977 3674 4037 Cessit

2079 4057 2260 4104 autem
2299 4049 2512 4103 Marcus
2550 4058 2610 4101 ut
2647 4046 2766 4101 aliis
2804 4046 3115 4116 regionibus
3153 4045 3428 4103 Christum
3460 4064 3673 4106 annun-

2080 4118 2239 4175 liaret
2261 4165 2274 4190 ,
2303 4121 2447 4176 circa
2476 4120 2846 4192 huncnempe
2876 4132 3072 4192 annnm
3091 4161 3107 4192 ,
3137 4119 3365 4192 Neronis
3392 4131 3668 4192 octavum,

2079 4187 2541 4260 quem'Eusehius
2582 4189 2671 4244 hic
2708 4205 2830 4245 eum
2871 4190 2938 4245 64
2972 4187 3173 4245 Christi
3215 4194 3508 4262 componit.
3541 4187 3665 4252 Vid.

2078 4264 2124 4319 si
2150 4263 2299 4319 lubet
2328 4262 2751 4318 Tillemontium.

2161 4333 2177 4371 ί
2216 4334 2506 4407 Suetonius
2538 4334 2590 4387 in
2613 4332 2900 4407 ipsiusmet
2924 4332 3093 4407 Persii
3116 4332 3262 4399 Vita,
3287 4332 3541 4404 Decessit,
3565 4340 3661 4407 ait,

2080 4406 2204 4460 vitio
2245 4404 2520 4471 stomachi,
2551 4420 2687 4457 anno
2714 4406 2881 4459 (atatis
2923 4405 3027 4470 50;
3058 4418 3154 4471 pro
3184 4420 3288 4472 quo
3320 4422 3546 4464 nurnero
3576 4404 3670 4467 re;-

2081 4478 2244 4550 seribi
2281 4478 2375 4541 29,
2422 4487 2490 4550 ut
2516 4476 2757 4546 Scaliger
2785 4475 3001 4550 mallet,
3029 4475 3163 4529 nihil
3197 4491 3331 4550 opus
3358 4486 3461 4545 est,
3496 4480 3667 4550 siqui-

2080 4549 2203 4605 dem
2248 4548 2531 4632 commode
2575 4557 2753 4618 potest
2800 4548 2867 4602 de
2914 4562 3021 4602 non
3075 4548 3349 4618 completo
3393 4548 3669 4620 postremo

2080 4638 2223 4676 anno
2250 4637 2441 4692 aCCIpI.

2158 4694 2169 4743 l
2215 4689 2439 4760 Accepit
2478 4692 2545 4747 ab
2572 4690 2829 4760 Eutropio
2861 4689 3218 4760 Hieronymus
3239 4735 3253 4759 ,
3283 4692 3425 4761 quod
3454 4703 3509 4749 et
3535 4694 3667 4751 Sca—

2080 4764 2251 4836 ligero
2292 4775 2535 4820 notatum
2581 4773 2682 4818 est.
2725 4763 2805 4816 'l‘u
2849 4760 3035 4816 confer
3073 4760 3385 4836 Suetonium
3415 4780 3536 4835 cap.
3575 4767 3666 4835 1:2,

2081 4833 2171 4891 ubi
2215 4844 2271 4892 et
2313 4836 2381 4891 de
2418 4836 2821 4890 citharistarum
2861 4848 3054 4906 agone,
3097 4833 3390 4906 quodNero
3434 4833 3665 4906 supera;

2083 4909 2164 4963 vit
2204 4926 2215 4960 :
2256 4922 2357 4963 nec
2396 4916 2686 4978 praetereas
2724 4907 2776 4960 in
2817 4920 2939 4960 eum
2984 4903 3163 4960 locum
3190 4904 3462 4963 dictorum
3493 4903 3672 4965 homi-

2082 4996 2208 5035 num
2234 4990 2410 5035 110138.

2156 5049 2181 5089 κ
2211 5051 2389 5121 Atque
2420 5052 2522 5105 hoc
2555 5058 2765 5120 gestum
2810 5048 2861 5101 in
2893 5061 3092 5121 annum
3124 5056 3466 5117 sequentem,
3498 5050 3671 5109 Nero-

2085 5122 2168 5177 nis
2198 5118 2579 5188 und'ecimuni,
2599 5136 2705 5192 quo
2733 5121 2947 5174 detecta
2977 5118 3387 5192 adversusieum
3418 5121 3481 5176 Ο.
3513 5123 3670 5178 Piso-

2086 5193 2171 5249 nis
2208 5193 2512 5262 conjuratio
2539 5189 2643 5257 est,
2681 5193 2943 5264 debuerat
2978 5189 3212 5264 conferri
3238 5190 3390 5264 jnxta
3421 5192 3673 5264 antiquo-

2086 5280 2205 5319 rum
2246 5261 2581 5331 testitnonia,
2624 5264 2835 5330 Dionis,
2868 5261 3136 5327 Suetonii,
3171 5271 3225 5316 et
3264 5261 3437 5317 Taciti
3470 5261 3665 5321 Annal.

2086 5354 2155 5392 xv
2180 5349 2234 5391 et
2262 5353 2373 5392 xvr.
2404 5336 2577 5391 Minus
2609 5345 2757 5393 recte
2786 5335 2927 5405 apud
2965 5332 3261 5387 Pontacum
3295 5336 3507 5391 Amicus
3537 5340 3674 5394 scri-

2087 5409 2335 5466 bebatur.

2166 5480 2183 5518 1
2226 5481 2420 5553 Nullus
2455 5480 2543 5536 hic
2576 5487 2695 5547 est,
2736 5494 2897 5553 quem
2935 5476 3178 5553 S_ea_liger
3218 5479 3673 5553 comminiscitur9

2088 5552 2581 5609 metachronismus
2609 5571 2619 5605 :
2649 5548 2914 5621 siquidem
2941 5550 3000 5603 Ο.
3032 5548 3266 5621 Lecanio
3294 5551 3481 5619 Basso,
3514 5564 3567 5608 et
3598 5548 3668 5607 ΜΖ

2092 5624 2304 5682 Licinio
2334 5626 2531 5681 Crasso
2556 5620 3031 5680 eoss.incendium
3062 5622 3162 5675 hoc
3194 5620 3355 5676 Urbis
3385 5622 3549 5677 fuisse
3576 5640 3672 5679 ex-

2086 5700 2334 5765 citatum,
2359 5697 2616 5767 colligere
2636 5704 2719 5752 est
2738 5710 2809 5750 ex
2831 5692 3040 5767 Tacito,
3065 5691 3347 5763 Suetonio,
3375 5692 3675 5765 Xiphilino,

2089 5770 2300 5827 Orosio.
2334 5766 2619 5840 Eutropio,
2643 5778 2803 5837 atque
2832 5766 2974 5822 aliis.

3248 5924 3325 5985 19
