  <div class='ocr_page' id='page_1' title='image "/cluster/home/n/w/nwhite01/storage/ocr_20150623/27/hvd.32044020299038/337.png"; bbox 0 0 4136 6434; ppageno 0'>
   <div class='ocr_carea' id='block_1_1' title="bbox 472 259 3789 327">
    <p class='ocr_par' dir='ltr' id='par_1_1' title="bbox 472 259 3789 327">
     <span class='ocr_line' id='line_1_1' title="bbox 472 259 3789 327; baseline -0.003 0"><span class='ocrx_word' id='word_1_1' title='bbox 472 270 576 327; x_wconf 69' lang='lat'><strong>663</strong></span> <span class='ocrx_word' id='word_1_2' title='bbox 1009 268 1068 324; x_wconf 91' lang='lat' dir='ltr'><strong>S.</strong></span> <span class='ocrx_word' id='word_1_3' title='bbox 1115 266 1490 324; x_wconf 77' lang='lat' dir='ltr'><strong>HIERONYMI</strong></span> <span class='ocrx_word' id='word_1_4' title='bbox 1529 263 2094 324; x_wconf 83' lang='lat' dir='ltr'><strong>INTERPRETATIO</strong></span> <span class='ocrx_word' id='word_1_5' title='bbox 2131 259 2506 321; x_wconf 67' lang='lat' dir='ltr'><strong>CHRONICE</strong></span> <span class='ocrx_word' id='word_1_6' title='bbox 2546 261 2820 323; x_wconf 85' lang='lat' dir='ltr'><strong>EUSEBII</strong></span> <span class='ocrx_word' id='word_1_7' title='bbox 2856 261 3208 321; x_wconf 78' lang='lat' dir='ltr'><strong>PAMPHILI.</strong></span> <span class='ocrx_word' id='word_1_8' title='bbox 3674 262 3789 321; x_wconf 66' lang='grc' dir='ltr'><strong>θυι</strong></span> 
     </span>
    </p>
   </div>
   <div class='ocr_carea' id='block_1_2' title="bbox 508 362 3782 493">
    <p class='ocr_par' dir='ltr' id='par_1_2' title="bbox 508 362 3782 493">
     <span class='ocr_line' id='line_1_2' title="bbox 508 362 3782 493; baseline -0.001 -15"><span class='ocrx_word' id='word_1_9' title='bbox 508 425 699 493; x_wconf 78' lang='lat' dir='ltr'><strong>Olyntp.</strong></span> <span class='ocrx_word' id='word_1_10' title='bbox 1862 428 2207 476; x_wconf 81' lang='lat' dir='ltr'><strong>Romanarum.</strong></span> <span class='ocrx_word' id='word_1_11' title='bbox 3335 423 3414 472; x_wconf 77' lang='lat' dir='ltr'><strong>An</strong></span> <span class='ocrx_word' id='word_1_12' title='bbox 3444 421 3588 475; x_wconf 84' lang='lat' dir='ltr'><strong>Dom.</strong></span> <span class='ocrx_word' id='word_1_13' title='bbox 3651 362 3782 493; x_wconf 55' lang='grc'><strong>’</strong></span> 
     </span>
    </p>
   </div>
   <div class='ocr_carea' id='block_1_3' title="bbox 2210 483 3780 605">
    <p class='ocr_par' dir='ltr' id='par_1_3' title="bbox 2261 483 3780 602">
     <span class='ocr_line' id='line_1_3' title="bbox 2261 483 3780 602; baseline 0.001 -4"><span class='ocrx_word' id='word_1_14' title='bbox 3403 548 3497 599; x_wconf 77' lang='lat'><strong>305</strong></span> <span class='ocrx_word' id='word_1_15' title='bbox 3657 483 3780 536; x_wconf 53' lang='grc' dir='ltr'><strong>’ψ’</strong></span> 
     </span>
    </p>
   </div>
   <div class='ocr_carea' id='block_1_4' title="bbox 793 609 3786 678">
    <p class='ocr_par' dir='ltr' id='par_1_4' title="bbox 793 609 3786 678">
     <span class='ocr_line' id='line_1_4' title="bbox 793 609 3786 678; baseline -0.002 -11"><span class='ocrx_word' id='word_1_16' title='bbox 793 619 852 668; x_wconf 83' lang='grc'>19</span> <span class='ocrx_word' id='word_1_17' title='bbox 885 617 1189 668; x_wconf 65' lang='grc' dir='ltr'><strong>Τθιτωηιοιυ</strong></span> <span class='ocrx_word' id='word_1_18' title='bbox 1211 615 1432 666; x_wconf 84' lang='lat' dir='ltr'><strong>horribili</strong></span> <span class='ocrx_word' id='word_1_19' title='bbox 1455 617 1583 678; x_wconf 88' lang='lat' dir='ltr'><strong>apud</strong></span> <span class='ocrx_word' id='word_1_20' title='bbox 1622 613 1803 678; x_wconf 84' lang='lat' dir='ltr'><strong>Tyrum</strong></span> <span class='ocrx_word' id='word_1_21' title='bbox 1851 619 1905 664; x_wconf 90' lang='lat' dir='ltr'><strong>et</strong></span> <span class='ocrx_word' id='word_1_22' title='bbox 1943 613 2178 664; x_wconf 90' lang='lat' dir='ltr'><strong>Sidonem</strong></span> <span class='ocrx_word' id='word_1_23' title='bbox 2216 611 2368 666; x_wconf 80' lang='lat' dir='ltr'><strong>multa</strong></span> <span class='ocrx_word' id='word_1_24' title='bbox 2412 625 2566 678; x_wconf 85' lang='lat' dir='ltr'><strong>opera</strong></span> <span class='ocrx_word' id='word_1_25' title='bbox 2595 611 2930 674; x_wconf 85' lang='lat' dir='ltr'><strong>conciderunt,</strong></span> <span class='ocrx_word' id='word_1_26' title='bbox 2973 618 3026 664; x_wconf 90' lang='lat' dir='ltr'><strong>et</strong></span> <span class='ocrx_word' id='word_1_27' title='bbox 3069 613 3282 677; x_wconf 82' lang='lat' dir='ltr'><strong>papulus</strong></span> <span class='ocrx_word' id='word_1_28' title='bbox 3405 611 3498 665; x_wconf 78' lang='lat'><strong>306</strong></span> <span class='ocrx_word' id='word_1_29' title='bbox 3654 609 3786 662; x_wconf 78' lang='lat'><strong>2320</strong></span> 
     </span>
    </p>
   </div>
   <div class='ocr_carea' id='block_1_5' title="bbox 948 679 1727 741">
    <p class='ocr_par' dir='ltr' id='par_1_5' title="bbox 948 679 1727 741">
     <span class='ocr_line' id='line_1_5' title="bbox 948 679 1727 741; baseline -0.005 -13"><span class='ocrx_word' id='word_1_30' title='bbox 948 679 1318 730; x_wconf 86' lang='lat' dir='ltr'><strong>innumerabilis</strong></span> <span class='ocrx_word' id='word_1_31' title='bbox 1337 691 1603 741; x_wconf 83' lang='lat' dir='ltr'><strong>oppressus</strong></span> <span class='ocrx_word' id='word_1_32' title='bbox 1619 687 1727 728; x_wconf 50' lang='lat' dir='ltr'><strong>est;</strong></span> 
     </span>
    </p>
   </div>
   <div class='ocr_carea' id='block_1_6' title="bbox 890 737 3452 804">
    <p class='ocr_par' dir='ltr' id='par_1_6' title="bbox 890 737 3452 804">
     <span class='ocr_line' id='line_1_6' title="bbox 890 737 3452 804; baseline -0.002 -11"><span class='ocrx_word' id='word_1_33' title='bbox 890 744 917 772; x_wconf 70' lang='grc'><strong><em>⁸</em></strong></span> <span class='ocrx_word' id='word_1_34' title='bbox 939 742 1145 793; x_wconf 88' lang='lat' dir='ltr'><strong>Decimo</strong></span> <span class='ocrx_word' id='word_1_35' title='bbox 1169 754 1296 791; x_wconf 88' lang='lat' dir='ltr'><strong>nono</strong></span> <span class='ocrx_word' id='word_1_36' title='bbox 1321 737 1447 791; x_wconf 84' lang='lat' dir='ltr'><strong>anno</strong></span> <span class='ocrx_word' id='word_1_37' title='bbox 1472 740 1786 804; x_wconf 76' lang='lat' dir='ltr'><strong>Diocletiani,</strong></span> <span class='ocrx_word' id='word_1_38' title='bbox 1826 752 2002 791; x_wconf 87' lang='lat' dir='ltr'><strong>mense</strong></span> <span class='ocrx_word' id='word_1_39' title='bbox 2023 738 2217 803; x_wconf 83' lang='lat' dir='ltr'><strong>Martio,</strong></span> <span class='ocrx_word' id='word_1_40' title='bbox 2244 740 2295 789; x_wconf 86' lang='lat' dir='ltr'><strong>in</strong></span> <span class='ocrx_word' id='word_1_41' title='bbox 2331 739 2509 792; x_wconf 86' lang='lat' dir='ltr'><strong>diebus</strong></span> <span class='ocrx_word' id='word_1_42' title='bbox 2531 738 2752 800; x_wconf 80' lang='lat' dir='ltr'><strong>Pasclne,</strong></span> <span class='ocrx_word' id='word_1_43' title='bbox 2777 737 3004 789; x_wconf 73' lang='lat' dir='ltr'><strong>ecclesiae</strong></span> <span class='ocrx_word' id='word_1_44' title='bbox 3027 738 3280 790; x_wconf 72' lang='lat' dir='ltr'><strong>subversa:</strong></span> <span class='ocrx_word' id='word_1_45' title='bbox 3442 742 3452 783; x_wconf 68' lang='grc' dir='ltr'><strong><em>ἰ</em></strong></span> 
     </span>
    </p>
   </div>
   <div class='ocr_carea' id='block_1_7' title="bbox 888 810 2404 918">
    <p class='ocr_par' dir='ltr' id='par_1_7' title="bbox 888 810 2404 918">
     <span class='ocr_line' id='line_1_7' title="bbox 888 810 2404 918; baseline -0.001 -2"><span class='ocrx_word' id='word_1_46' title='bbox 888 810 1178 917; x_wconf 48' lang='grc' dir='ltr'><strong>Ρεδιξιδιὲὲυιίο</strong></span> <span class='ocrx_word' id='word_1_47' title='bbox 1199 867 1489 918; x_wconf 88' lang='lat' dir='ltr'><strong>Christiana.</strong></span> <span class='ocrx_word' id='word_1_48' title='bbox 1526 848 1817 916; x_wconf 26' lang='lat' dir='ltr'><strong>Secundum,</strong></span> <span class='ocrx_word' id='word_1_49' title='bbox 1834 862 2164 915; x_wconf 77' lang='lat' dir='ltr'><strong>Antiocheuos</strong></span> <span class='ocrx_word' id='word_1_50' title='bbox 2189 878 2268 914; x_wconf 92' lang='lat' dir='ltr'><strong>an.</strong></span> <span class='ocrx_word' id='word_1_51' title='bbox 2293 867 2404 917; x_wconf 78' lang='grc'><strong>551.</strong></span> 
     </span>
    </p>
   </div>
   <div class='ocr_carea' id='block_1_8' title="bbox 574 925 3498 1000">
    <p class='ocr_par' dir='ltr' id='par_1_8' title="bbox 574 925 3498 1000">
     <span class='ocr_line' id='line_1_8' title="bbox 574 925 3498 1000; baseline 0 -24"><span class='ocrx_word' id='word_1_52' title='bbox 574 928 661 980; x_wconf 76' lang='grc'><strong>271</strong></span> <span class='ocrx_word' id='word_1_53' title='bbox 794 930 857 982; x_wconf 72' lang='grc'><strong>20</strong></span> <span class='ocrx_word' id='word_1_54' title='bbox 879 929 1118 1000; x_wconf 78' lang='lat' dir='ltr'><strong>Secundo</strong></span> <span class='ocrx_word' id='word_1_55' title='bbox 1140 941 1268 979; x_wconf 89' lang='lat' dir='ltr'><strong>anno</strong></span> <span class='ocrx_word' id='word_1_56' title='bbox 1285 926 1315 966; x_wconf 69' lang='lat' dir='ltr'><strong>h</strong></span> <span class='ocrx_word' id='word_1_57' title='bbox 1343 930 1706 1000; x_wconf 81' lang='lat' dir='ltr'><strong>persecutionis</strong></span> <span class='ocrx_word' id='word_1_58' title='bbox 1732 927 2071 979; x_wconf 78' lang='lat' dir='ltr'><strong>Diocletianus</strong></span> <span class='ocrx_word' id='word_1_59' title='bbox 2102 927 2430 993; x_wconf 70' lang='lat' dir='ltr'><strong>Nicomediae,</strong></span> <span class='ocrx_word' id='word_1_60' title='bbox 2457 927 2782 978; x_wconf 76' lang='lat' dir='ltr'><strong>Maximianus</strong></span> <span class='ocrx_word' id='word_1_61' title='bbox 2804 926 3067 978; x_wconf 81' lang='lat' dir='ltr'><strong>Mediolani</strong></span> <span class='ocrx_word' id='word_1_62' title='bbox 3095 940 3280 992; x_wconf 91' lang='lat' dir='ltr'><strong>purpu-</strong></span> <span class='ocrx_word' id='word_1_63' title='bbox 3408 925 3498 977; x_wconf 75' lang='grc'><strong>507</strong></span> 
     </span>
    </p>
   </div>
   <div class='ocr_carea' id='block_1_9' title="bbox 949 991 2777 1119">
    <p class='ocr_par' dir='ltr' id='par_1_9' title="bbox 949 991 2777 1119">
     <span class='ocr_line' id='line_1_9' title="bbox 949 991 2423 1055; baseline -0.002 -13"><span class='ocrx_word' id='word_1_64' title='bbox 949 1005 1050 1042; x_wconf 86' lang='lat' dir='ltr'><strong>ram</strong></span> <span class='ocrx_word' id='word_1_65' title='bbox 1075 991 1419 1055; x_wconf 80' lang='lat' dir='ltr'><strong>deposuerunt</strong></span> <span class='ocrx_word' id='word_1_66' title='bbox 2416 991 2423 993; x_wconf 78' lang='grc'><strong><em>“</em></strong></span> 
     </span>
     <span class='ocr_line' id='line_1_10' title="bbox 1079 1049 2777 1119; baseline -0.002 -13"><span class='ocrx_word' id='word_1_67' title='bbox 1079 1115 1230 1119; x_wconf 42' lang='grc' dir='ltr'><strong>ψω,</strong></span> <span class='ocrx_word' id='word_1_68' title='bbox 1297 1058 1374 1106; x_wconf 66' lang='grc' dir='ltr'><strong>ΟΛ</strong></span> <span class='ocrx_word' id='word_1_69' title='bbox 1387 1054 1629 1119; x_wconf 68' lang='lat' dir='ltr'><strong>LERIQ_S_</strong></span> <span class='ocrx_word' id='word_1_70' title='bbox 1647 1049 1982 1119; x_wconf 14' lang='lat' dir='ltr'><strong>Vspltt_s_l_2iennio</strong></span> <span class='ocrx_word' id='word_1_71' title='bbox 2008 1057 2253 1119; x_wconf 56' lang='lat' dir='ltr'><strong>Augustus</strong></span> <span class='ocrx_word' id='word_1_72' title='bbox 2275 1050 2536 1119; x_wconf 75' lang='lat' dir='ltr'><strong>imperium</strong></span> <span class='ocrx_word' id='word_1_73' title='bbox 2559 1049 2727 1119; x_wconf 85' lang='lat' dir='ltr'><strong>t_enuit.</strong></span> <span class='ocrx_word' id='word_1_74' title='bbox 2753 1055 2777 1085; x_wconf 81' lang='grc' dir='ltr'><strong>ο</strong></span> 
     </span>
    </p>
   </div>
   <div class='ocr_carea' id='block_1_10' title="bbox 825 1114 3505 1180">
    <p class='ocr_par' dir='ltr' id='par_1_10' title="bbox 825 1114 3505 1180">
     <span class='ocr_line' id='line_1_11' title="bbox 825 1114 3505 1180; baseline 0 -13"><span class='ocrx_word' id='word_1_75' title='bbox 825 1118 850 1167; x_wconf 90' lang='grc'>1</span> <span class='ocrx_word' id='word_1_76' title='bbox 889 1116 1055 1168; x_wconf 64' lang='lat' dir='ltr'><strong>Roma</strong></span> <span class='ocrx_word' id='word_1_77' title='bbox 1079 1115 1234 1167; x_wconf 75' lang='lat' dir='ltr'><strong>XXIX</strong></span> <span class='ocrx_word' id='word_1_78' title='bbox 1259 1119 1516 1180; x_wconf 83' lang='lat' dir='ltr'><strong>episcopus</strong></span> <span class='ocrx_word' id='word_1_79' title='bbox 1535 1115 1856 1180; x_wconf 64' lang='lat' dir='ltr'><strong>EUSEBIUS</strong></span> <span class='ocrx_word' id='word_1_80' title='bbox 1881 1114 2195 1167; x_wconf 75' lang='lat' dir='ltr'><strong>constituitur</strong></span> <span class='ocrx_word' id='word_1_81' title='bbox 2213 1114 2242 1156; x_wconf 79' lang='grc' dir='ltr'>ά</span> <span class='ocrx_word' id='word_1_82' title='bbox 2284 1114 2539 1168; x_wconf 85' lang='lat' dir='ltr'><strong>mensibus</strong></span> <span class='ocrx_word' id='word_1_83' title='bbox 2561 1114 2610 1174; x_wconf 90' lang='lat'><strong>7,</strong></span> <span class='ocrx_word' id='word_1_84' title='bbox 2637 1123 2746 1180; x_wconf 89' lang='lat' dir='ltr'><strong>post</strong></span> <span class='ocrx_word' id='word_1_85' title='bbox 2770 1129 2919 1180; x_wconf 90' lang='lat' dir='ltr'><strong>quem</strong></span> <span class='ocrx_word' id='word_1_86' title='bbox 2944 1114 3072 1166; x_wconf 77' lang='lat' dir='ltr'><strong>XXX</strong></span> <span class='ocrx_word' id='word_1_87' title='bbox 3109 1115 3286 1167; x_wconf 87' lang='lat' dir='ltr'><strong>Eccle-</strong></span> <span class='ocrx_word' id='word_1_88' title='bbox 3414 1115 3505 1167; x_wconf 79' lang='lat'><strong>508</strong></span> 
     </span>
    </p>
   </div>
   <div class='ocr_carea' id='block_1_11' title="bbox 949 1178 1838 1232">
    <p class='ocr_par' dir='ltr' id='par_1_11' title="bbox 949 1178 1838 1232">
     <span class='ocr_line' id='line_1_12' title="bbox 949 1178 1838 1232; baseline -0.004 -2"><span class='ocrx_word' id='word_1_89' title='bbox 949 1183 1071 1232; x_wconf 89' lang='lat' dir='ltr'><strong>siam</strong></span> <span class='ocrx_word' id='word_1_90' title='bbox 1098 1186 1238 1230; x_wconf 89' lang='lat' dir='ltr'><strong>tenet</strong></span> <span class='ocrx_word' id='word_1_91' title='bbox 1263 1178 1606 1231; x_wconf 76' lang='lat' dir='ltr'><strong>MILTIADES</strong></span> <span class='ocrx_word' id='word_1_92' title='bbox 1628 1179 1766 1230; x_wconf 90' lang='lat' dir='ltr'><strong>annis</strong></span> <span class='ocrx_word' id='word_1_93' title='bbox 1788 1181 1838 1228; x_wconf 89' lang='lat'><strong>6.</strong></span> 
     </span>
    </p>
   </div>
   <div class='ocr_carea' id='block_1_12' title="bbox 1747 1329 2501 1388">
    <p class='ocr_par' dir='ltr' id='par_1_12' title="bbox 1747 1329 2501 1388">
     <span class='ocr_line' id='line_1_13' title="bbox 1747 1329 2501 1388; baseline -0.004 -1"><span class='ocrx_word' id='word_1_94' title='bbox 1747 1330 2002 1387; x_wconf 66' lang='grc' dir='ltr'><strong>(ἓΒίΕϐΑ</strong></span> <span class='ocrx_word' id='word_1_95' title='bbox 2050 1329 2501 1388; x_wconf 79' lang='lat' dir='ltr'><strong>FRAGMENTA.</strong></span> 
     </span>
    </p>
   </div>
   <div class='ocr_carea' id='block_1_13' title="bbox 553 1446 2078 1523">
    <p class='ocr_par' dir='ltr' id='par_1_13' title="bbox 553 1446 2078 1523">
     <span class='ocr_line' id='line_1_14' title="bbox 553 1446 2078 1523; baseline -0.004 -19"><span class='ocrx_word' id='word_1_96' title='bbox 553 1446 736 1512; x_wconf 75' lang='grc' dir='ltr'><strong>Ἐτους</strong></span> <span class='ocrx_word' id='word_1_97' title='bbox 767 1449 817 1503; x_wconf 80' lang='grc' dir='ltr'><strong>ιϐ’</strong></span> <span class='ocrx_word' id='word_1_98' title='bbox 847 1449 1229 1523; x_wconf 54' lang='lat' dir='ltr'><strong>Atoxljrrtavni)1</strong></span> <span class='ocrx_word' id='word_1_99' title='bbox 1244 1450 1387 1523; x_wconf 54' lang='lat' dir='ltr'><strong>tenui;</strong></span> <span class='ocrx_word' id='word_1_100' title='bbox 1418 1448 1652 1523; x_wconf 58' lang='grc' dir='ltr'><strong>Δύςῖρῳ,</strong></span> <span class='ocrx_word' id='word_1_101' title='bbox 1679 1448 1729 1501; x_wconf 86' lang='grc' dir='ltr'><strong>ἐν</strong></span> <span class='ocrx_word' id='word_1_102' title='bbox 1754 1447 1966 1523; x_wconf 82' lang='grc' dir='ltr'><strong>ἡμέραις</strong></span> <span class='ocrx_word' id='word_1_103' title='bbox 1984 1451 2078 1501; x_wconf 82' lang='grc' dir='ltr'><strong>τοῦ</strong></span> 
     </span>
    </p>
   </div>
   <div class='ocr_carea' id='block_1_14' title="bbox 485 1515 1624 1591">
    <p class='ocr_par' dir='ltr' id='par_1_14' title="bbox 485 1515 1624 1591">
     <span class='ocr_line' id='line_1_15' title="bbox 485 1515 1624 1591; baseline -0.006 -14"><span class='ocrx_word' id='word_1_104' title='bbox 485 1523 700 1591; x_wconf 81' lang='grc' dir='ltr'><strong>Πάσχα.</strong></span> <span class='ocrx_word' id='word_1_105' title='bbox 733 1543 780 1591; x_wconf 63' lang='grc' dir='ltr'><strong>κ.</strong></span> <span class='ocrx_word' id='word_1_106' title='bbox 813 1543 861 1575; x_wconf 86' lang='grc' dir='ltr'><strong>τ.</strong></span> <span class='ocrx_word' id='word_1_107' title='bbox 887 1521 933 1572; x_wconf 80' lang='grc' dir='ltr'><strong>λ.</strong></span> <span class='ocrx_word' id='word_1_108' title='bbox 963 1518 1165 1572; x_wconf 88' lang='lat' dir='ltr'><strong>ChrOn.</strong></span> <span class='ocrx_word' id='word_1_109' title='bbox 1198 1515 1389 1572; x_wconf 66' lang='lat' dir='ltr'><strong>PaSt&#39;h.</strong></span> <span class='ocrx_word' id='word_1_110' title='bbox 1419 1533 1468 1584; x_wconf 92' lang='lat' dir='ltr'><strong>p.</strong></span> <span class='ocrx_word' id='word_1_111' title='bbox 1498 1515 1624 1570; x_wconf 65' lang='lat' dir='ltr'><strong>9.2L</strong></span> 
     </span>
    </p>
   </div>
   <div class='ocr_carea' id='block_1_15' title="bbox 557 1589 2081 1665">
    <p class='ocr_par' dir='ltr' id='par_1_15' title="bbox 557 1589 2081 1665">
     <span class='ocr_line' id='line_1_16' title="bbox 603 1589 2052 1620; baseline -0.001 -12"><span class='ocrx_word' id='word_1_112' title='bbox 603 1589 638 1610; x_wconf 42' lang='lat' dir='ltr'><strong>V~V</strong></span> <span class='ocrx_word' id='word_1_113' title='bbox 679 1592 718 1620; x_wconf 63' lang='grc' dir='ltr'><strong><em>ΓΙ</em></strong></span> <span class='ocrx_word' id='word_1_114' title='bbox 749 1589 776 1608; x_wconf 63' lang='grc' dir='ltr'><strong><em>ν</em></strong></span> <span class='ocrx_word' id='word_1_115' title='bbox 1079 1597 1101 1606; x_wconf 77' lang='lat'><strong>~</strong></span> <span class='ocrx_word' id='word_1_116' title='bbox 1436 1592 1447 1606; x_wconf 66' lang='grc' dir='ltr'>ι</span> <span class='ocrx_word' id='word_1_117' title='bbox 1582 1593 1591 1608; x_wconf 69' lang='grc' dir='ltr'>ι</span> <span class='ocrx_word' id='word_1_118' title='bbox 1880 1591 1892 1607; x_wconf 68' lang='grc' dir='ltr'>ι</span> <span class='ocrx_word' id='word_1_119' title='bbox 1967 1591 1978 1606; x_wconf 70' lang='grc' dir='ltr'><strong>ι</strong></span> <span class='ocrx_word' id='word_1_120' title='bbox 2041 1591 2052 1606; x_wconf 85' lang='grc' dir='ltr'><strong><em>Ι</em></strong></span> 
     </span>
     <span class='ocr_line' id='line_1_17' title="bbox 557 1591 2081 1665; baseline -0.002 -19"><span class='ocrx_word' id='word_1_121' title='bbox 557 1603 639 1665; x_wconf 87' lang='grc' dir='ltr'>Τῳ</span> <span class='ocrx_word' id='word_1_122' title='bbox 674 1601 708 1664; x_wconf 61' lang='grc' dir='ltr'><em>β</em></span> <span class='ocrx_word' id='word_1_123' title='bbox 743 1613 844 1646; x_wconf 82' lang='grc' dir='ltr'><strong>ετει</strong></span> <span class='ocrx_word' id='word_1_124' title='bbox 878 1591 1105 1665; x_wconf 61' lang='grc' dir='ltr'><strong>διωγμοψ</strong></span> <span class='ocrx_word' id='word_1_125' title='bbox 1139 1591 1484 1665; x_wconf 71' lang='grc' dir='ltr'><strong>Διοκλητιανος</strong></span> <span class='ocrx_word' id='word_1_126' title='bbox 1511 1612 1595 1665; x_wconf 53' lang='grc' dir='ltr'><strong>και</strong></span> <span class='ocrx_word' id='word_1_127' title='bbox 1621 1592 1928 1665; x_wconf 60' lang='grc' dir='ltr'><strong>Μᾳξιμιαξδος</strong></span> <span class='ocrx_word' id='word_1_128' title='bbox 1955 1611 2081 1644; x_wconf 72' lang='lat' dir='ltr'><strong>am-</strong></span> 
     </span>
    </p>
   </div>
   <div class='ocr_carea' id='block_1_16' title="bbox 485 1663 2081 1738">
    <p class='ocr_par' dir='ltr' id='par_1_16' title="bbox 485 1663 2081 1738">
     <span class='ocr_line' id='line_1_18' title="bbox 485 1663 2081 1738; baseline -0.002 -21"><span class='ocrx_word' id='word_1_129' title='bbox 485 1663 626 1738; x_wconf 56' lang='grc' dir='ltr'>θεντὸ</span> <span class='ocrx_word' id='word_1_130' title='bbox 659 1663 750 1738; x_wconf 57' lang='grc' dir='ltr'><strong>τὴν</strong></span> <span class='ocrx_word' id='word_1_131' title='bbox 779 1664 951 1738; x_wconf 72' lang='grc' dir='ltr'><strong>ἀρχὴν</strong></span> <span class='ocrx_word' id='word_1_132' title='bbox 979 1663 1110 1738; x_wconf 48' lang='lat' dir='ltr'><strong>garrit</strong></span> <span class='ocrx_word' id='word_1_133' title='bbox 1139 1663 1631 1738; x_wconf 36' lang='lat' dir='ltr'><strong>Triv‘atﬁrﬁvutriaépatv</strong></span> <span class='ocrx_word' id='word_1_134' title='bbox 1663 1663 1714 1716; x_wconf 79' lang='grc' dir='ltr'><em>ἐκ</em></span> <span class='ocrx_word' id='word_1_135' title='bbox 1743 1663 2081 1738; x_wconf 49' lang='lat' dir='ltr'><strong>devenient-0;,</strong></span> 
     </span>
    </p>
   </div>
   <div class='ocr_carea' id='block_1_17' title="bbox 487 1731 2084 1809">
    <p class='ocr_par' dir='ltr' id='par_1_17' title="bbox 487 1731 2084 1809">
     <span class='ocr_line' id='line_1_19' title="bbox 487 1731 2084 1809; baseline -0.003 -19"><span class='ocrx_word' id='word_1_136' title='bbox 487 1736 514 1790; x_wconf 82' lang='grc' dir='ltr'>ὁ</span> <span class='ocrx_word' id='word_1_137' title='bbox 556 1739 644 1804; x_wconf 78' lang='grc' dir='ltr'><strong>μὲν</strong></span> <span class='ocrx_word' id='word_1_138' title='bbox 694 1737 741 1789; x_wconf 77' lang='grc' dir='ltr'><strong>ἐν</strong></span> <span class='ocrx_word' id='word_1_139' title='bbox 787 1731 1124 1809; x_wconf 61' lang='grc' dir='ltr'><strong>Νιὲεόμηδείᾳ,</strong></span> <span class='ocrx_word' id='word_1_140' title='bbox 1171 1733 1195 1788; x_wconf 86' lang='grc' dir='ltr'>ὁ</span> <span class='ocrx_word' id='word_1_141' title='bbox 1232 1731 1286 1788; x_wconf 77' lang='grc' dir='ltr'><em>δέ</em></span> <span class='ocrx_word' id='word_1_142' title='bbox 1335 1731 1642 1805; x_wconf 65' lang='grc' dir='ltr'><strong>Μαξιμιάνὸς</strong></span> <span class='ocrx_word' id='word_1_143' title='bbox 1693 1736 1741 1788; x_wconf 76' lang='grc' dir='ltr'><strong>ἐν</strong></span> <span class='ocrx_word' id='word_1_144' title='bbox 1782 1731 2084 1804; x_wconf 66' lang='grc' dir='ltr'><strong>Μεδίολάνῳ.</strong></span> 
     </span>
    </p>
   </div>
   <div class='ocr_carea' id='block_1_18' title="bbox 1952 1889 2180 1948">
    <p class='ocr_par' dir='ltr' id='par_1_18' title="bbox 1952 1889 2180 1948">
     <span class='ocr_line' id='line_1_20' title="bbox 1952 1889 2180 1948; baseline -0.004 -2"><span class='ocrx_word' id='word_1_145' title='bbox 1952 1889 2180 1948; x_wconf 68' lang='grc' dir='ltr'><strong>ΝΟΤΛΕ.</strong></span> 
     </span>
    </p>
   </div>
   <div class='ocr_carea' id='block_1_19' title="bbox 2187 1441 2882 1515">
    <p class='ocr_par' dir='ltr' id='par_1_19' title="bbox 2187 1441 2882 1515">
     <span class='ocr_line' id='line_1_21' title="bbox 2187 1441 2882 1515; baseline -0.004 -15"><span class='ocrx_word' id='word_1_146' title='bbox 2187 1443 2388 1515; x_wconf 84' lang='lat' dir='ltr'><strong>Scalig.</strong></span> <span class='ocrx_word' id='word_1_147' title='bbox 2422 1443 2474 1498; x_wconf 93' lang='lat' dir='ltr'><strong>in</strong></span> <span class='ocrx_word' id='word_1_148' title='bbox 2499 1441 2882 1498; x_wconf 86' lang='lat' dir='ltr'><strong>Collectaneis.</strong></span> 
     </span>
    </p>
   </div>
   <div class='ocr_carea' id='block_1_20' title="bbox 2259 1512 3796 1588">
    <p class='ocr_par' dir='ltr' id='par_1_20' title="bbox 2259 1512 3796 1588">
     <span class='ocr_line' id='line_1_22' title="bbox 2259 1512 3796 1588; baseline 0.001 -19"><span class='ocrx_word' id='word_1_149' title='bbox 2259 1512 2515 1588; x_wconf 58' lang='lat' dir='ltr'><strong>‘Paiaaiwv</strong></span> <span class='ocrx_word' id='word_1_150' title='bbox 2560 1516 2891 1588; x_wconf 61' lang='grc' dir='ltr'><strong>ἐϐασιλευσεν</strong></span> <span class='ocrx_word' id='word_1_151' title='bbox 2934 1512 3005 1571; x_wconf 80' lang='grc' dir='ltr'><strong>λδ’</strong></span> <span class='ocrx_word' id='word_1_152' title='bbox 3031 1525 3336 1582; x_wconf 79' lang='grc' dir='ltr'><strong>ΓΔΛΕΡΙΟΣ,</strong></span> <span class='ocrx_word' id='word_1_153' title='bbox 3371 1516 3459 1571; x_wconf 80' lang='grc' dir='ltr'><strong>καί</strong></span> <span class='ocrx_word' id='word_1_154' title='bbox 3489 1522 3796 1572; x_wconf 76' lang='grc' dir='ltr'><strong>ΚΩΝΣΤΔΝ·</strong></span> 
     </span>
    </p>
   </div>
   <div class='ocr_carea' id='block_1_21' title="bbox 2187 1585 2737 1659">
    <p class='ocr_par' dir='ltr' id='par_1_21' title="bbox 2187 1585 2737 1659">
     <span class='ocr_line' id='line_1_23' title="bbox 2187 1585 2737 1659; baseline -0.005 -16"><span class='ocrx_word' id='word_1_155' title='bbox 2187 1596 2326 1644; x_wconf 79' lang='grc' dir='ltr'><strong>’ΠοΣ</strong></span> <span class='ocrx_word' id='word_1_156' title='bbox 2351 1585 2445 1646; x_wconf 67' lang='grc' dir='ltr'><strong>ἔτη</strong></span> <span class='ocrx_word' id='word_1_157' title='bbox 2570 1587 2737 1642; x_wconf 82' lang='lat' dir='ltr'><strong>Idem.</strong></span> 
     </span>
    </p>
   </div>
   <div class='ocr_carea' id='block_1_22' title="bbox 2264 1659 3796 1751">
    <p class='ocr_par' dir='ltr' id='par_1_22' title="bbox 2264 1659 3796 1751">
     <span class='ocr_line' id='line_1_24' title="bbox 2264 1659 3796 1751; baseline 0.001 0"><span class='ocrx_word' id='word_1_158' title='bbox 2264 1665 2454 1751; x_wconf 65' lang='grc' dir='ltr'><strong>λίῑτέιμρς</strong></span> <span class='ocrx_word' id='word_1_159' title='bbox 2493 1659 2564 1749; x_wconf 65' lang='grc' dir='ltr'><strong>πῖθ’</strong></span> <span class='ocrx_word' id='word_1_160' title='bbox 2885 1660 3167 1748; x_wconf 69' lang='grc' dir='ltr'><strong>ἐπίτῖκοπος</strong></span> <span class='ocrx_word' id='word_1_161' title='bbox 3206 1669 3487 1751; x_wconf 60' lang='grc' dir='ltr'><strong>ἓτεεθίοε</strong></span> <span class='ocrx_word' id='word_1_162' title='bbox 3514 1668 3686 1751; x_wconf 50' lang='lat' dir='ltr'><strong>res;</strong></span> <span class='ocrx_word' id='word_1_163' title='bbox 3709 1659 3796 1751; x_wconf 69' lang='grc' dir='ltr'><strong>,ἕν</strong></span> 
     </span>
    </p>
   </div>
   <div class='ocr_carea' id='block_1_23' title="bbox 2196 1729 3793 1806">
    <p class='ocr_par' dir='ltr' id='par_1_23' title="bbox 2196 1729 3793 1806">
     <span class='ocr_line' id='line_1_25' title="bbox 2196 1729 3793 1806; baseline -0.002 -20"><span class='ocrx_word' id='word_1_164' title='bbox 2196 1729 2372 1805; x_wconf 52' lang='lat' dir='ltr'><strong>parat</strong></span> <span class='ocrx_word' id='word_1_165' title='bbox 2401 1732 2439 1785; x_wconf 86' lang='grc' dir='ltr'><strong>λ’</strong></span> <span class='ocrx_word' id='word_1_166' title='bbox 2467 1738 2560 1792; x_wconf 78' lang='grc' dir='ltr'><strong>τῆς</strong></span> <span class='ocrx_word' id='word_1_167' title='bbox 2589 1732 2855 1794; x_wconf 72' lang='grc' dir='ltr'><strong>ἐκκλησίας</strong></span> <span class='ocrx_word' id='word_1_168' title='bbox 2881 1732 3133 1804; x_wconf 76' lang='grc' dir='ltr'><strong>ἐκράτησε</strong></span> <span class='ocrx_word' id='word_1_169' title='bbox 3160 1739 3493 1790; x_wconf 80' lang='grc' dir='ltr'><strong>ΜΙΛΤιΔΔΗΣ</strong></span> <span class='ocrx_word' id='word_1_170' title='bbox 3507 1729 3602 1791; x_wconf 77' lang='grc' dir='ltr'><strong>ἔτη</strong></span> <span class='ocrx_word' id='word_1_171' title='bbox 3621 1729 3684 1806; x_wconf 70' lang='grc' dir='ltr'><strong>γ’.</strong></span> <span class='ocrx_word' id='word_1_172' title='bbox 3709 1729 3793 1786; x_wconf 83' lang='lat' dir='ltr'><strong>Id.</strong></span> 
     </span>
    </p>
   </div>
   <div class='ocr_carea' id='block_1_24' title="bbox 494 2032 3800 2114">
    <p class='ocr_par' dir='ltr' id='par_1_24' title="bbox 494 2032 3800 2114">
     <span class='ocr_line' id='line_1_26' title="bbox 494 2032 3800 2114; baseline -0.003 -18"><span class='ocrx_word' id='word_1_173' title='bbox 494 2042 968 2114; x_wconf 69' lang='lat' dir='ltr'><strong>gentibusegerant</strong></span> <span class='ocrx_word' id='word_1_174' title='bbox 1007 2053 1023 2091; x_wconf 91' lang='lat'><strong><em>:</em></strong></span> <span class='ocrx_word' id='word_1_175' title='bbox 1061 2037 1256 2106; x_wconf 91' lang='lat' dir='ltr'><strong>quibus</strong></span> <span class='ocrx_word' id='word_1_176' title='bbox 1297 2034 1740 2114; x_wconf 44' lang='lat' dir='ltr'><strong>consentiunthet</strong></span> <span class='ocrx_word' id='word_1_177' title='bbox 1769 2032 2092 2114; x_wconf 80' lang='lat' dir='ltr'><strong>_La_ctantius</strong></span> <span class='ocrx_word' id='word_1_178' title='bbox 2120 2034 2170 2096; x_wconf 85' lang='lat' dir='ltr'><strong>A</strong></span> <span class='ocrx_word' id='word_1_179' title='bbox 2199 2041 2380 2114; x_wconf 74' lang='lat' dir='ltr'><strong>tavum</strong></span> <span class='ocrx_word' id='word_1_180' title='bbox 2423 2033 2767 2114; x_wconf 84' lang='lat' dir='ltr'><strong>consulatum</strong></span> <span class='ocrx_word' id='word_1_181' title='bbox 2821 2033 3565 2114; x_wconf 34' lang='lat' dir='ltr'><strong>Diocletianus,‘septimum</strong></span> <span class='ocrx_word' id='word_1_182' title='bbox 3597 2033 3800 2114; x_wconf 79' lang='lat' dir='ltr'><strong>_Ma_xi_-</strong></span> 
     </span>
    </p>
   </div>
   <div class='ocr_carea' id='block_1_25' title="bbox 497 2104 2086 2174">
    <p class='ocr_par' dir='ltr' id='par_1_25' title="bbox 497 2104 2086 2174">
     <span class='ocr_line' id='line_1_27' title="bbox 497 2104 2086 2174; baseline -0.004 -8"><span class='ocrx_word' id='word_1_183' title='bbox 497 2104 567 2168; x_wconf 72' lang='lat' dir='ltr'><strong>de</strong></span> <span class='ocrx_word' id='word_1_184' title='bbox 597 2104 812 2168; x_wconf 57' lang='lat' dir='ltr'><strong>Mortib&quot;.</strong></span> <span class='ocrx_word' id='word_1_185' title='bbox 849 2104 1191 2165; x_wconf 76' lang='lat' dir='ltr'><strong>Persecutor.</strong></span> <span class='ocrx_word' id='word_1_186' title='bbox 1236 2123 1357 2174; x_wconf 90' lang='lat' dir='ltr'><strong>cap.</strong></span> <span class='ocrx_word' id='word_1_187' title='bbox 1391 2108 1455 2161; x_wconf 79' lang='lat' dir='ltr'><strong>l7</strong></span> <span class='ocrx_word' id='word_1_188' title='bbox 1483 2149 1496 2170; x_wconf 92' lang='lat'><strong>,</strong></span> <span class='ocrx_word' id='word_1_189' title='bbox 1540 2117 1592 2158; x_wconf 87' lang='lat' dir='ltr'><strong>et</strong></span> <span class='ocrx_word' id='word_1_190' title='bbox 1633 2104 1993 2161; x_wconf 78' lang='lat' dir='ltr'><strong>Cassiodorus</strong></span> <span class='ocrx_word' id='word_1_191' title='bbox 2035 2105 2086 2159; x_wconf 92' lang='lat' dir='ltr'><strong>in</strong></span> 
     </span>
    </p>
   </div>
   <div class='ocr_carea' id='block_1_26' title="bbox 494 2177 2091 2247">
    <p class='ocr_par' dir='ltr' id='par_1_26' title="bbox 494 2177 2091 2247">
     <span class='ocr_line' id='line_1_28' title="bbox 494 2177 2091 2247; baseline -0.006 -8"><span class='ocrx_word' id='word_1_192' title='bbox 494 2184 766 2241; x_wconf 89' lang='lat' dir='ltr'><strong>Chronico</strong></span> <span class='ocrx_word' id='word_1_193' title='bbox 794 2203 804 2237; x_wconf 91' lang='lat'><strong>:</strong></span> <span class='ocrx_word' id='word_1_194' title='bbox 833 2182 986 2237; x_wconf 79' lang='lat' dir='ltr'><strong>facile</strong></span> <span class='ocrx_word' id='word_1_195' title='bbox 1017 2181 1284 2234; x_wconf 82' lang='lat' dir='ltr'><strong>assentior</strong></span> <span class='ocrx_word' id='word_1_196' title='bbox 1306 2179 1481 2233; x_wconf 88' lang='lat' dir='ltr'><strong>doctis</strong></span> <span class='ocrx_word' id='word_1_197' title='bbox 1509 2178 1672 2241; x_wconf 84' lang='lat' dir='ltr'><strong>viris,</strong></span> <span class='ocrx_word' id='word_1_198' title='bbox 1702 2181 1789 2246; x_wconf 86' lang='lat' dir='ltr'><strong>qui</strong></span> <span class='ocrx_word' id='word_1_199' title='bbox 1822 2186 1942 2247; x_wconf 65' lang='lat' dir='ltr'><strong>pust</strong></span> <span class='ocrx_word' id='word_1_200' title='bbox 1976 2177 2091 2230; x_wconf 82' lang='lat' dir='ltr'><strong>fere</strong></span> 
     </span>
    </p>
   </div>
   <div class='ocr_carea' id='block_1_27' title="bbox 501 2248 2093 2318">
    <p class='ocr_par' dir='ltr' id='par_1_27' title="bbox 501 2248 2093 2318">
     <span class='ocr_line' id='line_1_29' title="bbox 501 2248 2093 2318; baseline -0.006 -9"><span class='ocrx_word' id='word_1_201' title='bbox 501 2256 775 2310; x_wconf 87' lang='lat' dir='ltr'><strong>biennium</strong></span> <span class='ocrx_word' id='word_1_202' title='bbox 803 2298 815 2313; x_wconf 85' lang='lat'><strong>.</strong></span> <span class='ocrx_word' id='word_1_203' title='bbox 850 2255 963 2308; x_wconf 85' lang='lat' dir='ltr'><strong>sive</strong></span> <span class='ocrx_word' id='word_1_204' title='bbox 990 2253 1055 2306; x_wconf 87' lang='lat' dir='ltr'><strong>ad</strong></span> <span class='ocrx_word' id='word_1_205' title='bbox 1088 2252 1401 2318; x_wconf 75' lang='lat' dir='ltr'><strong>vigesimum</strong></span> <span class='ocrx_word' id='word_1_206' title='bbox 1450 2265 1618 2315; x_wconf 72' lang='lat' dir='ltr'><strong>usque</strong></span> <span class='ocrx_word' id='word_1_207' title='bbox 1647 2265 1847 2303; x_wconf 87' lang='lat' dir='ltr'><strong>annum</strong></span> <span class='ocrx_word' id='word_1_208' title='bbox 1881 2248 2093 2301; x_wconf 85' lang='lat' dir='ltr'><strong>Diocle-</strong></span> 
     </span>
    </p>
   </div>
   <div class='ocr_carea' id='block_1_28' title="bbox 500 2320 2092 2393">
    <p class='ocr_par' dir='ltr' id='par_1_28' title="bbox 500 2320 2092 2393">
     <span class='ocr_line' id='line_1_30' title="bbox 500 2320 2092 2393; baseline -0.006 -11"><span class='ocrx_word' id='word_1_209' title='bbox 500 2329 649 2389; x_wconf 88' lang='lat' dir='ltr'><strong>tiani,</strong></span> <span class='ocrx_word' id='word_1_210' title='bbox 679 2328 951 2393; x_wconf 87' lang='lat' dir='ltr'><strong>lriumphu</strong></span> <span class='ocrx_word' id='word_1_211' title='bbox 979 2342 1009 2376; x_wconf 77' lang='grc' dir='ltr'>ιι</span> <span class='ocrx_word' id='word_1_212' title='bbox 1043 2324 1181 2376; x_wconf 86' lang='lat' dir='ltr'><strong>hunc</strong></span> <span class='ocrx_word' id='word_1_213' title='bbox 1205 2321 1486 2376; x_wconf 59' lang='lat' dir='ltr'><strong>dill‘ernnl.</strong></span> <span class='ocrx_word' id='word_1_214' title='bbox 1511 2320 1802 2393; x_wconf 77' lang='lat' dir='ltr'><strong>Enimvero</strong></span> <span class='ocrx_word' id='word_1_215' title='bbox 1820 2328 1948 2393; x_wconf 69' lang='lat' dir='ltr'><strong>ante</strong></span> <span class='ocrx_word' id='word_1_216' title='bbox 1970 2335 2092 2393; x_wconf 81' lang='lat' dir='ltr'><strong>eum</strong></span> 
     </span>
    </p>
   </div>
   <div class='ocr_carea' id='block_1_29' title="bbox 499 2390 2093 2454">
    <p class='ocr_par' dir='ltr' id='par_1_29' title="bbox 499 2390 2093 2454">
     <span class='ocr_line' id='line_1_31' title="bbox 499 2390 2093 2454; baseline -0.008 -1"><span class='ocrx_word' id='word_1_217' title='bbox 499 2414 699 2454; x_wconf 88' lang='lat' dir='ltr'><strong>annum</strong></span> <span class='ocrx_word' id='word_1_218' title='bbox 743 2390 858 2452; x_wconf 82' lang='lat' dir='ltr'><strong>non</strong></span> <span class='ocrx_word' id='word_1_219' title='bbox 891 2398 1054 2449; x_wconf 78' lang='lat' dir='ltr'><strong>fuisse</strong></span> <span class='ocrx_word' id='word_1_220' title='bbox 1097 2393 1486 2448; x_wconf 83' lang='lat' dir='ltr'><strong>Diocletianum</strong></span> <span class='ocrx_word' id='word_1_221' title='bbox 1519 2391 1726 2454; x_wconf 65' lang='lat' dir='ltr'><strong>Romae,</strong></span> <span class='ocrx_word' id='word_1_222' title='bbox 1757 2406 1827 2446; x_wconf 79' lang='lat' dir='ltr'><strong>ex</strong></span> <span class='ocrx_word' id='word_1_223' title='bbox 1861 2390 2093 2445; x_wconf 86' lang='lat' dir='ltr'><strong>Historia</strong></span> 
     </span>
    </p>
   </div>
   <div class='ocr_carea' id='block_1_30' title="bbox 501 2462 2096 2528">
    <p class='ocr_par' dir='ltr' id='par_1_30' title="bbox 501 2462 2096 2528">
     <span class='ocr_line' id='line_1_32' title="bbox 501 2462 2096 2528; baseline -0.009 -4"><span class='ocrx_word' id='word_1_224' title='bbox 501 2479 840 2528; x_wconf 81' lang='lat' dir='ltr'><strong>compertum</strong></span> <span class='ocrx_word' id='word_1_225' title='bbox 872 2476 976 2528; x_wconf 87' lang='lat' dir='ltr'><strong>est.</strong></span> <span class='ocrx_word' id='word_1_226' title='bbox 1010 2475 1065 2519; x_wconf 92' lang='lat' dir='ltr'><strong>ct</strong></span> <span class='ocrx_word' id='word_1_227' title='bbox 1091 2463 1519 2520; x_wconf 87' lang='lat' dir='ltr'><strong>loculentissime</strong></span> <span class='ocrx_word' id='word_1_228' title='bbox 1552 2463 1604 2517; x_wconf 92' lang='lat' dir='ltr'><strong>in</strong></span> <span class='ocrx_word' id='word_1_229' title='bbox 1638 2463 1783 2516; x_wconf 88' lang='lat' dir='ltr'><strong>notis</strong></span> <span class='ocrx_word' id='word_1_230' title='bbox 1810 2462 1875 2516; x_wconf 88' lang='lat' dir='ltr'><strong>ad</strong></span> <span class='ocrx_word' id='word_1_231' title='bbox 1910 2462 2096 2516; x_wconf 83' lang='lat' dir='ltr'><strong>lauda-</strong></span> 
     </span>
    </p>
   </div>
   <div class='ocr_carea' id='block_1_31' title="bbox 501 2533 2095 2601">
    <p class='ocr_par' dir='ltr' id='par_1_31' title="bbox 501 2533 2095 2601">
     <span class='ocr_line' id='line_1_33' title="bbox 501 2533 2095 2601; baseline -0.008 -5"><span class='ocrx_word' id='word_1_232' title='bbox 501 2552 612 2596; x_wconf 88' lang='lat' dir='ltr'><strong>ttnn</strong></span> <span class='ocrx_word' id='word_1_233' title='bbox 637 2539 905 2596; x_wconf 87' lang='lat' dir='ltr'><strong>Lactantii</strong></span> <span class='ocrx_word' id='word_1_234' title='bbox 930 2540 1126 2593; x_wconf 90' lang='lat' dir='ltr'><strong>librum</strong></span> <span class='ocrx_word' id='word_1_235' title='bbox 1155 2537 1402 2590; x_wconf 89' lang='lat' dir='ltr'><strong>Balusins</strong></span> <span class='ocrx_word' id='word_1_236' title='bbox 1429 2533 1688 2590; x_wconf 85' lang='lat' dir='ltr'><strong>ostendit.</strong></span> <span class='ocrx_word' id='word_1_237' title='bbox 1719 2534 1877 2588; x_wconf 83' lang='lat' dir='ltr'><strong>Missa</strong></span> <span class='ocrx_word' id='word_1_238' title='bbox 1910 2535 2095 2601; x_wconf 87' lang='lat' dir='ltr'><strong>proin-</strong></span> 
     </span>
    </p>
   </div>
   <div class='ocr_carea' id='block_1_32' title="bbox 503 2607 2095 2680">
    <p class='ocr_par' dir='ltr' id='par_1_32' title="bbox 503 2607 2095 2680">
     <span class='ocr_line' id='line_1_34' title="bbox 503 2607 2095 2680; baseline -0.006 -15"><span class='ocrx_word' id='word_1_239' title='bbox 503 2614 570 2666; x_wconf 97' lang='lat' dir='ltr'><strong>de</strong></span> <span class='ocrx_word' id='word_1_240' title='bbox 601 2613 828 2667; x_wconf 80' lang='lat' dir='ltr'><strong>faciams</strong></span> <span class='ocrx_word' id='word_1_241' title='bbox 857 2627 978 2680; x_wconf 69' lang='lat' dir='ltr'><strong>qua:</strong></span> <span class='ocrx_word' id='word_1_242' title='bbox 1011 2623 1107 2677; x_wconf 90' lang='lat' dir='ltr'><strong>pro</strong></span> <span class='ocrx_word' id='word_1_243' title='bbox 1132 2607 1433 2661; x_wconf 80' lang='lat' dir='ltr'><strong>Eusebiana</strong></span> <span class='ocrx_word' id='word_1_244' title='bbox 1466 2615 1738 2680; x_wconf 69' lang='lat' dir='ltr'><strong>sententia</strong></span> <span class='ocrx_word' id='word_1_245' title='bbox 1763 2646 1777 2668; x_wconf 90' lang='lat'><strong>,</strong></span> <span class='ocrx_word' id='word_1_246' title='bbox 1816 2615 1872 2680; x_wconf 93' lang='lat' dir='ltr'><strong>_et</strong></span> <span class='ocrx_word' id='word_1_247' title='bbox 1907 2615 2095 2658; x_wconf 87' lang='lat' dir='ltr'><strong>contra</strong></span> 
     </span>
    </p>
   </div>
   <div class='ocr_carea' id='block_1_33' title="bbox 504 2677 2098 2753">
    <p class='ocr_par' dir='ltr' id='par_1_33' title="bbox 504 2677 2098 2753">
     <span class='ocr_line' id='line_1_35' title="bbox 504 2677 2098 2753; baseline -0.01 -12"><span class='ocrx_word' id='word_1_248' title='bbox 504 2684 836 2753; x_wconf 77' lang='lat' dir='ltr'><strong>Scaliger-nm</strong></span> <span class='ocrx_word' id='word_1_249' title='bbox 879 2677 992 2750; x_wconf 69' lang='lat' dir='ltr'><strong>(qui</strong></span> <span class='ocrx_word' id='word_1_250' title='bbox 1039 2679 1417 2753; x_wconf 62' lang='lat' dir='ltr'><strong>a’wazpom-pév</strong></span> <span class='ocrx_word' id='word_1_251' title='bbox 1456 2677 1577 2753; x_wconf 74' lang='lat' dir='ltr'><strong>ejus</strong></span> <span class='ocrx_word' id='word_1_252' title='bbox 1614 2677 2098 2753; x_wconf 67' lang='lat' dir='ltr'><strong>animadverterat)</strong></span> 
     </span>
    </p>
   </div>
   <div class='ocr_carea' id='block_1_34' title="bbox 506 2746 2096 2810">
    <p class='ocr_par' dir='ltr' id='par_1_34' title="bbox 506 2746 2096 2810">
     <span class='ocr_line' id='line_1_36' title="bbox 506 2746 2096 2810; baseline -0.005 -2"><span class='ocrx_word' id='word_1_253' title='bbox 506 2746 679 2809; x_wconf 72' lang='lat' dir='ltr'><strong>multa</strong></span> <span class='ocrx_word' id='word_1_254' title='bbox 705 2770 805 2810; x_wconf 89' lang='lat' dir='ltr'><strong>nec</strong></span> <span class='ocrx_word' id='word_1_255' title='bbox 828 2746 1094 2808; x_wconf 83' lang='lat' dir='ltr'><strong>inerudita</strong></span> <span class='ocrx_word' id='word_1_256' title='bbox 1126 2746 1368 2804; x_wconf 65' lang='lat' dir='ltr'><strong>Valesius</strong></span> <span class='ocrx_word' id='word_1_257' title='bbox 1391 2750 1441 2804; x_wconf 91' lang='lat' dir='ltr'><strong>in</strong></span> <span class='ocrx_word' id='word_1_258' title='bbox 1467 2749 1608 2802; x_wconf 85' lang='lat' dir='ltr'><strong>notis</strong></span> <span class='ocrx_word' id='word_1_259' title='bbox 1631 2747 1695 2801; x_wconf 92' lang='lat' dir='ltr'><strong>ad</strong></span> <span class='ocrx_word' id='word_1_260' title='bbox 1723 2746 1935 2802; x_wconf 89' lang='lat' dir='ltr'><strong>Eusebii</strong></span> <span class='ocrx_word' id='word_1_261' title='bbox 1961 2747 2096 2800; x_wconf 70' lang='lat' dir='ltr'><strong>Hist.</strong></span> 
     </span>
    </p>
   </div>
   <div class='ocr_carea' id='block_1_35' title="bbox 506 2819 2101 2892">
    <p class='ocr_par' dir='ltr' id='par_1_35' title="bbox 506 2819 2101 2892">
     <span class='ocr_line' id='line_1_37' title="bbox 506 2819 2101 2892; baseline -0.006 -10"><span class='ocrx_word' id='word_1_262' title='bbox 506 2827 600 2882; x_wconf 85' lang='lat' dir='ltr'><strong>lib.</strong></span> <span class='ocrx_word' id='word_1_263' title='bbox 638 2843 728 2880; x_wconf 87' lang='lat' dir='ltr'><strong>vm</strong></span> <span class='ocrx_word' id='word_1_264' title='bbox 759 2841 881 2892; x_wconf 88' lang='lat' dir='ltr'><strong>cap.</strong></span> <span class='ocrx_word' id='word_1_265' title='bbox 917 2826 980 2878; x_wconf 75' lang='lat'><strong>15</strong></span> <span class='ocrx_word' id='word_1_266' title='bbox 1022 2821 1334 2877; x_wconf 75' lang='lat' dir='ltr'><strong>edisseruit.</strong></span> <span class='ocrx_word' id='word_1_267' title='bbox 1381 2821 1434 2875; x_wconf 93' lang='lat' dir='ltr'><strong>lu</strong></span> <span class='ocrx_word' id='word_1_268' title='bbox 1469 2837 1533 2875; x_wconf 92' lang='lat' dir='ltr'><strong>eo</strong></span> <span class='ocrx_word' id='word_1_269' title='bbox 1573 2819 1857 2892; x_wconf 75' lang='lat' dir='ltr'><strong>dumtaxat</strong></span> <span class='ocrx_word' id='word_1_270' title='bbox 1886 2819 2101 2892; x_wconf 81' lang='lat' dir='ltr'><strong>videtnr</strong></span> 
     </span>
    </p>
   </div>
   <div class='ocr_carea' id='block_1_36' title="bbox 507 2890 2101 2963">
    <p class='ocr_par' dir='ltr' id='par_1_36' title="bbox 507 2890 2101 2963">
     <span class='ocr_line' id='line_1_38' title="bbox 507 2890 2101 2963; baseline -0.006 -11"><span class='ocrx_word' id='word_1_271' title='bbox 507 2901 764 2952; x_wconf 79' lang='lat' dir='ltr'><strong>aberrare</strong></span> <span class='ocrx_word' id='word_1_272' title='bbox 791 2890 1054 2959; x_wconf 76' lang='lat' dir='ltr'><strong>Scaliger,</strong></span> <span class='ocrx_word' id='word_1_273' title='bbox 1082 2893 1222 2963; x_wconf 86' lang='lat' dir='ltr'><strong>quod</strong></span> <span class='ocrx_word' id='word_1_274' title='bbox 1253 2893 1421 2958; x_wconf 90' lang='lat' dir='ltr'><strong>addit,</strong></span> <span class='ocrx_word' id='word_1_275' title='bbox 1456 2902 1634 2945; x_wconf 88' lang='lat' dir='ltr'><strong>actum</strong></span> <span class='ocrx_word' id='word_1_276' title='bbox 1668 2890 1736 2942; x_wconf 91' lang='lat' dir='ltr'><strong>ab</strong></span> <span class='ocrx_word' id='word_1_277' title='bbox 1758 2890 2101 2956; x_wconf 87' lang='lat' dir='ltr'><strong>imperatori-</strong></span> 
     </span>
    </p>
   </div>
   <div class='ocr_carea' id='block_1_37' title="bbox 513 2965 2103 3034">
    <p class='ocr_par' dir='ltr' id='par_1_37' title="bbox 513 2965 2103 3034">
     <span class='ocr_line' id='line_1_39' title="bbox 513 2965 2103 3034; baseline -0.005 -14"><span class='ocrx_word' id='word_1_278' title='bbox 513 2970 613 3021; x_wconf 69' lang='lat' dir='ltr'><strong>bus</strong></span> <span class='ocrx_word' id='word_1_279' title='bbox 657 2969 988 3032; x_wconf 74' lang='lat' dir='ltr'><strong>triumphum</strong></span> <span class='ocrx_word' id='word_1_280' title='bbox 1031 2966 1236 3034; x_wconf 84' lang='lat' dir='ltr'><strong>aliquot</strong></span> <span class='ocrx_word' id='word_1_281' title='bbox 1265 2965 1544 3018; x_wconf 74' lang='lat' dir='ltr'><strong>meusrhus</strong></span> <span class='ocrx_word' id='word_1_282' title='bbox 1571 2973 1863 3031; x_wconf 80' lang='lat' dir='ltr'><strong>antequam</strong></span> <span class='ocrx_word' id='word_1_283' title='bbox 1896 2977 2103 3030; x_wconf 84' lang='lat' dir='ltr'><strong>purpu-</strong></span> 
     </span>
    </p>
   </div>
   <div class='ocr_carea' id='block_1_38' title="bbox 520 3034 2103 3107">
    <p class='ocr_par' dir='ltr' id='par_1_38' title="bbox 520 3034 2103 3107">
     <span class='ocr_line' id='line_1_40' title="bbox 520 3034 2103 3107; baseline -0.003 -16"><span class='ocrx_word' id='word_1_284' title='bbox 520 3056 629 3092; x_wconf 83' lang='lat' dir='ltr'><strong>ram</strong></span> <span class='ocrx_word' id='word_1_285' title='bbox 659 3040 1016 3107; x_wconf 84' lang='lat' dir='ltr'><strong>deponerent.</strong></span> <span class='ocrx_word' id='word_1_286' title='bbox 1052 3051 1172 3088; x_wconf 88' lang='lat' dir='ltr'><strong>nam</strong></span> <span class='ocrx_word' id='word_1_287' title='bbox 1203 3051 1296 3105; x_wconf 83' lang='lat' dir='ltr'><strong>per</strong></span> <span class='ocrx_word' id='word_1_288' title='bbox 1322 3035 1490 3090; x_wconf 82' lang='lat' dir='ltr'><strong>ferme</strong></span> <span class='ocrx_word' id='word_1_289' title='bbox 1516 3034 1692 3089; x_wconf 84' lang='lat' dir='ltr'><strong>adhuc</strong></span> <span class='ocrx_word' id='word_1_290' title='bbox 1713 3035 2103 3100; x_wconf 85' lang='lat' dir='ltr'><strong>sesquiannum</strong></span> 
     </span>
    </p>
   </div>
   <div class='ocr_carea' id='block_1_39' title="bbox 515 3107 2107 3177">
    <p class='ocr_par' dir='ltr' id='par_1_39' title="bbox 515 3107 2107 3177">
     <span class='ocr_line' id='line_1_41' title="bbox 515 3107 2107 3177; baseline -0.004 -13"><span class='ocrx_word' id='word_1_291' title='bbox 515 3111 802 3177; x_wconf 84' lang='lat' dir='ltr'><strong>imperium</strong></span> <span class='ocrx_word' id='word_1_292' title='bbox 831 3109 1194 3164; x_wconf 88' lang='lat' dir='ltr'><strong>retinuerunt.</strong></span> <span class='ocrx_word' id='word_1_293' title='bbox 1227 3107 1454 3177; x_wconf 81' lang='lat' dir='ltr'><strong>Propius</strong></span> <span class='ocrx_word' id='word_1_294' title='bbox 1488 3107 1668 3176; x_wconf 79' lang='lat' dir='ltr'><strong>itaque</strong></span> <span class='ocrx_word' id='word_1_295' title='bbox 1700 3111 1765 3158; x_wconf 88' lang='lat' dir='ltr'><strong>ad</strong></span> <span class='ocrx_word' id='word_1_296' title='bbox 1799 3120 1984 3159; x_wconf 83' lang='lat' dir='ltr'><strong>verum</strong></span> <span class='ocrx_word' id='word_1_297' title='bbox 2015 3120 2107 3158; x_wconf 81' lang='lat' dir='ltr'><strong>ac-</strong></span> 
     </span>
    </p>
   </div>
   <div class='ocr_carea' id='block_1_40' title="bbox 462 3177 2103 3247">
    <p class='ocr_par' dir='ltr' id='par_1_40' title="bbox 462 3177 2103 3247">
     <span class='ocr_line' id='line_1_42' title="bbox 462 3177 2103 3247; baseline -0.004 -11"><span class='ocrx_word' id='word_1_298' title='bbox 462 3236 467 3242; x_wconf 85' lang='grc'>,</span> <span class='ocrx_word' id='word_1_299' title='bbox 515 3183 714 3236; x_wconf 78' lang='lat' dir='ltr'><strong>cedunt</strong></span> <span class='ocrx_word' id='word_1_300' title='bbox 741 3181 980 3235; x_wconf 87' lang='lat' dir='ltr'><strong>nonnulli</strong></span> <span class='ocrx_word' id='word_1_301' title='bbox 1013 3179 1175 3234; x_wconf 90' lang='lat' dir='ltr'><strong>etiam</strong></span> <span class='ocrx_word' id='word_1_302' title='bbox 1201 3177 1440 3232; x_wconf 88' lang='lat' dir='ltr'><strong>Pontaco</strong></span> <span class='ocrx_word' id='word_1_303' title='bbox 1471 3178 1696 3247; x_wconf 79' lang='lat' dir='ltr'><strong>inspecti</strong></span> <span class='ocrx_word' id='word_1_304' title='bbox 1729 3177 1944 3231; x_wconf 77' lang='lat' dir='ltr'><strong>codices</strong></span> <span class='ocrx_word' id='word_1_305' title='bbox 1973 3193 2103 3230; x_wconf 81' lang='lat' dir='ltr'><strong>mss.</strong></span> 
     </span>
    </p>
   </div>
   <div class='ocr_carea' id='block_1_41' title="bbox 511 3247 2110 3322">
    <p class='ocr_par' dir='ltr' id='par_1_41' title="bbox 511 3247 2110 3322">
     <span class='ocr_line' id='line_1_43' title="bbox 511 3247 2110 3322; baseline -0.006 -15"><span class='ocrx_word' id='word_1_306' title='bbox 511 3254 604 3322; x_wconf 88' lang='lat' dir='ltr'><strong>qui</strong></span> <span class='ocrx_word' id='word_1_307' title='bbox 649 3254 712 3306; x_wconf 87' lang='lat' dir='ltr'><strong>ad</strong></span> <span class='ocrx_word' id='word_1_308' title='bbox 756 3267 956 3306; x_wconf 89' lang='lat' dir='ltr'><strong>annum</strong></span> <span class='ocrx_word' id='word_1_309' title='bbox 991 3249 1388 3322; x_wconf 68' lang='lat' dir='ltr'><strong>l‘Jperiochatn</strong></span> <span class='ocrx_word' id='word_1_310' title='bbox 1436 3249 1574 3303; x_wconf 88' lang='lat' dir='ltr'><strong>hanc</strong></span> <span class='ocrx_word' id='word_1_311' title='bbox 1598 3249 1854 3322; x_wconf 72' lang='lat' dir='ltr'><strong>referunt</strong></span> <span class='ocrx_word' id='word_1_312' title='bbox 1887 3267 1897 3300; x_wconf 89' lang='lat'>:</span> <span class='ocrx_word' id='word_1_313' title='bbox 1927 3247 2110 3322; x_wconf 82' lang='lat' dir='ltr'><strong>cujus-</strong></span> 
     </span>
    </p>
   </div>
   <div class='ocr_carea' id='block_1_42' title="bbox 514 3319 2110 3389">
    <p class='ocr_par' dir='ltr' id='par_1_42' title="bbox 514 3319 2110 3389">
     <span class='ocr_line' id='line_1_44' title="bbox 514 3319 2110 3389; baseline -0.004 -11"><span class='ocrx_word' id='word_1_314' title='bbox 514 3319 658 3379; x_wconf 84' lang='lat' dir='ltr'><strong>modi</strong></span> <span class='ocrx_word' id='word_1_315' title='bbox 685 3341 848 3378; x_wconf 90' lang='lat' dir='ltr'><strong>unum</strong></span> <span class='ocrx_word' id='word_1_316' title='bbox 870 3322 1050 3377; x_wconf 88' lang='lat' dir='ltr'><strong>laudat</strong></span> <span class='ocrx_word' id='word_1_317' title='bbox 1067 3321 1314 3375; x_wconf 85' lang='lat' dir='ltr'><strong>Balusius</strong></span> <span class='ocrx_word' id='word_1_318' title='bbox 1336 3321 1760 3374; x_wconf 89' lang='lat' dir='ltr'><strong>vetustissimum</strong></span> <span class='ocrx_word' id='word_1_319' title='bbox 1784 3329 1946 3389; x_wconf 89' lang='lat' dir='ltr'><strong>atque</strong></span> <span class='ocrx_word' id='word_1_320' title='bbox 1969 3319 2110 3387; x_wconf 88' lang='lat' dir='ltr'><strong>opti-</strong></span> 
     </span>
    </p>
   </div>
   <div class='ocr_carea' id='block_1_43' title="bbox 2198 2106 3795 2176">
    <p class='ocr_par' dir='ltr' id='par_1_43' title="bbox 2198 2106 3795 2176">
     <span class='ocr_line' id='line_1_45' title="bbox 2198 2106 3795 2176; baseline -0.001 -18"><span class='ocrx_word' id='word_1_321' title='bbox 2198 2106 2410 2159; x_wconf 86' lang='lat' dir='ltr'><strong>ntianus</strong></span> <span class='ocrx_word' id='word_1_322' title='bbox 2457 2107 2695 2175; x_wconf 81' lang='lat' dir='ltr'><strong>agebat:</strong></span> <span class='ocrx_word' id='word_1_323' title='bbox 2747 2122 2814 2162; x_wconf 77' lang='lat' dir='ltr'><strong>ex</strong></span> <span class='ocrx_word' id='word_1_324' title='bbox 2856 2107 3052 2176; x_wconf 87' lang='lat' dir='ltr'><strong>quibus</strong></span> <span class='ocrx_word' id='word_1_325' title='bbox 3111 2106 3416 2162; x_wconf 80' lang='lat' dir='ltr'><strong>coniiciunt</strong></span> <span class='ocrx_word' id='word_1_326' title='bbox 3463 2106 3610 2161; x_wconf 90' lang='lat' dir='ltr'><strong>docti</strong></span> <span class='ocrx_word' id='word_1_327' title='bbox 3665 2106 3795 2168; x_wconf 90' lang='lat' dir='ltr'><strong>viri,</strong></span> 
     </span>
    </p>
   </div>
   <div class='ocr_carea' id='block_1_44' title="bbox 2198 2176 3792 2237">
    <p class='ocr_par' dir='ltr' id='par_1_44' title="bbox 2198 2176 3792 2237">
     <span class='ocr_line' id='line_1_46' title="bbox 2198 2176 3792 2237; baseline 0 -6"><span class='ocrx_word' id='word_1_328' title='bbox 2198 2176 2488 2232; x_wconf 88' lang='lat' dir='ltr'><strong>Eusebium</strong></span> <span class='ocrx_word' id='word_1_329' title='bbox 2533 2178 2690 2232; x_wconf 85' lang='lat' dir='ltr'><strong>unius</strong></span> <span class='ocrx_word' id='word_1_330' title='bbox 2730 2177 2844 2233; x_wconf 84' lang='lat' dir='ltr'><strong>fere</strong></span> <span class='ocrx_word' id='word_1_331' title='bbox 2896 2179 3022 2233; x_wconf 90' lang='lat' dir='ltr'><strong>anni</strong></span> <span class='ocrx_word' id='word_1_332' title='bbox 3067 2180 3534 2233; x_wconf 87' lang='lat' dir='ltr'><strong>tnctachrouismo</strong></span> <span class='ocrx_word' id='word_1_333' title='bbox 3573 2191 3792 2237; x_wconf 88' lang='lat' dir='ltr'><strong>errare.</strong></span> 
     </span>
    </p>
   </div>
   <div class='ocr_carea' id='block_1_45' title="bbox 2197 2249 3802 2320">
    <p class='ocr_par' dir='ltr' id='par_1_45' title="bbox 2197 2249 3802 2320">
     <span class='ocr_line' id='line_1_47' title="bbox 2197 2249 3802 2320; baseline -0.001 -19"><span class='ocrx_word' id='word_1_334' title='bbox 2197 2259 2254 2301; x_wconf 90' lang='lat' dir='ltr'><strong>et</strong></span> <span class='ocrx_word' id='word_1_335' title='bbox 2290 2265 2316 2301; x_wconf 91' lang='lat' dir='ltr'><strong>a</strong></span> <span class='ocrx_word' id='word_1_336' title='bbox 2367 2249 2604 2320; x_wconf 87' lang='lat' dir='ltr'><strong>secundo</strong></span> <span class='ocrx_word' id='word_1_337' title='bbox 2658 2264 2802 2303; x_wconf 91' lang='lat' dir='ltr'><strong>anno</strong></span> <span class='ocrx_word' id='word_1_338' title='bbox 2861 2249 3256 2320; x_wconf 88' lang='lat' dir='ltr'><strong>persecutionis</strong></span> <span class='ocrx_word' id='word_1_339' title='bbox 3309 2249 3521 2303; x_wconf 88' lang='lat' dir='ltr'><strong>initium</strong></span> <span class='ocrx_word' id='word_1_340' title='bbox 3557 2262 3802 2320; x_wconf 82' lang='lat' dir='ltr'><strong>sumere.</strong></span> 
     </span>
    </p>
   </div>
   <div class='ocr_carea' id='block_1_46' title="bbox 2199 2318 3808 2387">
    <p class='ocr_par' dir='ltr' id='par_1_46' title="bbox 2199 2318 3808 2387">
     <span class='ocr_line' id='line_1_48' title="bbox 2199 2318 3808 2387; baseline -0.001 -13"><span class='ocrx_word' id='word_1_341' title='bbox 2199 2320 2413 2374; x_wconf 76' lang='lat' dir='ltr'><strong>Videsis</strong></span> <span class='ocrx_word' id='word_1_342' title='bbox 2441 2318 2874 2387; x_wconf 68' lang='lat' dir='ltr'><strong>chronologiam.</strong></span> <span class='ocrx_word' id='word_1_343' title='bbox 2913 2320 3193 2376; x_wconf 86' lang='lat' dir='ltr'><strong>Persecut.</strong></span> <span class='ocrx_word' id='word_1_344' title='bbox 3249 2321 3514 2376; x_wconf 87' lang='lat' dir='ltr'><strong>Dodwelli</strong></span> <span class='ocrx_word' id='word_1_345' title='bbox 3557 2331 3612 2375; x_wconf 88' lang='lat' dir='ltr'><strong>et</strong></span> <span class='ocrx_word' id='word_1_346' title='bbox 3641 2318 3808 2374; x_wconf 79' lang='lat' dir='ltr'><strong>Baiu-</strong></span> 
     </span>
    </p>
   </div>
   <div class='ocr_carea' id='block_1_47' title="bbox 2201 2391 3499 2460">
    <p class='ocr_par' dir='ltr' id='par_1_47' title="bbox 2201 2391 3499 2460">
     <span class='ocr_line' id='line_1_49' title="bbox 2201 2391 3499 2460; baseline -0.001 -15"><span class='ocrx_word' id='word_1_347' title='bbox 2201 2391 2284 2445; x_wconf 90' lang='lat' dir='ltr'><strong>sii.</strong></span> <span class='ocrx_word' id='word_1_348' title='bbox 2315 2401 2367 2443; x_wconf 77' lang='lat' dir='ltr'><strong>rt</strong></span> <span class='ocrx_word' id='word_1_349' title='bbox 2392 2392 2613 2460; x_wconf 79' lang='lat' dir='ltr'><strong>l’agium</strong></span> <span class='ocrx_word' id='word_1_350' title='bbox 2647 2391 2712 2445; x_wconf 91' lang='lat' dir='ltr'><strong>ad</strong></span> <span class='ocrx_word' id='word_1_351' title='bbox 2738 2408 2829 2446; x_wconf 91' lang='lat' dir='ltr'><strong>an.</strong></span> <span class='ocrx_word' id='word_1_352' title='bbox 2859 2392 3060 2448; x_wconf 83' lang='lat' dir='ltr'><strong>Christ.</strong></span> <span class='ocrx_word' id='word_1_353' title='bbox 3092 2392 3220 2455; x_wconf 69' lang='grc'><strong>502.</strong></span> <span class='ocrx_word' id='word_1_354' title='bbox 3255 2409 3409 2448; x_wconf 89' lang='lat' dir='ltr'><strong>num.</strong></span> <span class='ocrx_word' id='word_1_355' title='bbox 3444 2393 3499 2448; x_wconf 85' lang='lat'><strong>5.</strong></span> 
     </span>
    </p>
   </div>
   <div class='ocr_carea' id='block_1_48' title="bbox 2270 2462 3806 2533">
    <p class='ocr_par' dir='ltr' id='par_1_48' title="bbox 2270 2462 3806 2533">
     <span class='ocr_line' id='line_1_50' title="bbox 2270 2462 3806 2533; baseline -0.001 -17"><span class='ocrx_word' id='word_1_356' title='bbox 2270 2462 2296 2500; x_wconf 78' lang='grc' dir='ltr'><strong>ι)</strong></span> <span class='ocrx_word' id='word_1_357' title='bbox 2324 2462 2520 2531; x_wconf 85' lang='lat' dir='ltr'><strong>Liquet</strong></span> <span class='ocrx_word' id='word_1_358' title='bbox 2541 2479 2606 2517; x_wconf 76' lang='lat' dir='ltr'><strong>ex</strong></span> <span class='ocrx_word' id='word_1_359' title='bbox 2633 2462 2740 2528; x_wconf 88' lang='lat' dir='ltr'><strong>his,</strong></span> <span class='ocrx_word' id='word_1_360' title='bbox 2773 2479 2892 2533; x_wconf 65' lang='lat' dir='ltr'><strong>qua:</strong></span> <span class='ocrx_word' id='word_1_361' title='bbox 2924 2464 3250 2533; x_wconf 73' lang='lat' dir='ltr'><strong>prmcedenti</strong></span> <span class='ocrx_word' id='word_1_362' title='bbox 3285 2464 3531 2533; x_wconf 81' lang='lat' dir='ltr'><strong>proxime</strong></span> <span class='ocrx_word' id='word_1_363' title='bbox 3570 2471 3806 2516; x_wconf 87' lang='lat' dir='ltr'><strong>annota-</strong></span> 
     </span>
    </p>
   </div>
   <div class='ocr_carea' id='block_1_49' title="bbox 2204 2533 3807 2606">
    <p class='ocr_par' dir='ltr' id='par_1_49' title="bbox 2204 2533 3807 2606">
     <span class='ocr_line' id='line_1_51' title="bbox 2204 2533 3807 2606; baseline 0.001 -19"><span class='ocrx_word' id='word_1_364' title='bbox 2204 2534 2350 2589; x_wconf 88' lang='lat' dir='ltr'><strong>tionc</strong></span> <span class='ocrx_word' id='word_1_365' title='bbox 2372 2535 2745 2597; x_wconf 57' lang='lat' dir='ltr'><strong>obsarvamus,</strong></span> <span class='ocrx_word' id='word_1_366' title='bbox 2777 2550 2900 2590; x_wconf 89' lang='lat' dir='ltr'><strong>eum</strong></span> <span class='ocrx_word' id='word_1_367' title='bbox 2935 2552 3161 2598; x_wconf 91' lang='lat' dir='ltr'><strong>annum,</strong></span> <span class='ocrx_word' id='word_1_368' title='bbox 3193 2551 3300 2606; x_wconf 90' lang='lat' dir='ltr'><strong>quo</strong></span> <span class='ocrx_word' id='word_1_369' title='bbox 3357 2534 3605 2588; x_wconf 79' lang='lat' dir='ltr'><strong>kalendis</strong></span> <span class='ocrx_word' id='word_1_370' title='bbox 3648 2533 3807 2606; x_wconf 78' lang='lat' dir='ltr'><strong>Maiis</strong></span> 
     </span>
    </p>
   </div>
   <div class='ocr_carea' id='block_1_50' title="bbox 2204 2604 3804 2677">
    <p class='ocr_par' dir='ltr' id='par_1_50' title="bbox 2204 2604 3804 2677">
     <span class='ocr_line' id='line_1_52' title="bbox 2204 2604 3804 2677; baseline 0.001 -20"><span class='ocrx_word' id='word_1_371' title='bbox 2204 2621 2493 2674; x_wconf 80' lang='lat' dir='ltr'><strong>purpuram</strong></span> <span class='ocrx_word' id='word_1_372' title='bbox 2523 2614 2750 2673; x_wconf 87' lang='lat' dir='ltr'><strong>uterque</strong></span> <span class='ocrx_word' id='word_1_373' title='bbox 2771 2609 3042 2677; x_wconf 80' lang='lat' dir='ltr'><strong>Augustus</strong></span> <span class='ocrx_word' id='word_1_374' title='bbox 3073 2604 3345 2674; x_wconf 56' lang='lat' dir='ltr'><strong>deposuit,</strong></span> <span class='ocrx_word' id='word_1_375' title='bbox 3373 2622 3476 2661; x_wconf 90' lang='lat' dir='ltr'><strong>non</strong></span> <span class='ocrx_word' id='word_1_376' title='bbox 3502 2604 3804 2661; x_wconf 87' lang='lat' dir='ltr'><strong>secundum</strong></span> 
     </span>
    </p>
   </div>
   <div class='ocr_carea' id='block_1_51' title="bbox 2204 2677 3795 2748">
    <p class='ocr_par' dir='ltr' id='par_1_51' title="bbox 2204 2677 3795 2748">
     <span class='ocr_line' id='line_1_53' title="bbox 2204 2677 3795 2748; baseline -0.001 -17"><span class='ocrx_word' id='word_1_377' title='bbox 2204 2677 2370 2748; x_wconf 81' lang='lat' dir='ltr'><strong>fuisse</strong></span> <span class='ocrx_word' id='word_1_378' title='bbox 2421 2678 2835 2746; x_wconf 83' lang='lat' dir='ltr'><strong>persecutionis,</strong></span> <span class='ocrx_word' id='word_1_379' title='bbox 2888 2679 2982 2733; x_wconf 90' lang='lat' dir='ltr'><strong>sed</strong></span> <span class='ocrx_word' id='word_1_380' title='bbox 3027 2680 3247 2733; x_wconf 86' lang='lat' dir='ltr'><strong>tertium</strong></span> <span class='ocrx_word' id='word_1_381' title='bbox 3300 2677 3413 2748; x_wconf 88' lang='lat' dir='ltr'><strong>jam</strong></span> <span class='ocrx_word' id='word_1_382' title='bbox 3452 2677 3795 2732; x_wconf 88' lang='lat' dir='ltr'><strong>inchoatum.</strong></span> 
     </span>
    </p>
   </div>
   <div class='ocr_carea' id='block_1_52' title="bbox 2208 2747 3794 2819">
    <p class='ocr_par' dir='ltr' id='par_1_52' title="bbox 2208 2747 3794 2819">
     <span class='ocr_line' id='line_1_54' title="bbox 2208 2747 3794 2819; baseline -0.001 -17"><span class='ocrx_word' id='word_1_383' title='bbox 2208 2747 2356 2802; x_wconf 92' lang='lat' dir='ltr'><strong>llaud</strong></span> <span class='ocrx_word' id='word_1_384' title='bbox 2389 2750 2566 2818; x_wconf 81' lang='lat' dir='ltr'><strong>itaque</strong></span> <span class='ocrx_word' id='word_1_385' title='bbox 2597 2759 2745 2804; x_wconf 80' lang='lat' dir='ltr'><strong>recte</strong></span> <span class='ocrx_word' id='word_1_386' title='bbox 2775 2749 2890 2804; x_wconf 76' lang='lat' dir='ltr'><strong>hmo</strong></span> <span class='ocrx_word' id='word_1_387' title='bbox 2939 2751 3005 2803; x_wconf 90' lang='lat' dir='ltr'><strong>ab</strong></span> <span class='ocrx_word' id='word_1_388' title='bbox 3036 2750 3276 2806; x_wconf 86' lang='lat' dir='ltr'><strong>Eusebio</strong></span> <span class='ocrx_word' id='word_1_389' title='bbox 3306 2747 3608 2819; x_wconf 72' lang='lat' dir='ltr'><strong>conjuncta</strong></span> <span class='ocrx_word' id='word_1_390' title='bbox 3632 2756 3794 2802; x_wconf 90' lang='lat' dir='ltr'><strong>sunt:</strong></span> 
     </span>
    </p>
   </div>
   <div class='ocr_carea' id='block_1_53' title="bbox 2206 2819 3804 2889">
    <p class='ocr_par' dir='ltr' id='par_1_53' title="bbox 2206 2819 3804 2889">
     <span class='ocr_line' id='line_1_55' title="bbox 2206 2819 3804 2889; baseline 0.001 -17"><span class='ocrx_word' id='word_1_391' title='bbox 2206 2819 2386 2874; x_wconf 82' lang='lat' dir='ltr'><strong>liecta</strong></span> <span class='ocrx_word' id='word_1_392' title='bbox 2419 2821 2598 2889; x_wconf 84' lang='lat' dir='ltr'><strong>priore</strong></span> <span class='ocrx_word' id='word_1_393' title='bbox 2630 2820 2750 2888; x_wconf 83' lang='lat' dir='ltr'><strong>ejus</strong></span> <span class='ocrx_word' id='word_1_394' title='bbox 2809 2822 3231 2877; x_wconf 87' lang='lat' dir='ltr'><strong>ballucinatione</strong></span> <span class='ocrx_word' id='word_1_395' title='bbox 3280 2822 3380 2876; x_wconf 86' lang='lat' dir='ltr'><strong>ista</strong></span> <span class='ocrx_word' id='word_1_396' title='bbox 3429 2819 3804 2888; x_wconf 78' lang='lat' dir='ltr'><strong>consequitur.</strong></span> 
     </span>
    </p>
   </div>
   <div class='ocr_carea' id='block_1_54' title="bbox 2205 2889 3800 2961">
    <p class='ocr_par' dir='ltr' id='par_1_54' title="bbox 2205 2889 3800 2961">
     <span class='ocr_line' id='line_1_56' title="bbox 2205 2889 3800 2961; baseline 0 -17"><span class='ocrx_word' id='word_1_397' title='bbox 2205 2889 2588 2958; x_wconf 77' lang='lat' dir='ltr'><strong>Respondebat</strong></span> <span class='ocrx_word' id='word_1_398' title='bbox 2615 2891 2883 2946; x_wconf 84' lang='lat' dir='ltr'><strong>secundus</strong></span> <span class='ocrx_word' id='word_1_399' title='bbox 2907 2893 3307 2961; x_wconf 79' lang='lat' dir='ltr'><strong>persecutionis</strong></span> <span class='ocrx_word' id='word_1_400' title='bbox 3340 2907 3517 2947; x_wconf 90' lang='lat' dir='ltr'><strong>annus</strong></span> <span class='ocrx_word' id='word_1_401' title='bbox 3548 2890 3800 2947; x_wconf 84' lang='lat' dir='ltr'><strong>consula-</strong></span> 
     </span>
    </p>
   </div>
   <div class='ocr_carea' id='block_1_55' title="bbox 2208 2963 3808 3027">
    <p class='ocr_par' dir='ltr' id='par_1_55' title="bbox 2208 2963 3808 3027">
     <span class='ocr_line' id='line_1_57' title="bbox 2208 2963 3808 3027; baseline -0.001 -11"><span class='ocrx_word' id='word_1_402' title='bbox 2208 2963 2349 3016; x_wconf 86' lang='lat' dir='ltr'><strong>tibus</strong></span> <span class='ocrx_word' id='word_1_403' title='bbox 2381 2964 2693 3018; x_wconf 87' lang='lat' dir='ltr'><strong>Diocletiani</strong></span> <span class='ocrx_word' id='word_1_404' title='bbox 2728 2979 2891 3027; x_wconf 89' lang='lat' dir='ltr'><strong>nouo,</strong></span> <span class='ocrx_word' id='word_1_405' title='bbox 2927 2974 2982 3018; x_wconf 92' lang='lat' dir='ltr'><strong>et</strong></span> <span class='ocrx_word' id='word_1_406' title='bbox 3027 2964 3336 3020; x_wconf 82' lang='lat' dir='ltr'><strong>Maximiani</strong></span> <span class='ocrx_word' id='word_1_407' title='bbox 3389 2975 3612 3027; x_wconf 89' lang='lat' dir='ltr'><strong>octavo,</strong></span> <span class='ocrx_word' id='word_1_408' title='bbox 3651 2972 3808 3016; x_wconf 84' lang='lat' dir='ltr'><strong>ante-</strong></span> 
     </span>
    </p>
   </div>
   <div class='ocr_carea' id='block_1_56' title="bbox 2207 3035 3809 3104">
    <p class='ocr_par' dir='ltr' id='par_1_56' title="bbox 2207 3035 3809 3104">
     <span class='ocr_line' id='line_1_58' title="bbox 2207 3035 3809 3104; baseline 0.001 -16"><span class='ocrx_word' id='word_1_409' title='bbox 2207 3049 2368 3102; x_wconf 87' lang='lat' dir='ltr'><strong>quam</strong></span> <span class='ocrx_word' id='word_1_410' title='bbox 2393 3050 2450 3087; x_wconf 88' lang='lat' dir='ltr'><strong>se</strong></span> <span class='ocrx_word' id='word_1_411' title='bbox 2475 3035 2702 3101; x_wconf 87' lang='lat' dir='ltr'><strong>imperio</strong></span> <span class='ocrx_word' id='word_1_412' title='bbox 2742 3035 3098 3090; x_wconf 84' lang='lat' dir='ltr'><strong>abdicarent:</strong></span> <span class='ocrx_word' id='word_1_413' title='bbox 3143 3036 3286 3103; x_wconf 88' lang='lat' dir='ltr'><strong>quod</strong></span> <span class='ocrx_word' id='word_1_414' title='bbox 3331 3036 3495 3092; x_wconf 88' lang='lat' dir='ltr'><strong>etiam</strong></span> <span class='ocrx_word' id='word_1_415' title='bbox 3529 3050 3596 3089; x_wconf 81' lang='lat' dir='ltr'><strong>cx</strong></span> <span class='ocrx_word' id='word_1_416' title='bbox 3637 3048 3809 3104; x_wconf 87' lang='lat' dir='ltr'><strong>pane-</strong></span> 
     </span>
    </p>
   </div>
   <div class='ocr_carea' id='block_1_57' title="bbox 2207 3105 3806 3177">
    <p class='ocr_par' dir='ltr' id='par_1_57' title="bbox 2207 3105 3806 3177">
     <span class='ocr_line' id='line_1_59' title="bbox 2207 3105 3806 3177; baseline 0.001 -18"><span class='ocrx_word' id='word_1_417' title='bbox 2207 3105 2396 3176; x_wconf 85' lang='lat' dir='ltr'><strong>gyrico</strong></span> <span class='ocrx_word' id='word_1_418' title='bbox 2428 3105 2756 3160; x_wconf 87' lang='lat' dir='ltr'><strong>Maximiano</strong></span> <span class='ocrx_word' id='word_1_419' title='bbox 2811 3118 2865 3161; x_wconf 91' lang='lat' dir='ltr'><strong>et</strong></span> <span class='ocrx_word' id='word_1_420' title='bbox 2911 3108 3270 3162; x_wconf 72' lang='lat' dir='ltr'><strong>Constantino</strong></span> <span class='ocrx_word' id='word_1_421' title='bbox 3295 3108 3465 3177; x_wconf 80' lang='lat' dir='ltr'><strong>Augg.</strong></span> <span class='ocrx_word' id='word_1_422' title='bbox 3499 3105 3646 3160; x_wconf 88' lang='lat' dir='ltr'><strong>dicto</strong></span> <span class='ocrx_word' id='word_1_423' title='bbox 3677 3120 3806 3174; x_wconf 85' lang='lat' dir='ltr'><strong>per-</strong></span> 
     </span>
    </p>
   </div>
   <div class='ocr_carea' id='block_1_58' title="bbox 2209 3177 3796 3248">
    <p class='ocr_par' dir='ltr' id='par_1_58' title="bbox 2209 3177 3796 3248">
     <span class='ocr_line' id='line_1_60' title="bbox 2209 3177 3796 3248; baseline 0 -18"><span class='ocrx_word' id='word_1_424' title='bbox 2209 3181 2452 3243; x_wconf 74' lang='lat' dir='ltr'><strong>Spicuum</strong></span> <span class='ocrx_word' id='word_1_425' title='bbox 2485 3189 2600 3232; x_wconf 90' lang='lat' dir='ltr'><strong>est:</strong></span> <span class='ocrx_word' id='word_1_426' title='bbox 2635 3177 2705 3231; x_wconf 87' lang='lat' dir='ltr'><strong>Te</strong></span> <span class='ocrx_word' id='word_1_427' title='bbox 2726 3194 2904 3232; x_wconf 77' lang='lat' dir='ltr'><strong>rursus</strong></span> <span class='ocrx_word' id='word_1_428' title='bbox 2924 3179 3165 3232; x_wconf 79' lang='lat' dir='ltr'><strong>vicesimo</strong></span> <span class='ocrx_word' id='word_1_429' title='bbox 3213 3196 3354 3232; x_wconf 88' lang='lat' dir='ltr'><strong>anno</strong></span> <span class='ocrx_word' id='word_1_430' title='bbox 3405 3181 3796 3248; x_wconf 73' lang='lat' dir='ltr'><strong>imperatorem,</strong></span> 
     </span>
    </p>
   </div>
   <div class='ocr_carea' id='block_1_59' title="bbox 2212 3248 3806 3321">
    <p class='ocr_par' dir='ltr' id='par_1_59' title="bbox 2212 3248 3806 3321">
     <span class='ocr_line' id='line_1_61' title="bbox 2212 3248 3806 3321; baseline -0.001 -20"><span class='ocrx_word' id='word_1_431' title='bbox 2212 3259 2388 3321; x_wconf 81' lang='lat' dir='ltr'><strong>octavo</strong></span> <span class='ocrx_word' id='word_1_432' title='bbox 2409 3248 2673 3302; x_wconf 79' lang='lat' dir='ltr'><strong>consulem</strong></span> <span class='ocrx_word' id='word_1_433' title='bbox 2705 3251 2776 3302; x_wconf 86' lang='lat' dir='ltr'><strong>ita</strong></span> <span class='ocrx_word' id='word_1_434' title='bbox 2802 3249 2918 3317; x_wconf 81' lang='lat' dir='ltr'><strong>ipsa</strong></span> <span class='ocrx_word' id='word_1_435' title='bbox 2953 3254 3199 3317; x_wconf 78' lang='lat' dir='ltr'><strong>amplexu</strong></span> <span class='ocrx_word' id='word_1_436' title='bbox 3228 3251 3450 3321; x_wconf 87' lang='lat' dir='ltr'><strong>quodam</strong></span> <span class='ocrx_word' id='word_1_437' title='bbox 3492 3266 3586 3303; x_wconf 83' lang='lat' dir='ltr'><strong>suo</strong></span> <span class='ocrx_word' id='word_1_438' title='bbox 3635 3248 3806 3321; x_wconf 80' lang='lat' dir='ltr'><strong>Roma</strong></span> 
     </span>
    </p>
   </div>
   <div class='ocr_carea' id='block_1_60' title="bbox 2212 3318 3810 3393">
    <p class='ocr_par' dir='ltr' id='par_1_60' title="bbox 2212 3318 3810 3393">
     <span class='ocr_line' id='line_1_62' title="bbox 2212 3318 3810 3393; baseline -0.001 -21"><span class='ocrx_word' id='word_1_439' title='bbox 2212 3318 2372 3373; x_wconf 85' lang='lat' dir='ltr'><strong>uoluit</strong></span> <span class='ocrx_word' id='word_1_440' title='bbox 2389 3321 2626 3385; x_wconf 86' lang='lat' dir='ltr'><strong>retinere,</strong></span> <span class='ocrx_word' id='word_1_441' title='bbox 2649 3333 2702 3373; x_wconf 84' lang='lat' dir='ltr'><strong>ut</strong></span> <span class='ocrx_word' id='word_1_442' title='bbox 2730 3322 2987 3374; x_wconf 81' lang='lat' dir='ltr'><strong>videretur</strong></span> <span class='ocrx_word' id='word_1_443' title='bbox 3007 3318 3258 3393; x_wconf 75' lang='lat' dir='ltr'><strong>augurari</strong></span> <span class='ocrx_word' id='word_1_444' title='bbox 3272 3325 3388 3393; x_wconf 87' lang='lat' dir='ltr'><strong>jam</strong></span> <span class='ocrx_word' id='word_1_445' title='bbox 3407 3331 3450 3393; x_wconf 76' lang='lat' dir='ltr'><strong>et</strong></span> <span class='ocrx_word' id='word_1_446' title='bbox 3468 3323 3646 3373; x_wconf 82' lang='lat' dir='ltr'><strong>timere</strong></span> <span class='ocrx_word' id='word_1_447' title='bbox 3669 3319 3810 3393; x_wconf 78' lang='lat' dir='ltr'><strong>quod</strong></span> 
     </span>
    </p>
   </div>
   <div class='ocr_carea' id='block_1_61' title="bbox 514 3391 3811 3484">
    <p class='ocr_par' dir='ltr' id='par_1_61' title="bbox 514 3391 3811 3484">
     <span class='ocr_line' id='line_1_63' title="bbox 514 3391 3811 3484; baseline -0.001 -35"><span class='ocrx_word' id='word_1_448' title='bbox 514 3413 665 3484; x_wconf 61' lang='lat' dir='ltr'><strong>munt</strong></span> <span class='ocrx_word' id='word_1_449' title='bbox 689 3395 1061 3484; x_wconf 51' lang='lat' dir='ltr'><strong>Collbertinnm</strong></span> <span class='ocrx_word' id='word_1_450' title='bbox 1082 3435 1095 3455; x_wconf 87' lang='lat'><strong>,</strong></span> <span class='ocrx_word' id='word_1_451' title='bbox 1124 3392 1220 3447; x_wconf 91' lang='lat' dir='ltr'><strong>sed</strong></span> <span class='ocrx_word' id='word_1_452' title='bbox 1251 3404 1585 3474; x_wconf 60' lang='lat' dir='ltr'><strong>pra&#39;postero</strong></span> <span class='ocrx_word' id='word_1_453' title='bbox 1611 3391 1825 3456; x_wconf 88' lang='lat' dir='ltr'><strong>ordine,</strong></span> <span class='ocrx_word' id='word_1_454' title='bbox 1855 3406 1977 3445; x_wconf 91' lang='lat' dir='ltr'><strong>cum</strong></span> <span class='ocrx_word' id='word_1_455' title='bbox 2010 3406 2108 3444; x_wconf 90' lang='lat' dir='ltr'><strong>an-</strong></span> <span class='ocrx_word' id='word_1_456' title='bbox 2139 3424 2186 3484; x_wconf 79' lang='grc' dir='ltr'>Β</span> <span class='ocrx_word' id='word_1_457' title='bbox 2216 3394 2407 3459; x_wconf 65' lang='lat' dir='ltr'><strong>faction</strong></span> <span class='ocrx_word' id='word_1_458' title='bbox 2431 3402 2532 3484; x_wconf 61' lang='lat' dir='ltr'><strong>est.</strong></span> <span class='ocrx_word' id='word_1_459' title='bbox 2558 3393 2799 3462; x_wconf 81' lang='lat' dir='ltr'><strong>Scaliger</strong></span> <span class='ocrx_word' id='word_1_460' title='bbox 2829 3409 2964 3484; x_wconf 40' lang='lat' dir='ltr'><strong>cum,</strong></span> <span class='ocrx_word' id='word_1_461' title='bbox 2983 3391 3130 3484; x_wconf 49' lang='lat' dir='ltr'><strong>stupe</strong></span> <span class='ocrx_word' id='word_1_462' title='bbox 3161 3391 3296 3448; x_wconf 85' lang='lat' dir='ltr'><strong>alias</strong></span> <span class='ocrx_word' id='word_1_463' title='bbox 3325 3391 3811 3484; x_wconf 52' lang='lat' dir='ltr'><strong>inlDiocletianeis</strong></span> 
     </span>
    </p>
   </div>
   <div class='ocr_carea' id='block_1_62' title="bbox 513 3465 1528 3534">
    <p class='ocr_par' dir='ltr' id='par_1_62' title="bbox 513 3465 1528 3534">
     <span class='ocr_line' id='line_1_64' title="bbox 513 3465 1528 3534; baseline -0.005 -15"><span class='ocrx_word' id='word_1_464' title='bbox 513 3467 726 3523; x_wconf 86' lang='lat' dir='ltr'><strong>tecedat</strong></span> <span class='ocrx_word' id='word_1_465' title='bbox 758 3467 1038 3520; x_wconf 86' lang='lat' dir='ltr'><strong>historiam</strong></span> <span class='ocrx_word' id='word_1_466' title='bbox 1071 3465 1528 3534; x_wconf 44' lang='lat' dir='ltr'><strong>persecutionis:</strong></span> 
     </span>
    </p>
   </div>
   <div class='ocr_carea' id='block_1_63' title="bbox 589 3532 2108 3608">
    <p class='ocr_par' dir='ltr' id='par_1_63' title="bbox 589 3532 2108 3608">
     <span class='ocr_line' id='line_1_65' title="bbox 589 3532 2108 3608; baseline -0.003 -15"><span class='ocrx_word' id='word_1_467' title='bbox 589 3548 615 3576; x_wconf 78' lang='grc' dir='ltr'><strong>ει</strong></span> <span class='ocrx_word' id='word_1_468' title='bbox 644 3538 984 3608; x_wconf 73' lang='lat' dir='ltr'><strong>Praeponitur</strong></span> <span class='ocrx_word' id='word_1_469' title='bbox 1013 3532 1360 3608; x_wconf 74' lang='lat' dir='ltr'><strong>inSt-aligeri</strong></span> <span class='ocrx_word' id='word_1_470' title='bbox 1389 3533 1630 3608; x_wconf 81' lang='lat' dir='ltr'><strong>editione</strong></span> <span class='ocrx_word' id='word_1_471' title='bbox 1669 3532 1734 3608; x_wconf 79' lang='lat' dir='ltr'><strong>ad</strong></span> <span class='ocrx_word' id='word_1_472' title='bbox 1763 3532 1907 3587; x_wconf 89' lang='lat' dir='ltr'><strong>tituli</strong></span> <span class='ocrx_word' id='word_1_473' title='bbox 1938 3533 2108 3608; x_wconf 80' lang='lat' dir='ltr'><strong>instar</strong></span> 
     </span>
    </p>
   </div>
   <div class='ocr_carea' id='block_1_64' title="bbox 516 3605 2106 3679">
    <p class='ocr_par' dir='ltr' id='par_1_64' title="bbox 516 3605 2106 3679">
     <span class='ocr_line' id='line_1_66' title="bbox 516 3605 2106 3679; baseline -0.004 -15"><span class='ocrx_word' id='word_1_474' title='bbox 516 3605 1140 3679; x_wconf 76' lang='lat' dir='ltr'><strong>grandioribuslitteris,</strong></span> <span class='ocrx_word' id='word_1_475' title='bbox 1184 3605 1400 3660; x_wconf 81' lang='lat' dir='ltr'><strong>Decima</strong></span> <span class='ocrx_word' id='word_1_476' title='bbox 1444 3605 1940 3679; x_wconf 75' lang='lat' dir='ltr'><strong>Pcrsecntio:_tnm</strong></span> <span class='ocrx_word' id='word_1_477' title='bbox 1993 3607 2106 3675; x_wconf 76' lang='lat' dir='ltr'><strong>ipsa</strong></span> 
     </span>
    </p>
   </div>
   <div class='ocr_carea' id='block_1_65' title="bbox 518 3676 2105 3750">
    <p class='ocr_par' dir='ltr' id='par_1_65' title="bbox 518 3676 2105 3750">
     <span class='ocr_line' id='line_1_67' title="bbox 518 3676 2105 3750; baseline -0.003 -16"><span class='ocrx_word' id='word_1_478' title='bbox 518 3676 798 3750; x_wconf 77' lang='lat' dir='ltr'><strong>periocha,</strong></span> <span class='ocrx_word' id='word_1_479' title='bbox 836 3679 1044 3734; x_wconf 87' lang='lat' dir='ltr'><strong>Decimo</strong></span> <span class='ocrx_word' id='word_1_480' title='bbox 1073 3694 1208 3732; x_wconf 83' lang='lat' dir='ltr'><strong>nono</strong></span> <span class='ocrx_word' id='word_1_481' title='bbox 1244 3694 1402 3743; x_wconf 85' lang='lat' dir='ltr'><strong>anno,</strong></span> <span class='ocrx_word' id='word_1_482' title='bbox 1447 3689 1580 3750; x_wconf 62' lang='grc' dir='ltr'><strong>εις..</strong></span> <span class='ocrx_word' id='word_1_483' title='bbox 1639 3691 1692 3731; x_wconf 88' lang='lat' dir='ltr'><strong>et</strong></span> <span class='ocrx_word' id='word_1_484' title='bbox 1740 3676 2105 3746; x_wconf 88' lang='lat' dir='ltr'><strong>subsequens,</strong></span> 
     </span>
    </p>
   </div>
   <div class='ocr_carea' id='block_1_66' title="bbox 517 3747 2108 3815">
    <p class='ocr_par' dir='ltr' id='par_1_66' title="bbox 517 3747 2108 3815">
     <span class='ocr_line' id='line_1_68' title="bbox 517 3747 2108 3815; baseline -0.004 -6"><span class='ocrx_word' id='word_1_485' title='bbox 517 3747 819 3809; x_wconf 78' lang='lat' dir='ltr'><strong>Secundum</strong></span> <span class='ocrx_word' id='word_1_486' title='bbox 858 3751 1237 3815; x_wconf 79' lang='lat' dir='ltr'><strong>Antiocltenos,</strong></span> <span class='ocrx_word' id='word_1_487' title='bbox 1268 3757 1405 3815; x_wconf 87' lang='lat' dir='ltr'><strong>etc.,</strong></span> <span class='ocrx_word' id='word_1_488' title='bbox 1433 3747 1626 3805; x_wconf 90' lang='lat' dir='ltr'><strong>eodem</strong></span> <span class='ocrx_word' id='word_1_489' title='bbox 1685 3751 1999 3804; x_wconf 86' lang='lat' dir='ltr'><strong>charactere</strong></span> <span class='ocrx_word' id='word_1_490' title='bbox 2057 3759 2108 3802; x_wconf 91' lang='lat' dir='ltr'><strong>et</strong></span> 
     </span>
    </p>
   </div>
   <div class='ocr_carea' id='block_1_67' title="bbox 519 3818 2109 3893">
    <p class='ocr_par' dir='ltr' id='par_1_67' title="bbox 519 3818 2109 3893">
     <span class='ocr_line' id='line_1_69' title="bbox 519 3818 2109 3893; baseline -0.003 -15"><span class='ocrx_word' id='word_1_491' title='bbox 519 3825 690 3878; x_wconf 86' lang='lat' dir='ltr'><strong>lortna</strong></span> <span class='ocrx_word' id='word_1_492' title='bbox 757 3822 1192 3893; x_wconf 78' lang='lat' dir='ltr'><strong>perscribuntur.</strong></span> <span class='ocrx_word' id='word_1_493' title='bbox 1260 3821 1544 3875; x_wconf 86' lang='lat' dir='ltr'><strong>Omittitur</strong></span> <span class='ocrx_word' id='word_1_494' title='bbox 1614 3835 1744 3873; x_wconf 88' lang='lat' dir='ltr'><strong>vero</strong></span> <span class='ocrx_word' id='word_1_495' title='bbox 1811 3818 2109 3893; x_wconf 81' lang='lat' dir='ltr'><strong>Persecutio</strong></span> 
     </span>
    </p>
   </div>
   <div class='ocr_carea' id='block_1_68' title="bbox 519 3891 2108 3963">
    <p class='ocr_par' dir='ltr' id='par_1_68' title="bbox 519 3891 2108 3963">
     <span class='ocr_line' id='line_1_70' title="bbox 519 3891 2108 3963; baseline -0.003 -14"><span class='ocrx_word' id='word_1_496' title='bbox 519 3891 822 3950; x_wconf 82' lang='lat' dir='ltr'><strong>Christiana</strong></span> <span class='ocrx_word' id='word_1_497' title='bbox 849 3911 868 3948; x_wconf 90' lang='lat'><strong><em>:</em></strong></span> <span class='ocrx_word' id='word_1_498' title='bbox 916 3910 1036 3963; x_wconf 66' lang='lat' dir='ltr'><strong>quae</strong></span> <span class='ocrx_word' id='word_1_499' title='bbox 1070 3892 1286 3960; x_wconf 87' lang='lat' dir='ltr'><strong>quidem</strong></span> <span class='ocrx_word' id='word_1_500' title='bbox 1331 3893 1516 3955; x_wconf 86' lang='lat' dir='ltr'><strong>verba,</strong></span> <span class='ocrx_word' id='word_1_501' title='bbox 1559 3901 1623 3963; x_wconf 84' lang='lat' dir='ltr'><strong>tit</strong></span> <span class='ocrx_word' id='word_1_502' title='bbox 1681 3899 1737 3945; x_wconf 89' lang='lat' dir='ltr'><strong>et</strong></span> <span class='ocrx_word' id='word_1_503' title='bbox 1784 3891 2108 3963; x_wconf 84' lang='lat' dir='ltr'><strong>n0tatioilla</strong></span> 
     </span>
    </p>
   </div>
   <div class='ocr_carea' id='block_1_69' title="bbox 518 3961 2105 4035">
    <p class='ocr_par' dir='ltr' id='par_1_69' title="bbox 518 3961 2105 4035">
     <span class='ocr_line' id='line_1_71' title="bbox 518 3961 2105 4035; baseline -0.004 -15"><span class='ocrx_word' id='word_1_504' title='bbox 518 3967 783 4035; x_wconf 87' lang='lat' dir='ltr'><strong>temporis</strong></span> <span class='ocrx_word' id='word_1_505' title='bbox 811 3961 963 4034; x_wconf 77' lang='lat' dir='ltr'><strong>juxta</strong></span> <span class='ocrx_word' id='word_1_506' title='bbox 991 3963 1356 4019; x_wconf 82' lang='lat' dir='ltr'><strong>Antiocheuos</strong></span> <span class='ocrx_word' id='word_1_507' title='bbox 1385 3965 1528 4035; x_wconf 74' lang='lat' dir='ltr'><strong>(qum</strong></span> <span class='ocrx_word' id='word_1_508' title='bbox 1553 3962 1607 4016; x_wconf 90' lang='lat' dir='ltr'><strong>in</strong></span> <span class='ocrx_word' id='word_1_509' title='bbox 1628 3961 1901 4016; x_wconf 81' lang='lat' dir='ltr'><strong>veteribus</strong></span> <span class='ocrx_word' id='word_1_510' title='bbox 1933 3962 2105 4026; x_wconf 84' lang='lat' dir='ltr'><strong>libris,</strong></span> 
     </span>
    </p>
   </div>
   <div class='ocr_carea' id='block_1_70' title="bbox 519 4036 2109 4108">
    <p class='ocr_par' dir='ltr' id='par_1_70' title="bbox 519 4036 2109 4108">
     <span class='ocr_line' id='line_1_72' title="bbox 519 4036 2109 4108; baseline -0.002 -16"><span class='ocrx_word' id='word_1_511' title='bbox 519 4047 660 4093; x_wconf 65' lang='lat' dir='ltr'><strong>teste</strong></span> <span class='ocrx_word' id='word_1_512' title='bbox 679 4038 980 4108; x_wconf 87' lang='lat' dir='ltr'><strong>Scaligero,</strong></span> <span class='ocrx_word' id='word_1_513' title='bbox 1001 4052 1108 4090; x_wconf 90' lang='lat' dir='ltr'><strong>non</strong></span> <span class='ocrx_word' id='word_1_514' title='bbox 1143 4037 1193 4088; x_wconf 92' lang='lat' dir='ltr'><strong>in</strong></span> <span class='ocrx_word' id='word_1_515' title='bbox 1218 4042 1502 4108; x_wconf 76' lang='lat' dir='ltr'><strong>contextu,</strong></span> <span class='ocrx_word' id='word_1_516' title='bbox 1521 4036 1613 4090; x_wconf 90' lang='lat' dir='ltr'><strong>sed</strong></span> <span class='ocrx_word' id='word_1_517' title='bbox 1631 4051 1660 4089; x_wconf 92' lang='lat' dir='ltr'><strong>e</strong></span> <span class='ocrx_word' id='word_1_518' title='bbox 1681 4036 1896 4108; x_wconf 75' lang='lat' dir='ltr'><strong>regione</strong></span> <span class='ocrx_word' id='word_1_519' title='bbox 1909 4036 2109 4103; x_wconf 86' lang='lat' dir='ltr'><strong>scripta</strong></span> 
     </span>
    </p>
   </div>
   <div class='ocr_carea' id='block_1_71' title="bbox 518 4106 2106 4179">
    <p class='ocr_par' dir='ltr' id='par_1_71' title="bbox 518 4106 2106 4179">
     <span class='ocr_line' id='line_1_73' title="bbox 518 4106 2106 4179; baseline 0 -19"><span class='ocrx_word' id='word_1_520' title='bbox 518 4110 624 4179; x_wconf 78' lang='lat' dir='ltr'><strong>cst)</strong></span> <span class='ocrx_word' id='word_1_521' title='bbox 653 4111 702 4164; x_wconf 90' lang='lat' dir='ltr'><strong>in</strong></span> <span class='ocrx_word' id='word_1_522' title='bbox 737 4106 1019 4164; x_wconf 80' lang='lat' dir='ltr'><strong>Parmensi</strong></span> <span class='ocrx_word' id='word_1_523' title='bbox 1048 4121 1292 4179; x_wconf 14' lang='lat' dir='ltr'><strong>ms.rnon</strong></span> <span class='ocrx_word' id='word_1_524' title='bbox 1346 4107 1632 4160; x_wconf 88' lang='lat' dir='ltr'><strong>ltabentnr.</strong></span> <span class='ocrx_word' id='word_1_525' title='bbox 1685 4106 1791 4159; x_wconf 89' lang='lat' dir='ltr'><strong>Sed</strong></span> <span class='ocrx_word' id='word_1_526' title='bbox 1847 4121 2022 4176; x_wconf 86' lang='lat' dir='ltr'><strong>neque</strong></span> <span class='ocrx_word' id='word_1_527' title='bbox 2056 4108 2106 4160; x_wconf 88' lang='lat' dir='ltr'><strong>itt</strong></span> 
     </span>
    </p>
   </div>
   <div class='ocr_carea' id='block_1_72' title="bbox 517 4178 2112 4250">
    <p class='ocr_par' dir='ltr' id='par_1_72' title="bbox 517 4178 2112 4250">
     <span class='ocr_line' id='line_1_74' title="bbox 517 4178 2112 4250; baseline -0.001 -18"><span class='ocrx_word' id='word_1_528' title='bbox 517 4178 660 4242; x_wconf 84' lang='lat' dir='ltr'><strong>aliis,</strong></span> <span class='ocrx_word' id='word_1_529' title='bbox 691 4191 823 4250; x_wconf 88' lang='lat' dir='ltr'><strong>quot</strong></span> <span class='ocrx_word' id='word_1_530' title='bbox 863 4181 1009 4250; x_wconf 63' lang='lat' dir='ltr'><strong>scio,</strong></span> <span class='ocrx_word' id='word_1_531' title='bbox 1050 4178 1204 4232; x_wconf 86' lang='lat' dir='ltr'><strong>libris</strong></span> <span class='ocrx_word' id='word_1_532' title='bbox 1236 4178 1646 4250; x_wconf 85' lang='lat' dir='ltr'><strong>Scaligeranam</strong></span> <span class='ocrx_word' id='word_1_533' title='bbox 1698 4179 1840 4250; x_wconf 80' lang='lat' dir='ltr'><strong>illam</strong></span> <span class='ocrx_word' id='word_1_534' title='bbox 1878 4181 2112 4250; x_wconf 43' lang='lat' dir='ltr'><strong>_epigr:t§-</strong></span> 
     </span>
    </p>
   </div>
   <div class='ocr_carea' id='block_1_73' title="bbox 525 4247 2109 4316">
    <p class='ocr_par' dir='ltr' id='par_1_73' title="bbox 525 4247 2109 4316">
     <span class='ocr_line' id='line_1_75' title="bbox 525 4247 2109 4316; baseline 0.001 -16"><span class='ocrx_word' id='word_1_535' title='bbox 525 4247 722 4316; x_wconf 55' lang='lat' dir='ltr'><strong>pltem,</strong></span> <span class='ocrx_word' id='word_1_536' title='bbox 746 4251 957 4304; x_wconf 81' lang='lat' dir='ltr'><strong>Decima</strong></span> <span class='ocrx_word' id='word_1_537' title='bbox 983 4249 1301 4312; x_wconf 84' lang='lat' dir='ltr'><strong>Persecutio,</strong></span> <span class='ocrx_word' id='word_1_538' title='bbox 1344 4249 1588 4303; x_wconf 83' lang='lat' dir='ltr'><strong>invenire</strong></span> <span class='ocrx_word' id='word_1_539' title='bbox 1612 4259 1715 4301; x_wconf 75' lang='lat' dir='ltr'><strong>est.</strong></span> <span class='ocrx_word' id='word_1_540' title='bbox 1779 4249 1832 4301; x_wconf 92' lang='lat' dir='ltr'><strong>In</strong></span> <span class='ocrx_word' id='word_1_541' title='bbox 1876 4247 2109 4303; x_wconf 87' lang='lat' dir='ltr'><strong>Lueensi</strong></span> 
     </span>
    </p>
   </div>
   <div class='ocr_carea' id='block_1_74' title="bbox 526 4319 2108 4390">
    <p class='ocr_par' dir='ltr' id='par_1_74' title="bbox 526 4319 2108 4390">
     <span class='ocr_line' id='line_1_76' title="bbox 526 4319 2108 4390; baseline 0 -16"><span class='ocrx_word' id='word_1_542' title='bbox 526 4320 703 4376; x_wconf 83' lang='lat' dir='ltr'><strong>ta&#39;mcn</strong></span> <span class='ocrx_word' id='word_1_543' title='bbox 737 4338 839 4376; x_wconf 90' lang='lat' dir='ltr'><strong>ms.</strong></span> <span class='ocrx_word' id='word_1_544' title='bbox 874 4321 1038 4375; x_wconf 74' lang='lat' dir='ltr'><strong>refert</strong></span> <span class='ocrx_word' id='word_1_545' title='bbox 1062 4319 1301 4374; x_wconf 83' lang='lat' dir='ltr'><strong>Mausius</strong></span> <span class='ocrx_word' id='word_1_546' title='bbox 1335 4320 1419 4374; x_wconf 91' lang='lat' dir='ltr'><strong>hic</strong></span> <span class='ocrx_word' id='word_1_547' title='bbox 1447 4321 1547 4390; x_wconf 82' lang='lat' dir='ltr'><strong>legi</strong></span> <span class='ocrx_word' id='word_1_548' title='bbox 1597 4319 1982 4387; x_wconf 84' lang='lat' dir='ltr'><strong>grandioribus</strong></span> <span class='ocrx_word' id='word_1_549' title='bbox 2017 4321 2108 4375; x_wconf 88' lang='lat' dir='ltr'><strong>lit-</strong></span> 
     </span>
    </p>
   </div>
   <div class='ocr_carea' id='block_1_75' title="bbox 524 4390 2108 4460">
    <p class='ocr_par' dir='ltr' id='par_1_75' title="bbox 524 4390 2108 4460">
     <span class='ocr_line' id='line_1_77' title="bbox 524 4390 2108 4460; baseline 0.001 -16"><span class='ocrx_word' id='word_1_550' title='bbox 524 4395 656 4446; x_wconf 87' lang='lat' dir='ltr'><strong>teris</strong></span> <span class='ocrx_word' id='word_1_551' title='bbox 683 4392 1132 4454; x_wconf 72' lang='lat' dir='ltr'><strong>PERSECUTIO,</strong></span> <span class='ocrx_word' id='word_1_552' title='bbox 1160 4390 1249 4444; x_wconf 90' lang='lat' dir='ltr'><strong>cui</strong></span> <span class='ocrx_word' id='word_1_553' title='bbox 1273 4406 1302 4443; x_wconf 91' lang='lat' dir='ltr'><strong>c</strong></span> <span class='ocrx_word' id='word_1_554' title='bbox 1331 4393 1552 4460; x_wconf 79' lang='lat' dir='ltr'><strong>regione</strong></span> <span class='ocrx_word' id='word_1_555' title='bbox 1582 4392 1646 4443; x_wconf 89' lang='lat' dir='ltr'><strong>ad</strong></span> <span class='ocrx_word' id='word_1_556' title='bbox 1691 4392 1986 4460; x_wconf 85' lang='lat' dir='ltr'><strong>marginem</strong></span> <span class='ocrx_word' id='word_1_557' title='bbox 2019 4409 2108 4453; x_wconf 84' lang='lat' dir='ltr'><strong>na-</strong></span> 
     </span>
    </p>
   </div>
   <div class='ocr_carea' id='block_1_76' title="bbox 522 4461 2107 4532">
    <p class='ocr_par' dir='ltr' id='par_1_76' title="bbox 522 4461 2107 4532">
     <span class='ocr_line' id='line_1_78' title="bbox 522 4461 2107 4532; baseline 0.003 -20"><span class='ocrx_word' id='word_1_558' title='bbox 522 4464 680 4528; x_wconf 72' lang='lat' dir='ltr'><strong>gella:</strong></span> <span class='ocrx_word' id='word_1_559' title='bbox 719 4464 1010 4532; x_wconf 75' lang='lat' dir='ltr'><strong>respondet</strong></span> <span class='ocrx_word' id='word_1_560' title='bbox 1058 4461 1174 4516; x_wconf 68' lang='lat' dir='ltr'><strong>litec</strong></span> <span class='ocrx_word' id='word_1_561' title='bbox 1217 4461 1515 4528; x_wconf 87' lang='lat' dir='ltr'><strong>annotatio,</strong></span> <span class='ocrx_word' id='word_1_562' title='bbox 1546 4462 1844 4516; x_wconf 77' lang='lat' dir='ltr'><strong>Persecutio</strong></span> <span class='ocrx_word' id='word_1_563' title='bbox 1872 4462 1934 4516; x_wconf 77' lang='grc' dir='ltr'><strong>Χ.</strong></span> <span class='ocrx_word' id='word_1_564' title='bbox 1990 4464 2107 4516; x_wconf 82' lang='lat' dir='ltr'><strong>Non</strong></span> 
     </span>
    </p>
   </div>
   <div class='ocr_carea' id='block_1_77' title="bbox 522 4532 2108 4602">
    <p class='ocr_par' dir='ltr' id='par_1_77' title="bbox 522 4532 2108 4602">
     <span class='ocr_line' id='line_1_79' title="bbox 522 4532 2108 4602; baseline 0.003 -17"><span class='ocrx_word' id='word_1_565' title='bbox 522 4536 683 4596; x_wconf 73' lang='lat' dir='ltr'><strong>igitur</strong></span> <span class='ocrx_word' id='word_1_566' title='bbox 707 4535 771 4587; x_wconf 81' lang='lat' dir='ltr'><strong>de</strong></span> <span class='ocrx_word' id='word_1_567' title='bbox 809 4551 927 4599; x_wconf 76' lang='lat' dir='ltr'><strong>suo,</strong></span> <span class='ocrx_word' id='word_1_568' title='bbox 963 4542 1019 4587; x_wconf 83' lang='lat' dir='ltr'><strong>ut</strong></span> <span class='ocrx_word' id='word_1_569' title='bbox 1056 4532 1393 4600; x_wconf 66' lang='lat' dir='ltr'><strong>susliicabar.</strong></span> <span class='ocrx_word' id='word_1_570' title='bbox 1445 4533 1690 4602; x_wconf 76' lang='lat' dir='ltr'><strong>Scaliger</strong></span> <span class='ocrx_word' id='word_1_571' title='bbox 1735 4535 1927 4587; x_wconf 85' lang='lat' dir='ltr'><strong>lemma</strong></span> <span class='ocrx_word' id='word_1_572' title='bbox 1967 4535 2108 4589; x_wconf 87' lang='lat' dir='ltr'><strong>istud</strong></span> 
     </span>
    </p>
   </div>
   <div class='ocr_carea' id='block_1_78' title="bbox 520 4605 2110 4675">
    <p class='ocr_par' dir='ltr' id='par_1_78' title="bbox 520 4605 2110 4675">
     <span class='ocr_line' id='line_1_80' title="bbox 520 4605 2110 4675; baseline -0.001 -15"><span class='ocrx_word' id='word_1_573' title='bbox 520 4607 746 4675; x_wconf 83' lang='lat' dir='ltr'><strong>adjecit,</strong></span> <span class='ocrx_word' id='word_1_574' title='bbox 768 4607 862 4659; x_wconf 80' lang='lat' dir='ltr'><strong>Sed</strong></span> <span class='ocrx_word' id='word_1_575' title='bbox 889 4621 955 4659; x_wconf 78' lang='lat' dir='ltr'><strong>ex</strong></span> <span class='ocrx_word' id='word_1_576' title='bbox 981 4605 1162 4673; x_wconf 88' lang='lat' dir='ltr'><strong>aliquo</strong></span> <span class='ocrx_word' id='word_1_577' title='bbox 1189 4605 1490 4670; x_wconf 77' lang='lat' dir='ltr'><strong>exemplari</strong></span> <span class='ocrx_word' id='word_1_578' title='bbox 1516 4621 1614 4658; x_wconf 90' lang='lat' dir='ltr'><strong>suo</strong></span> <span class='ocrx_word' id='word_1_579' title='bbox 1641 4623 1740 4660; x_wconf 88' lang='lat' dir='ltr'><strong>ms.</strong></span> <span class='ocrx_word' id='word_1_580' title='bbox 1791 4606 1854 4659; x_wconf 88' lang='lat' dir='ltr'><strong>ad</strong></span> <span class='ocrx_word' id='word_1_581' title='bbox 1899 4605 2110 4660; x_wconf 82' lang='lat' dir='ltr'><strong>Lucen-</strong></span> 
     </span>
    </p>
   </div>
   <div class='ocr_carea' id='block_1_79' title="bbox 517 4675 2107 4745">
    <p class='ocr_par' dir='ltr' id='par_1_79' title="bbox 517 4675 2107 4745">
     <span class='ocr_line' id='line_1_81' title="bbox 517 4675 2107 4745; baseline 0 -14"><span class='ocrx_word' id='word_1_582' title='bbox 517 4681 599 4732; x_wconf 81' lang='lat' dir='ltr'><strong>sis</strong></span> <span class='ocrx_word' id='word_1_583' title='bbox 632 4679 802 4732; x_wconf 89' lang='lat' dir='ltr'><strong>instar</strong></span> <span class='ocrx_word' id='word_1_584' title='bbox 829 4675 1060 4744; x_wconf 80' lang='lat' dir='ltr'><strong>excepit.</strong></span> <span class='ocrx_word' id='word_1_585' title='bbox 1105 4675 1239 4729; x_wconf 80' lang='lat' dir='ltr'><strong>Rem</strong></span> <span class='ocrx_word' id='word_1_586' title='bbox 1278 4676 1446 4745; x_wconf 88' lang='lat' dir='ltr'><strong>ipsam</strong></span> <span class='ocrx_word' id='word_1_587' title='bbox 1471 4677 1613 4745; x_wconf 88' lang='lat' dir='ltr'><strong>quod</strong></span> <span class='ocrx_word' id='word_1_588' title='bbox 1643 4687 1867 4745; x_wconf 82' lang='lat' dir='ltr'><strong>spectat,</strong></span> <span class='ocrx_word' id='word_1_589' title='bbox 1892 4679 2107 4732; x_wconf 84' lang='lat' dir='ltr'><strong>Diocle-</strong></span> 
     </span>
    </p>
   </div>
   <div class='ocr_carea' id='block_1_80' title="bbox 523 4745 2102 4804">
    <p class='ocr_par' dir='ltr' id='par_1_80' title="bbox 523 4745 2102 4804">
     <span class='ocr_line' id='line_1_82' title="bbox 523 4745 2102 4804; baseline 0.001 -2"><span class='ocrx_word' id='word_1_590' title='bbox 523 4751 720 4804; x_wconf 79' lang='lat' dir='ltr'><strong>tianca:</strong></span> <span class='ocrx_word' id='word_1_591' title='bbox 745 4751 990 4804; x_wconf 90' lang='lat' dir='ltr'><strong>omnium</strong></span> <span class='ocrx_word' id='word_1_592' title='bbox 1020 4745 1336 4800; x_wconf 58' lang='grc' dir='ltr'><strong>εωνὶδμίηιιυ</strong></span> <span class='ocrx_word' id='word_1_593' title='bbox 1393 4748 1604 4802; x_wconf 82' lang='lat' dir='ltr'><strong>initium</strong></span> <span class='ocrx_word' id='word_1_594' title='bbox 1658 4749 1970 4803; x_wconf 87' lang='lat' dir='ltr'><strong>Lactantius</strong></span> <span class='ocrx_word' id='word_1_595' title='bbox 2012 4751 2102 4804; x_wconf 87' lang='lat' dir='ltr'><strong>lib.</strong></span> 
     </span>
    </p>
   </div>
   <div class='ocr_carea' id='block_1_81' title="bbox 2215 3463 3808 3532">
    <p class='ocr_par' dir='ltr' id='par_1_81' title="bbox 2215 3463 3808 3532">
     <span class='ocr_line' id='line_1_83' title="bbox 2215 3463 3808 3532; baseline -0.001 -16"><span class='ocrx_word' id='word_1_596' title='bbox 2215 3463 2550 3530; x_wconf 78' lang='lat' dir='ltr'><strong>temporibus</strong></span> <span class='ocrx_word' id='word_1_597' title='bbox 2573 3473 2781 3529; x_wconf 89' lang='lat' dir='ltr'><strong>peccet,</strong></span> <span class='ocrx_word' id='word_1_598' title='bbox 2805 3475 2915 3517; x_wconf 89' lang='lat' dir='ltr'><strong>tum</strong></span> <span class='ocrx_word' id='word_1_599' title='bbox 2940 3463 3142 3518; x_wconf 77' lang='lat' dir='ltr'><strong>fallitur</strong></span> <span class='ocrx_word' id='word_1_600' title='bbox 3167 3469 3219 3518; x_wconf 90' lang='lat' dir='ltr'><strong>in</strong></span> <span class='ocrx_word' id='word_1_601' title='bbox 3237 3481 3301 3518; x_wconf 90' lang='lat' dir='ltr'><strong>eo</strong></span> <span class='ocrx_word' id='word_1_602' title='bbox 3325 3463 3634 3532; x_wconf 88' lang='lat' dir='ltr'><strong>splendide,</strong></span> <span class='ocrx_word' id='word_1_603' title='bbox 3658 3463 3808 3532; x_wconf 86' lang='lat' dir='ltr'><strong>quod</strong></span> 
     </span>
    </p>
   </div>
   <div class='ocr_carea' id='block_1_82' title="bbox 2211 3534 3807 3606">
    <p class='ocr_par' dir='ltr' id='par_1_82' title="bbox 2211 3534 3807 3606">
     <span class='ocr_line' id='line_1_84' title="bbox 2211 3534 3807 3606; baseline -0.001 -19"><span class='ocrx_word' id='word_1_604' title='bbox 2211 3536 2309 3596; x_wconf 89' lang='lat' dir='ltr'><strong>ait,</strong></span> <span class='ocrx_word' id='word_1_605' title='bbox 2361 3534 2473 3587; x_wconf 90' lang='lat' dir='ltr'><strong>lieri</strong></span> <span class='ocrx_word' id='word_1_606' title='bbox 2508 3534 2730 3590; x_wconf 89' lang='lat' dir='ltr'><strong>minime</strong></span> <span class='ocrx_word' id='word_1_607' title='bbox 2753 3534 3015 3606; x_wconf 84' lang='lat' dir='ltr'><strong>pomisse,</strong></span> <span class='ocrx_word' id='word_1_608' title='bbox 3038 3545 3099 3590; x_wconf 91' lang='lat' dir='ltr'><strong>ut</strong></span> <span class='ocrx_word' id='word_1_609' title='bbox 3129 3544 3250 3603; x_wconf 92' lang='lat' dir='ltr'><strong>post</strong></span> <span class='ocrx_word' id='word_1_610' title='bbox 3274 3535 3576 3603; x_wconf 72' lang='lat' dir='ltr'><strong>depositam</strong></span> <span class='ocrx_word' id='word_1_611' title='bbox 3603 3549 3807 3603; x_wconf 81' lang='lat' dir='ltr'><strong>purpu-</strong></span> 
     </span>
    </p>
   </div>
   <div class='ocr_carea' id='block_1_83' title="bbox 2213 3606 3809 3677">
    <p class='ocr_par' dir='ltr' id='par_1_83' title="bbox 2213 3606 3809 3677">
     <span class='ocr_line' id='line_1_85' title="bbox 2213 3606 3809 3677; baseline 0.001 -18"><span class='ocrx_word' id='word_1_612' title='bbox 2213 3621 2327 3659; x_wconf 89' lang='lat' dir='ltr'><strong>ram</strong></span> <span class='ocrx_word' id='word_1_613' title='bbox 2375 3606 2643 3661; x_wconf 89' lang='lat' dir='ltr'><strong>decimum</strong></span> <span class='ocrx_word' id='word_1_614' title='bbox 2716 3608 3057 3662; x_wconf 90' lang='lat' dir='ltr'><strong>consulatum</strong></span> <span class='ocrx_word' id='word_1_615' title='bbox 3127 3620 3342 3677; x_wconf 86' lang='lat' dir='ltr'><strong>gereret</strong></span> <span class='ocrx_word' id='word_1_616' title='bbox 3400 3607 3809 3670; x_wconf 85' lang='lat' dir='ltr'><strong>Diocletianus;</strong></span> 
     </span>
    </p>
   </div>
   <div class='ocr_carea' id='block_1_84' title="bbox 2211 3677 3813 3747">
    <p class='ocr_par' dir='ltr' id='par_1_84' title="bbox 2211 3677 3813 3747">
     <span class='ocr_line' id='line_1_86' title="bbox 2211 3677 3813 3747; baseline 0.002 -18"><span class='ocrx_word' id='word_1_617' title='bbox 2211 3693 2370 3746; x_wconf 88' lang='lat' dir='ltr'><strong>quem</strong></span> <span class='ocrx_word' id='word_1_618' title='bbox 2397 3692 2520 3732; x_wconf 90' lang='lat' dir='ltr'><strong>cum</strong></span> <span class='ocrx_word' id='word_1_619' title='bbox 2550 3685 2700 3732; x_wconf 84' lang='lat' dir='ltr'><strong>certo</strong></span> <span class='ocrx_word' id='word_1_620' title='bbox 2731 3687 2941 3732; x_wconf 88' lang='lat' dir='ltr'><strong>constet</strong></span> <span class='ocrx_word' id='word_1_621' title='bbox 2965 3679 3220 3747; x_wconf 78' lang='lat' dir='ltr'><strong>gessisse,</strong></span> <span class='ocrx_word' id='word_1_622' title='bbox 3254 3694 3376 3732; x_wconf 90' lang='lat' dir='ltr'><strong>eum</strong></span> <span class='ocrx_word' id='word_1_623' title='bbox 3401 3693 3521 3732; x_wconf 92' lang='lat' dir='ltr'><strong>cum</strong></span> <span class='ocrx_word' id='word_1_624' title='bbox 3546 3677 3813 3732; x_wconf 87' lang='lat' dir='ltr'><strong>vicesimo</strong></span> 
     </span>
    </p>
   </div>
   <div class='ocr_carea' id='block_1_85' title="bbox 2212 3747 3810 3820">
    <p class='ocr_par' dir='ltr' id='par_1_85' title="bbox 2212 3747 3810 3820">
     <span class='ocr_line' id='line_1_87' title="bbox 2212 3747 3810 3820; baseline -0.001 -17"><span class='ocrx_word' id='word_1_625' title='bbox 2212 3747 2425 3817; x_wconf 91' lang='lat' dir='ltr'><strong>imperii</strong></span> <span class='ocrx_word' id='word_1_626' title='bbox 2457 3748 2596 3802; x_wconf 88' lang='lat' dir='ltr'><strong>illius</strong></span> <span class='ocrx_word' id='word_1_627' title='bbox 2629 3763 2770 3804; x_wconf 88' lang='lat' dir='ltr'><strong>anno</strong></span> <span class='ocrx_word' id='word_1_628' title='bbox 2790 3759 3089 3815; x_wconf 88' lang='lat' dir='ltr'><strong>comparat,</strong></span> <span class='ocrx_word' id='word_1_629' title='bbox 3141 3767 3248 3820; x_wconf 91' lang='lat' dir='ltr'><strong>quo</strong></span> <span class='ocrx_word' id='word_1_630' title='bbox 3274 3750 3477 3804; x_wconf 91' lang='lat' dir='ltr'><strong>dicitur</strong></span> <span class='ocrx_word' id='word_1_631' title='bbox 3535 3764 3593 3804; x_wconf 90' lang='lat' dir='ltr'><strong>se</strong></span> <span class='ocrx_word' id='word_1_632' title='bbox 3643 3749 3810 3820; x_wconf 85' lang='lat' dir='ltr'><strong>rebus</strong></span> 
     </span>
    </p>
   </div>
   <div class='ocr_carea' id='block_1_86' title="bbox 2213 3819 3811 3891">
    <p class='ocr_par' dir='ltr' id='par_1_86' title="bbox 2213 3819 3811 3891">
     <span class='ocr_line' id='line_1_88' title="bbox 2213 3819 3811 3891; baseline 0.001 -19"><span class='ocrx_word' id='word_1_633' title='bbox 2213 3821 2496 3874; x_wconf 86' lang='lat' dir='ltr'><strong>abdicasse</strong></span> <span class='ocrx_word' id='word_1_634' title='bbox 2530 3838 2543 3872; x_wconf 90' lang='lat'>:</span> <span class='ocrx_word' id='word_1_635' title='bbox 2603 3829 2860 3890; x_wconf 87' lang='lat' dir='ltr'><strong>tantoque</strong></span> <span class='ocrx_word' id='word_1_636' title='bbox 2885 3820 3046 3875; x_wconf 87' lang='lat' dir='ltr'><strong>altius</strong></span> <span class='ocrx_word' id='word_1_637' title='bbox 3070 3819 3267 3891; x_wconf 82' lang='lat' dir='ltr'><strong>repetit</strong></span> <span class='ocrx_word' id='word_1_638' title='bbox 3305 3819 3521 3891; x_wconf 89' lang='lat' dir='ltr'><strong>imperii</strong></span> <span class='ocrx_word' id='word_1_639' title='bbox 3547 3821 3668 3889; x_wconf 89' lang='lat' dir='ltr'><strong>ejus</strong></span> <span class='ocrx_word' id='word_1_640' title='bbox 3701 3819 3811 3874; x_wconf 86' lang='lat' dir='ltr'><strong>ini-</strong></span> 
     </span>
    </p>
   </div>
   <div class='ocr_carea' id='block_1_87' title="bbox 2215 3891 3812 3961">
    <p class='ocr_par' dir='ltr' id='par_1_87' title="bbox 2215 3891 3812 3961">
     <span class='ocr_line' id='line_1_89' title="bbox 2215 3891 3812 3961; baseline 0.001 -17"><span class='ocrx_word' id='word_1_641' title='bbox 2215 3892 2288 3946; x_wconf 85' lang='lat' dir='ltr'><strong>tia</strong></span> <span class='ocrx_word' id='word_1_642' title='bbox 2308 3935 2321 3957; x_wconf 89' lang='lat'><strong>,</strong></span> <span class='ocrx_word' id='word_1_643' title='bbox 2345 3907 2443 3948; x_wconf 90' lang='lat' dir='ltr'><strong>seu</strong></span> <span class='ocrx_word' id='word_1_644' title='bbox 2475 3893 2653 3961; x_wconf 86' lang='lat' dir='ltr'><strong>potius</strong></span> <span class='ocrx_word' id='word_1_645' title='bbox 2685 3908 2866 3946; x_wconf 87' lang='lat' dir='ltr'><strong>rerum</strong></span> <span class='ocrx_word' id='word_1_646' title='bbox 2911 3895 3111 3948; x_wconf 91' lang='lat' dir='ltr'><strong>seriem</strong></span> <span class='ocrx_word' id='word_1_647' title='bbox 3167 3903 3332 3947; x_wconf 88' lang='lat' dir='ltr'><strong>totam</strong></span> <span class='ocrx_word' id='word_1_648' title='bbox 3377 3893 3674 3960; x_wconf 74' lang='lat' dir='ltr'><strong>pnevertit.</strong></span> <span class='ocrx_word' id='word_1_649' title='bbox 3701 3891 3812 3947; x_wconf 90' lang='lat' dir='ltr'><strong>0b-</strong></span> 
     </span>
    </p>
   </div>
   <div class='ocr_carea' id='block_1_88' title="bbox 2213 3963 3809 4033">
    <p class='ocr_par' dir='ltr' id='par_1_88' title="bbox 2213 3963 3809 4033">
     <span class='ocr_line' id='line_1_90' title="bbox 2213 3963 3809 4033; baseline -0.001 -16"><span class='ocrx_word' id='word_1_650' title='bbox 2213 3974 2356 4018; x_wconf 85' lang='lat' dir='ltr'><strong>stant</strong></span> <span class='ocrx_word' id='word_1_651' title='bbox 2406 3965 2688 4018; x_wconf 88' lang='lat' dir='ltr'><strong>enimvero</strong></span> <span class='ocrx_word' id='word_1_652' title='bbox 2735 3973 2976 4019; x_wconf 85' lang='lat' dir='ltr'><strong>veterum</strong></span> <span class='ocrx_word' id='word_1_653' title='bbox 3023 3965 3356 4019; x_wconf 89' lang='lat' dir='ltr'><strong>monimenta</strong></span> <span class='ocrx_word' id='word_1_654' title='bbox 3411 3963 3630 4027; x_wconf 89' lang='lat' dir='ltr'><strong>omnia,</strong></span> <span class='ocrx_word' id='word_1_655' title='bbox 3685 3977 3809 4033; x_wconf 72' lang='lat' dir='ltr'><strong>qua:</strong></span> 
     </span>
    </p>
   </div>
   <div class='ocr_carea' id='block_1_89' title="bbox 2215 4033 3810 4104">
    <p class='ocr_par' dir='ltr' id='par_1_89' title="bbox 2215 4033 3810 4104">
     <span class='ocr_line' id='line_1_91' title="bbox 2215 4033 3810 4104; baseline 0 -16"><span class='ocrx_word' id='word_1_656' title='bbox 2215 4035 2454 4090; x_wconf 88' lang='lat' dir='ltr'><strong>triennio</strong></span> <span class='ocrx_word' id='word_1_657' title='bbox 2483 4046 2604 4104; x_wconf 91' lang='lat' dir='ltr'><strong>post</strong></span> <span class='ocrx_word' id='word_1_658' title='bbox 2632 4035 2942 4090; x_wconf 78' lang='lat' dir='ltr'><strong>abdicatura</strong></span> <span class='ocrx_word' id='word_1_659' title='bbox 2973 4034 3284 4104; x_wconf 88' lang='lat' dir='ltr'><strong>imperiunt,</strong></span> <span class='ocrx_word' id='word_1_660' title='bbox 3320 4036 3658 4090; x_wconf 88' lang='lat' dir='ltr'><strong>consulatqu</strong></span> <span class='ocrx_word' id='word_1_661' title='bbox 3688 4033 3810 4104; x_wconf 83' lang='lat' dir='ltr'><strong>ejus</strong></span> 
     </span>
    </p>
   </div>
   <div class='ocr_carea' id='block_1_90' title="bbox 2214 4105 3806 4176">
    <p class='ocr_par' dir='ltr' id='par_1_90' title="bbox 2214 4105 3806 4176">
     <span class='ocr_line' id='line_1_92' title="bbox 2214 4105 3806 4176; baseline -0.001 -16"><span class='ocrx_word' id='word_1_662' title='bbox 2214 4108 2490 4160; x_wconf 86' lang='lat' dir='ltr'><strong>decimum</strong></span> <span class='ocrx_word' id='word_1_663' title='bbox 2519 4116 2729 4160; x_wconf 86' lang='lat' dir='ltr'><strong>notant.</strong></span> <span class='ocrx_word' id='word_1_664' title='bbox 2789 4107 2907 4172; x_wconf 83' lang='lat' dir='ltr'><strong>Quo</strong></span> <span class='ocrx_word' id='word_1_665' title='bbox 2928 4118 3108 4161; x_wconf 89' lang='lat' dir='ltr'><strong>autem</strong></span> <span class='ocrx_word' id='word_1_666' title='bbox 3135 4122 3278 4160; x_wconf 87' lang='lat' dir='ltr'><strong>anno</strong></span> <span class='ocrx_word' id='word_1_667' title='bbox 3311 4121 3602 4176; x_wconf 87' lang='lat' dir='ltr'><strong>purpuram</strong></span> <span class='ocrx_word' id='word_1_668' title='bbox 3634 4105 3806 4170; x_wconf 81' lang='lat' dir='ltr'><strong>exuit,</strong></span> 
     </span>
    </p>
   </div>
   <div class='ocr_carea' id='block_1_91' title="bbox 2216 4175 3810 4246">
    <p class='ocr_par' dir='ltr' id='par_1_91' title="bbox 2216 4175 3810 4246">
     <span class='ocr_line' id='line_1_93' title="bbox 2216 4175 3810 4246; baseline 0.001 -17"><span class='ocrx_word' id='word_1_669' title='bbox 2216 4179 2470 4233; x_wconf 68' lang='lat' dir='ltr'><strong>consules</strong></span> <span class='ocrx_word' id='word_1_670' title='bbox 2502 4177 2747 4246; x_wconf 88' lang='lat' dir='ltr'><strong>quintum</strong></span> <span class='ocrx_word' id='word_1_671' title='bbox 2781 4178 2951 4233; x_wconf 80' lang='lat' dir='ltr'><strong>fuisse</strong></span> <span class='ocrx_word' id='word_1_672' title='bbox 2984 4178 3390 4242; x_wconf 89' lang='lat' dir='ltr'><strong>Constantium,</strong></span> <span class='ocrx_word' id='word_1_673' title='bbox 3418 4175 3502 4232; x_wconf 15' lang='lat' dir='ltr'><strong>iet</strong></span> <span class='ocrx_word' id='word_1_674' title='bbox 3530 4175 3810 4232; x_wconf 81' lang='lat' dir='ltr'><strong>Valerium</strong></span> 
     </span>
    </p>
   </div>
   <div class='ocr_carea' id='block_1_92' title="bbox 2214 4247 3813 4319">
    <p class='ocr_par' dir='ltr' id='par_1_92' title="bbox 2214 4247 3813 4319">
     <span class='ocr_line' id='line_1_94' title="bbox 2214 4247 3813 4319; baseline -0.002 -15"><span class='ocrx_word' id='word_1_675' title='bbox 2214 4249 2603 4304; x_wconf 81' lang='lat' dir='ltr'><strong>Maximianum</strong></span> <span class='ocrx_word' id='word_1_676' title='bbox 2635 4249 2904 4314; x_wconf 63' lang='lat' dir='ltr'><strong>Caesares,</strong></span> <span class='ocrx_word' id='word_1_677' title='bbox 2947 4250 3066 4319; x_wconf 88' lang='lat' dir='ltr'><strong>pari</strong></span> <span class='ocrx_word' id='word_1_678' title='bbox 3089 4266 3282 4305; x_wconf 90' lang='lat' dir='ltr'><strong>omnes</strong></span> <span class='ocrx_word' id='word_1_679' title='bbox 3312 4265 3585 4304; x_wconf 79' lang='lat' dir='ltr'><strong>rouseusu</strong></span> <span class='ocrx_word' id='word_1_680' title='bbox 3614 4247 3813 4303; x_wconf 85' lang='lat' dir='ltr'><strong>Fasto-</strong></span> 
     </span>
    </p>
   </div>
   <div class='ocr_carea' id='block_1_93' title="bbox 2216 4319 3808 4389">
    <p class='ocr_par' dir='ltr' id='par_1_93' title="bbox 2216 4319 3808 4389">
     <span class='ocr_line' id='line_1_95' title="bbox 2216 4319 3808 4389; baseline 0 -16"><span class='ocrx_word' id='word_1_681' title='bbox 2216 4337 2334 4375; x_wconf 87' lang='lat' dir='ltr'><strong>rtutt</strong></span> <span class='ocrx_word' id='word_1_682' title='bbox 2377 4319 2716 4383; x_wconf 89' lang='lat' dir='ltr'><strong>conditores.</strong></span> <span class='ocrx_word' id='word_1_683' title='bbox 2745 4319 3056 4376; x_wconf 91' lang='lat' dir='ltr'><strong>Chronicon</strong></span> <span class='ocrx_word' id='word_1_684' title='bbox 3089 4321 3373 4385; x_wconf 87' lang='lat' dir='ltr'><strong>Paschale,</strong></span> <span class='ocrx_word' id='word_1_685' title='bbox 3420 4319 3808 4389; x_wconf 84' lang='lat' dir='ltr'><strong>Cassiodorus,</strong></span> 
     </span>
    </p>
   </div>
   <div class='ocr_carea' id='block_1_94' title="bbox 2215 4391 3806 4464">
    <p class='ocr_par' dir='ltr' id='par_1_94' title="bbox 2215 4391 3806 4464">
     <span class='ocr_line' id='line_1_96' title="bbox 2215 4391 3806 4464; baseline 0 -18"><span class='ocrx_word' id='word_1_686' title='bbox 2215 4391 2434 4454; x_wconf 84' lang='lat' dir='ltr'><strong>ldatius.</strong></span> <span class='ocrx_word' id='word_1_687' title='bbox 2467 4392 2718 4462; x_wconf 83' lang='lat' dir='ltr'><strong>Prosper,</strong></span> <span class='ocrx_word' id='word_1_688' title='bbox 2749 4395 3066 4464; x_wconf 85' lang='lat' dir='ltr'><strong>Anonymns</strong></span> <span class='ocrx_word' id='word_1_689' title='bbox 3104 4393 3172 4449; x_wconf 88' lang='lat' dir='ltr'><strong>de</strong></span> <span class='ocrx_word' id='word_1_690' title='bbox 3202 4393 3455 4448; x_wconf 77' lang='lat' dir='ltr'><strong>Prml&#39;ect.</strong></span> <span class='ocrx_word' id='word_1_691' title='bbox 3506 4401 3562 4448; x_wconf 88' lang='lat' dir='ltr'><strong>et</strong></span> <span class='ocrx_word' id='word_1_692' title='bbox 3594 4391 3806 4446; x_wconf 84' lang='lat' dir='ltr'><strong>Bucbe-</strong></span> 
     </span>
    </p>
   </div>
   <div class='ocr_carea' id='block_1_95' title="bbox 2213 4464 3810 4534">
    <p class='ocr_par' dir='ltr' id='par_1_95' title="bbox 2213 4464 3810 4534">
     <span class='ocr_line' id='line_1_97' title="bbox 2213 4464 3810 4534; baseline 0.001 -17"><span class='ocrx_word' id='word_1_693' title='bbox 2213 4465 2278 4517; x_wconf 89' lang='lat' dir='ltr'><strong>rii</strong></span> <span class='ocrx_word' id='word_1_694' title='bbox 2308 4464 2712 4531; x_wconf 80' lang='lat' dir='ltr'><strong>Fragmentum.</strong></span> <span class='ocrx_word' id='word_1_695' title='bbox 2749 4465 2871 4518; x_wconf 90' lang='lat' dir='ltr'><strong>etsi</strong></span> <span class='ocrx_word' id='word_1_696' title='bbox 2908 4464 2998 4534; x_wconf 89' lang='lat' dir='ltr'><strong>qui</strong></span> <span class='ocrx_word' id='word_1_697' title='bbox 3054 4465 3322 4530; x_wconf 85' lang='lat' dir='ltr'><strong>ejusmodi</strong></span> <span class='ocrx_word' id='word_1_698' title='bbox 3380 4473 3506 4518; x_wconf 88' lang='lat' dir='ltr'><strong>sttnt</strong></span> <span class='ocrx_word' id='word_1_699' title='bbox 3553 4470 3810 4519; x_wconf 85' lang='lat' dir='ltr'><strong>auctores</strong></span> 
     </span>
    </p>
   </div>
   <div class='ocr_carea' id='block_1_96' title="bbox 2214 4535 3805 4605">
    <p class='ocr_par' dir='ltr' id='par_1_96' title="bbox 2214 4535 3805 4605">
     <span class='ocr_line' id='line_1_98' title="bbox 2214 4535 3805 4605; baseline 0 -18"><span class='ocrx_word' id='word_1_700' title='bbox 2214 4537 2325 4603; x_wconf 87' lang='lat' dir='ltr'><strong>alii,</strong></span> <span class='ocrx_word' id='word_1_701' title='bbox 2353 4545 2646 4590; x_wconf 73' lang='lat' dir='ltr'><strong>tcsutntur.</strong></span> <span class='ocrx_word' id='word_1_702' title='bbox 2682 4535 2912 4589; x_wconf 86' lang='lat' dir='ltr'><strong>Tantum</strong></span> <span class='ocrx_word' id='word_1_703' title='bbox 2936 4535 3174 4605; x_wconf 82' lang='lat' dir='ltr'><strong>denique</strong></span> <span class='ocrx_word' id='word_1_704' title='bbox 3195 4537 3371 4597; x_wconf 88' lang='lat' dir='ltr'><strong>abest,</strong></span> <span class='ocrx_word' id='word_1_705' title='bbox 3438 4544 3495 4590; x_wconf 92' lang='lat' dir='ltr'><strong>ut</strong></span> <span class='ocrx_word' id='word_1_706' title='bbox 3534 4536 3805 4590; x_wconf 89' lang='lat' dir='ltr'><strong>decimum</strong></span> 
     </span>
    </p>
   </div>
   <div class='ocr_carea' id='block_1_97' title="bbox 2213 4607 3808 4675">
    <p class='ocr_par' dir='ltr' id='par_1_97' title="bbox 2213 4607 3808 4675">
     <span class='ocr_line' id='line_1_99' title="bbox 2213 4607 3808 4675; baseline -0.001 -14"><span class='ocrx_word' id='word_1_707' title='bbox 2213 4611 2554 4662; x_wconf 86' lang='lat' dir='ltr'><strong>consulatum</strong></span> <span class='ocrx_word' id='word_1_708' title='bbox 2575 4619 2698 4660; x_wconf 82' lang='lat' dir='ltr'><strong>tunc</strong></span> <span class='ocrx_word' id='word_1_709' title='bbox 2724 4607 2955 4675; x_wconf 88' lang='lat' dir='ltr'><strong>gesserit</strong></span> <span class='ocrx_word' id='word_1_710' title='bbox 2986 4607 3370 4675; x_wconf 85' lang='lat' dir='ltr'><strong>Diocletianus,</strong></span> <span class='ocrx_word' id='word_1_711' title='bbox 3415 4617 3473 4662; x_wconf 90' lang='lat' dir='ltr'><strong>ttt</strong></span> <span class='ocrx_word' id='word_1_712' title='bbox 3502 4607 3593 4660; x_wconf 89' lang='lat' dir='ltr'><strong>ille</strong></span> <span class='ocrx_word' id='word_1_713' title='bbox 3629 4620 3808 4660; x_wconf 88' lang='lat' dir='ltr'><strong>annus</strong></span> 
     </span>
    </p>
   </div>
   <div class='ocr_carea' id='block_1_98' title="bbox 2214 4676 3807 4743">
    <p class='ocr_par' dir='ltr' id='par_1_98' title="bbox 2214 4676 3807 4743">
     <span class='ocr_line' id='line_1_100' title="bbox 2214 4676 3807 4743; baseline -0.001 -12"><span class='ocrx_word' id='word_1_714' title='bbox 2214 4678 2266 4731; x_wconf 92' lang='lat' dir='ltr'><strong>in</strong></span> <span class='ocrx_word' id='word_1_715' title='bbox 2297 4679 2432 4733; x_wconf 88' lang='lat' dir='ltr'><strong>actis</strong></span> <span class='ocrx_word' id='word_1_716' title='bbox 2457 4679 2670 4732; x_wconf 78' lang='lat' dir='ltr'><strong>concilii</strong></span> <span class='ocrx_word' id='word_1_717' title='bbox 2701 4678 2968 4733; x_wconf 83' lang='lat' dir='ltr'><strong>Cirtensis</strong></span> <span class='ocrx_word' id='word_1_718' title='bbox 2997 4677 3360 4743; x_wconf 90' lang='lat' dir='ltr'><strong>describatur,</strong></span> <span class='ocrx_word' id='word_1_719' title='bbox 3412 4676 3538 4732; x_wconf 88' lang='lat' dir='ltr'><strong>Post</strong></span> <span class='ocrx_word' id='word_1_720' title='bbox 3562 4677 3807 4731; x_wconf 85' lang='lat' dir='ltr'><strong>consula-</strong></span> 
     </span>
    </p>
   </div>
   <div class='ocr_carea' id='block_1_99' title="bbox 2215 4747 3806 4816">
    <p class='ocr_par' dir='ltr' id='par_1_99' title="bbox 2215 4747 3806 4816">
     <span class='ocr_line' id='line_1_101' title="bbox 2215 4747 3806 4816; baseline 0.001 -13"><span class='ocrx_word' id='word_1_721' title='bbox 2215 4760 2322 4804; x_wconf 86' lang='lat' dir='ltr'><strong>tum</strong></span> <span class='ocrx_word' id='word_1_722' title='bbox 2348 4749 2663 4804; x_wconf 80' lang='lat' dir='ltr'><strong>Diocletiani</strong></span> <span class='ocrx_word' id='word_1_723' title='bbox 2695 4767 2743 4804; x_wconf 68' lang='grc' dir='ltr'><strong>ιχ</strong></span> <span class='ocrx_word' id='word_1_724' title='bbox 2769 4762 2813 4803; x_wconf 87' lang='lat' dir='ltr'><strong>et</strong></span> <span class='ocrx_word' id='word_1_725' title='bbox 2859 4747 3166 4803; x_wconf 64' lang='lat' dir='ltr'><strong>Maximiani</strong></span> <span class='ocrx_word' id='word_1_726' title='bbox 3212 4765 3328 4804; x_wconf 81' lang='lat' dir='ltr'><strong>vui.</strong></span> <span class='ocrx_word' id='word_1_727' title='bbox 3388 4750 3523 4816; x_wconf 74' lang='lat' dir='ltr'><strong>Qua:</strong></span> <span class='ocrx_word' id='word_1_728' title='bbox 3580 4749 3806 4812; x_wconf 80' lang='lat' dir='ltr'><strong>proinde</strong></span> 
     </span>
    </p>
   </div>
   <div class='ocr_carea' id='block_1_100' title="bbox 520 4815 3802 4888">
    <p class='ocr_par' dir='ltr' id='par_1_100' title="bbox 520 4815 3802 4888">
     <span class='ocr_line' id='line_1_102' title="bbox 520 4815 3802 4888; baseline 0.001 -16"><span class='ocrx_word' id='word_1_729' title='bbox 520 4821 589 4875; x_wconf 88' lang='lat' dir='ltr'><strong>de</strong></span> <span class='ocrx_word' id='word_1_730' title='bbox 633 4822 846 4876; x_wconf 69' lang='lat' dir='ltr'><strong>Illortib.</strong></span> <span class='ocrx_word' id='word_1_731' title='bbox 892 4821 1231 4875; x_wconf 89' lang='lat' dir='ltr'><strong>Persecutor.</strong></span> <span class='ocrx_word' id='word_1_732' title='bbox 1273 4834 1396 4888; x_wconf 89' lang='lat' dir='ltr'><strong>cap.</strong></span> <span class='ocrx_word' id='word_1_733' title='bbox 1448 4818 1514 4872; x_wconf 75' lang='grc'><strong>12</strong></span> <span class='ocrx_word' id='word_1_734' title='bbox 1544 4819 1843 4883; x_wconf 83' lang='lat' dir='ltr'><strong>denotavit,</strong></span> <span class='ocrx_word' id='word_1_735' title='bbox 1883 4830 1939 4872; x_wconf 92' lang='lat' dir='ltr'><strong>ut</strong></span> <span class='ocrx_word' id='word_1_736' title='bbox 1981 4820 2110 4875; x_wconf 89' lang='lat' dir='ltr'><strong>nihil</strong></span> <span class='ocrx_word' id='word_1_737' title='bbox 2139 4815 2185 4878; x_wconf 91' lang='lat' dir='ltr'><strong>C</strong></span> <span class='ocrx_word' id='word_1_738' title='bbox 2220 4823 2458 4876; x_wconf 87' lang='lat' dir='ltr'><strong>tnttltain</strong></span> <span class='ocrx_word' id='word_1_739' title='bbox 2489 4837 2607 4875; x_wconf 91' lang='lat' dir='ltr'><strong>eam</strong></span> <span class='ocrx_word' id='word_1_740' title='bbox 2639 4839 2751 4876; x_wconf 88' lang='lat' dir='ltr'><strong>rem</strong></span> <span class='ocrx_word' id='word_1_741' title='bbox 2795 4825 2875 4875; x_wconf 86' lang='lat' dir='ltr'><strong>vir</strong></span> <span class='ocrx_word' id='word_1_742' title='bbox 2923 4831 3116 4876; x_wconf 72' lang='lat' dir='ltr'><strong>caetera</strong></span> <span class='ocrx_word' id='word_1_743' title='bbox 3157 4815 3511 4876; x_wconf 84' lang='lat' dir='ltr'><strong>doctissimus</strong></span> <span class='ocrx_word' id='word_1_744' title='bbox 3559 4821 3802 4885; x_wconf 86' lang='lat' dir='ltr'><strong>disserit,</strong></span> 
     </span>
    </p>
   </div>
   <div class='ocr_carea' id='block_1_101' title="bbox 520 4890 2110 4962">
    <p class='ocr_par' dir='ltr' id='par_1_101' title="bbox 520 4890 2110 4962">
     <span class='ocr_line' id='line_1_103' title="bbox 520 4890 2110 4962; baseline -0.002 -16"><span class='ocrx_word' id='word_1_745' title='bbox 520 4896 830 4948; x_wconf 84' lang='lat' dir='ltr'><strong>accuratius</strong></span> <span class='ocrx_word' id='word_1_746' title='bbox 851 4909 865 4948; x_wconf 88' lang='lat'>:</span> <span class='ocrx_word' id='word_1_747' title='bbox 890 4890 1206 4957; x_wconf 84' lang='lat' dir='ltr'><strong>Inq-ttiritur,</strong></span> <span class='ocrx_word' id='word_1_748' title='bbox 1233 4891 1426 4962; x_wconf 60' lang='lat' dir='ltr'><strong>inqttit,</strong></span> <span class='ocrx_word' id='word_1_749' title='bbox 1457 4894 1762 4962; x_wconf 74' lang='lat' dir='ltr'><strong>peragenda:</strong></span> <span class='ocrx_word' id='word_1_750' title='bbox 1787 4895 1859 4946; x_wconf 88' lang='lat' dir='ltr'><strong>rei</strong></span> <span class='ocrx_word' id='word_1_751' title='bbox 1877 4893 1985 4946; x_wconf 79' lang='lat' dir='ltr'><strong>dies</strong></span> <span class='ocrx_word' id='word_1_752' title='bbox 2012 4909 2110 4960; x_wconf 83' lang='lat' dir='ltr'><strong>ap-</strong></span> 
     </span>
    </p>
   </div>
   <div class='ocr_carea' id='block_1_102' title="bbox 520 4961 2113 5036">
    <p class='ocr_par' dir='ltr' id='par_1_102' title="bbox 520 4961 2113 5036">
     <span class='ocr_line' id='line_1_104' title="bbox 520 4961 2113 5036; baseline -0.001 -17"><span class='ocrx_word' id='word_1_753' title='bbox 520 4977 604 5019; x_wconf 82' lang='lat' dir='ltr'><strong>tus</strong></span> <span class='ocrx_word' id='word_1_754' title='bbox 634 4975 679 5019; x_wconf 77' lang='lat' dir='ltr'><strong>et</strong></span> <span class='ocrx_word' id='word_1_755' title='bbox 705 4965 852 5032; x_wconf 59' lang='lat' dir='ltr'><strong>felix,</strong></span> <span class='ocrx_word' id='word_1_756' title='bbox 880 4980 941 5016; x_wconf 88' lang='lat' dir='ltr'><strong>ac</strong></span> <span class='ocrx_word' id='word_1_757' title='bbox 963 4963 1284 5036; x_wconf 65' lang='lat' dir='ltr'><strong>potissimum</strong></span> <span class='ocrx_word' id='word_1_758' title='bbox 1311 4961 1631 5016; x_wconf 79' lang='lat' dir='ltr'><strong>Terminalia</strong></span> <span class='ocrx_word' id='word_1_759' title='bbox 1657 4965 1974 5036; x_wconf 82' lang='lat' dir='ltr'><strong>deliguntur,</strong></span> <span class='ocrx_word' id='word_1_760' title='bbox 1999 4981 2113 5035; x_wconf 73' lang='lat' dir='ltr'><strong>qum</strong></span> 
     </span>
    </p>
   </div>
   <div class='ocr_carea' id='block_1_103' title="bbox 518 5031 2109 5107">
    <p class='ocr_par' dir='ltr' id='par_1_103' title="bbox 518 5031 2109 5107">
     <span class='ocr_line' id='line_1_105' title="bbox 518 5031 2109 5107; baseline -0.001 -17"><span class='ocrx_word' id='word_1_761' title='bbox 518 5047 642 5090; x_wconf 78' lang='lat' dir='ltr'><strong>sunt</strong></span> <span class='ocrx_word' id='word_1_762' title='bbox 661 5039 729 5090; x_wconf 84' lang='lat' dir='ltr'><strong>ad</strong></span> <span class='ocrx_word' id='word_1_763' title='bbox 760 5053 829 5090; x_wconf 84' lang='lat' dir='ltr'><strong>vn</strong></span> <span class='ocrx_word' id='word_1_764' title='bbox 848 5031 1250 5107; x_wconf 73' lang='lat' dir='ltr'><strong>kalend.M_m_-t.</strong></span> <span class='ocrx_word' id='word_1_765' title='bbox 1341 5047 1393 5087; x_wconf 85' lang='lat' dir='ltr'><strong>ut</strong></span> <span class='ocrx_word' id='word_1_766' title='bbox 1416 5035 1565 5105; x_wconf 74' lang='lat' dir='ltr'><strong>quasi</strong></span> <span class='ocrx_word' id='word_1_767' title='bbox 1597 5031 1847 5107; x_wconf 74' lang='lat' dir='ltr'><strong>terminus</strong></span> <span class='ocrx_word' id='word_1_768' title='bbox 1877 5031 2109 5107; x_wconf 75' lang='lat' dir='ltr'><strong>impone-</strong></span> 
     </span>
    </p>
   </div>
   <div class='ocr_carea' id='block_1_104' title="bbox 523 5102 2114 5178">
    <p class='ocr_par' dir='ltr' id='par_1_104' title="bbox 523 5102 2114 5178">
     <span class='ocr_line' id='line_1_106' title="bbox 523 5102 2114 5178; baseline 0.001 -18"><span class='ocrx_word' id='word_1_769' title='bbox 523 5117 664 5160; x_wconf 78' lang='lat' dir='ltr'><strong>retur</strong></span> <span class='ocrx_word' id='word_1_770' title='bbox 690 5109 810 5161; x_wconf 84' lang='lat' dir='ltr'><strong>huic</strong></span> <span class='ocrx_word' id='word_1_771' title='bbox 834 5106 1094 5178; x_wconf 73' lang='lat' dir='ltr'><strong>religioni.</strong></span> <span class='ocrx_word' id='word_1_772' title='bbox 1128 5102 1241 5178; x_wconf 17' lang='lat' dir='ltr'><strong>Ille;</strong></span> <span class='ocrx_word' id='word_1_773' title='bbox 1260 5105 1372 5178; x_wconf 80' lang='lat' dir='ltr'><strong>dies</strong></span> <span class='ocrx_word' id='word_1_774' title='bbox 1403 5102 1597 5172; x_wconf 79' lang='lat' dir='ltr'><strong>primus</strong></span> <span class='ocrx_word' id='word_1_775' title='bbox 1623 5105 1769 5172; x_wconf 84' lang='lat' dir='ltr'><strong>let/ti,</strong></span> <span class='ocrx_word' id='word_1_776' title='bbox 1817 5102 2114 5178; x_wconf 75' lang='lat' dir='ltr'><strong>primusque</strong></span> 
     </span>
    </p>
   </div>
   <div class='ocr_carea' id='block_1_105' title="bbox 525 5176 2107 5249">
    <p class='ocr_par' dir='ltr' id='par_1_105' title="bbox 525 5176 2107 5249">
     <span class='ocr_line' id='line_1_107' title="bbox 525 5176 2107 5249; baseline 0.001 -19"><span class='ocrx_word' id='word_1_777' title='bbox 525 5181 782 5232; x_wconf 67' lang='lat' dir='ltr'><strong>malorum</strong></span> <span class='ocrx_word' id='word_1_778' title='bbox 809 5176 966 5231; x_wconf 77' lang='lat' dir='ltr'><strong>causa</strong></span> <span class='ocrx_word' id='word_1_779' title='bbox 997 5177 1177 5249; x_wconf 55' lang='lat' dir='ltr'><strong>fuit“,</strong></span> <span class='ocrx_word' id='word_1_780' title='bbox 1209 5176 1309 5244; x_wconf 84' lang='lat' dir='ltr'><strong>Qui</strong></span> <span class='ocrx_word' id='word_1_781' title='bbox 1340 5177 1447 5230; x_wconf 79' lang='lat' dir='ltr'><strong>dies</strong></span> <span class='ocrx_word' id='word_1_782' title='bbox 1473 5195 1589 5231; x_wconf 85' lang='lat' dir='ltr'><strong>cum</strong></span> <span class='ocrx_word' id='word_1_783' title='bbox 1634 5180 1911 5246; x_wconf 61' lang='lat' dir='ltr'><strong>illuxisset,</strong></span> <span class='ocrx_word' id='word_1_784' title='bbox 1955 5176 2107 5249; x_wconf 80' lang='lat' dir='ltr'><strong>agen-</strong></span> 
     </span>
    </p>
   </div>
   <div class='ocr_carea' id='block_1_106' title="bbox 520 5247 2113 5323">
    <p class='ocr_par' dir='ltr' id='par_1_106' title="bbox 520 5247 2113 5323">
     <span class='ocr_line' id='line_1_108' title="bbox 520 5247 2113 5323; baseline 0.003 -21"><span class='ocrx_word' id='word_1_785' title='bbox 520 5251 656 5304; x_wconf 81' lang='lat' dir='ltr'><strong>tibus</strong></span> <span class='ocrx_word' id='word_1_786' title='bbox 687 5247 1521 5323; x_wconf 31' lang='lat' dir='ltr'><strong>consulatnrn‘senilrusainbobus</strong></span> <span class='ocrx_word' id='word_1_787' title='bbox 1572 5259 1809 5323; x_wconf 64' lang='lat' dir='ltr'><strong>octavum</strong></span> <span class='ocrx_word' id='word_1_788' title='bbox 1868 5264 1912 5305; x_wconf 88' lang='lat' dir='ltr'><strong>et</strong></span> <span class='ocrx_word' id='word_1_789' title='bbox 1953 5247 2113 5323; x_wconf 71' lang='lat' dir='ltr'><strong>septi-</strong></span> 
     </span>
    </p>
   </div>
   <div class='ocr_carea' id='block_1_107' title="bbox 517 5319 2106 5394">
    <p class='ocr_par' dir='ltr' id='par_1_107' title="bbox 517 5319 2106 5394">
     <span class='ocr_line' id='line_1_109' title="bbox 517 5319 2106 5394; baseline 0.003 -20"><span class='ocrx_word' id='word_1_790' title='bbox 517 5338 678 5391; x_wconf 84' lang='lat' dir='ltr'><strong>mum,</strong></span> <span class='ocrx_word' id='word_1_791' title='bbox 709 5334 916 5390; x_wconf 83' lang='lat' dir='ltr'><strong>repente</strong></span> <span class='ocrx_word' id='word_1_792' title='bbox 943 5319 1118 5373; x_wconf 83' lang='lat' dir='ltr'><strong>adhuc</strong></span> <span class='ocrx_word' id='word_1_793' title='bbox 1140 5321 1297 5394; x_wconf 75' lang='lat' dir='ltr'><strong>dubia</strong></span> <span class='ocrx_word' id='word_1_794' title='bbox 1339 5321 1451 5394; x_wconf 82' lang='lat' dir='ltr'><strong>luce</strong></span> <span class='ocrx_word' id='word_1_795' title='bbox 1482 5323 1550 5374; x_wconf 81' lang='lat' dir='ltr'><strong>ad</strong></span> <span class='ocrx_word' id='word_1_796' title='bbox 1597 5319 1881 5376; x_wconf 75' lang='lat' dir='ltr'><strong>Ecclesium</strong></span> <span class='ocrx_word' id='word_1_797' title='bbox 1925 5319 2106 5394; x_wconf 79' lang='lat' dir='ltr'><strong>(Nico-</strong></span> 
     </span>
    </p>
   </div>
   <div class='ocr_carea' id='block_1_108' title="bbox 516 5392 2106 5463">
    <p class='ocr_par' dir='ltr' id='par_1_108' title="bbox 516 5392 2106 5463">
     <span class='ocr_line' id='line_1_110' title="bbox 516 5392 2106 5463; baseline 0.003 -17"><span class='ocrx_word' id='word_1_798' title='bbox 516 5394 734 5462; x_wconf 66' lang='lat' dir='ltr'><strong>medi-t2)</strong></span> <span class='ocrx_word' id='word_1_799' title='bbox 775 5394 1038 5463; x_wconf 74' lang='lat' dir='ltr'><strong>profectus</strong></span> <span class='ocrx_word' id='word_1_800' title='bbox 1078 5407 1196 5443; x_wconf 87' lang='lat' dir='ltr'><strong>cum</strong></span> <span class='ocrx_word' id='word_1_801' title='bbox 1243 5392 1458 5445; x_wconf 75' lang='lat' dir='ltr'><strong>duribus</strong></span> <span class='ocrx_word' id='word_1_802' title='bbox 1506 5402 1552 5446; x_wconf 84' lang='lat' dir='ltr'><strong>et</strong></span> <span class='ocrx_word' id='word_1_803' title='bbox 1595 5395 1832 5459; x_wconf 81' lang='lat' dir='ltr'><strong>tribunis,</strong></span> <span class='ocrx_word' id='word_1_804' title='bbox 1870 5392 2007 5452; x_wconf 85' lang='lat' dir='ltr'><strong>etc.:</strong></span> <span class='ocrx_word' id='word_1_805' title='bbox 2051 5405 2106 5450; x_wconf 89' lang='lat' dir='ltr'><strong>et</strong></span> 
     </span>
    </p>
   </div>
   <div class='ocr_carea' id='block_1_109' title="bbox 510 5463 2104 5533">
    <p class='ocr_par' dir='ltr' id='par_1_109' title="bbox 510 5463 2104 5533">
     <span class='ocr_line' id='line_1_111' title="bbox 510 5463 2104 5533; baseline 0.002 -15"><span class='ocrx_word' id='word_1_806' title='bbox 510 5481 630 5532; x_wconf 84' lang='lat' dir='ltr'><strong>cap.</strong></span> <span class='ocrx_word' id='word_1_807' title='bbox 661 5468 728 5521; x_wconf 71' lang='lat'><strong>13</strong></span> <span class='ocrx_word' id='word_1_808' title='bbox 757 5483 770 5519; x_wconf 89' lang='lat'><strong>:</strong></span> <span class='ocrx_word' id='word_1_809' title='bbox 800 5463 1068 5517; x_wconf 80' lang='lat' dir='ltr'><strong>Postridie</strong></span> <span class='ocrx_word' id='word_1_810' title='bbox 1099 5464 1422 5533; x_wconf 49' lang='lat' dir='ltr'><strong>proposition</strong></span> <span class='ocrx_word' id='word_1_811' title='bbox 1455 5476 1526 5518; x_wconf 84' lang='lat' dir='ltr'><strong>est</strong></span> <span class='ocrx_word' id='word_1_812' title='bbox 1557 5467 1800 5531; x_wconf 76' lang='lat' dir='ltr'><strong>edictum,</strong></span> <span class='ocrx_word' id='word_1_813' title='bbox 1833 5483 1933 5533; x_wconf 86' lang='lat' dir='ltr'><strong>quo</strong></span> <span class='ocrx_word' id='word_1_814' title='bbox 1961 5483 2104 5521; x_wconf 79' lang='lat' dir='ltr'><strong>cane-</strong></span> 
     </span>
    </p>
   </div>
   <div class='ocr_carea' id='block_1_110' title="bbox 513 5532 2101 5605">
    <p class='ocr_par' dir='ltr' id='par_1_110' title="bbox 513 5532 2101 5605">
     <span class='ocr_line' id='line_1_112' title="bbox 513 5532 2101 5605; baseline 0.001 -15"><span class='ocrx_word' id='word_1_815' title='bbox 513 5538 664 5591; x_wconf 83' lang='lat' dir='ltr'><strong>batur</strong></span> <span class='ocrx_word' id='word_1_816' title='bbox 696 5547 749 5592; x_wconf 88' lang='lat' dir='ltr'><strong>ut</strong></span> <span class='ocrx_word' id='word_1_817' title='bbox 780 5535 1055 5605; x_wconf 78' lang='lat' dir='ltr'><strong>religionis</strong></span> <span class='ocrx_word' id='word_1_818' title='bbox 1090 5532 1235 5584; x_wconf 76' lang='lat' dir='ltr'><strong>illius</strong></span> <span class='ocrx_word' id='word_1_819' title='bbox 1282 5534 1510 5588; x_wconf 84' lang='lat' dir='ltr'><strong>homines</strong></span> <span class='ocrx_word' id='word_1_820' title='bbox 1551 5546 1783 5590; x_wconf 65' lang='lat' dir='ltr'><strong>emerent</strong></span> <span class='ocrx_word' id='word_1_821' title='bbox 1838 5532 1975 5591; x_wconf 84' lang='lat' dir='ltr'><strong>omni</strong></span> <span class='ocrx_word' id='word_1_822' title='bbox 2009 5539 2101 5591; x_wconf 86' lang='lat' dir='ltr'><strong>ho-</strong></span> 
     </span>
    </p>
   </div>
   <div class='ocr_carea' id='block_1_111' title="bbox 511 5605 2098 5678">
    <p class='ocr_par' dir='ltr' id='par_1_111' title="bbox 511 5605 2098 5678">
     <span class='ocr_line' id='line_1_113' title="bbox 511 5605 2098 5678; baseline 0.003 -18"><span class='ocrx_word' id='word_1_823' title='bbox 511 5626 634 5662; x_wconf 79' lang='lat' dir='ltr'><strong>nore</strong></span> <span class='ocrx_word' id='word_1_824' title='bbox 657 5627 718 5661; x_wconf 75' lang='lat' dir='ltr'><strong>ac</strong></span> <span class='ocrx_word' id='word_1_825' title='bbox 739 5611 1022 5678; x_wconf 82' lang='lat' dir='ltr'><strong>dignitate,</strong></span> <span class='ocrx_word' id='word_1_826' title='bbox 1059 5605 1326 5678; x_wconf 72' lang='lat' dir='ltr'><strong>tormentis</strong></span> <span class='ocrx_word' id='word_1_827' title='bbox 1341 5607 1572 5678; x_wconf 42' lang='grc' dir='ltr'><strong>διψία)τί</strong></span> <span class='ocrx_word' id='word_1_828' title='bbox 1614 5617 1801 5673; x_wconf 77' lang='lat' dir='ltr'><strong>essent,</strong></span> <span class='ocrx_word' id='word_1_829' title='bbox 1830 5620 1934 5664; x_wconf 89' lang='lat' dir='ltr'><strong>etc.</strong></span> <span class='ocrx_word' id='word_1_830' title='bbox 1970 5607 2098 5664; x_wconf 70' lang='lat' dir='ltr'><strong>Cm-</strong></span> 
     </span>
    </p>
   </div>
   <div class='ocr_carea' id='block_1_112' title="bbox 513 5673 2101 5751">
    <p class='ocr_par' dir='ltr' id='par_1_112' title="bbox 513 5673 2101 5751">
     <span class='ocr_line' id='line_1_114' title="bbox 513 5673 2101 5751; baseline 0.003 -20"><span class='ocrx_word' id='word_1_831' title='bbox 513 5684 586 5746; x_wconf 88' lang='lat' dir='ltr'><strong>pit</strong></span> <span class='ocrx_word' id='word_1_832' title='bbox 613 5673 1276 5751; x_wconf 45' lang='lat' dir='ltr'><strong>itaque&quot;l&#39;ersecutiodie</strong></span> <span class='ocrx_word' id='word_1_833' title='bbox 1300 5675 1371 5728; x_wconf 74' lang='grc'>25</span> <span class='ocrx_word' id='word_1_834' title='bbox 1398 5673 1695 5751; x_wconf 71' lang='lat' dir='ltr'><strong>Eebrttarii,</strong></span> <span class='ocrx_word' id='word_1_835' title='bbox 1720 5680 1874 5748; x_wconf 89' lang='lat' dir='ltr'><strong>cujus</strong></span> <span class='ocrx_word' id='word_1_836' title='bbox 1903 5697 2101 5751; x_wconf 86' lang='lat' dir='ltr'><strong>propo-</strong></span> 
     </span>
    </p>
   </div>
   <div class='ocr_carea' id='block_1_113' title="bbox 504 5745 2098 5822">
    <p class='ocr_par' dir='ltr' id='par_1_113' title="bbox 504 5745 2098 5822">
     <span class='ocr_line' id='line_1_115' title="bbox 504 5745 2098 5822; baseline 0.001 -15"><span class='ocrx_word' id='word_1_837' title='bbox 504 5745 666 5808; x_wconf 79' lang='lat' dir='ltr'><strong>Situm</strong></span> <span class='ocrx_word' id='word_1_838' title='bbox 701 5745 942 5808; x_wconf 65' lang='lat' dir='ltr'><strong>adiutum</strong></span> <span class='ocrx_word' id='word_1_839' title='bbox 981 5757 1068 5802; x_wconf 88' lang='lat' dir='ltr'><strong>est</strong></span> <span class='ocrx_word' id='word_1_840' title='bbox 1097 5745 1446 5816; x_wconf 75' lang='lat' dir='ltr'><strong>subsequeuti</strong></span> <span class='ocrx_word' id='word_1_841' title='bbox 1473 5747 1560 5803; x_wconf 89' lang='lat' dir='ltr'><strong>die</strong></span> <span class='ocrx_word' id='word_1_842' title='bbox 1587 5749 1655 5804; x_wconf 69' lang='lat' dir='ltr'><strong>2i</strong></span> <span class='ocrx_word' id='word_1_843' title='bbox 1681 5745 1822 5806; x_wconf 83' lang='lat' dir='ltr'><strong>anno</strong></span> <span class='ocrx_word' id='word_1_844' title='bbox 1866 5768 1974 5822; x_wconf 89' lang='lat' dir='ltr'><strong>quo</strong></span> <span class='ocrx_word' id='word_1_845' title='bbox 2005 5745 2098 5808; x_wconf 68' lang='lat' dir='ltr'><strong>uc-</strong></span> 
     </span>
    </p>
   </div>
   <div class='ocr_carea' id='block_1_114' title="bbox 2220 4891 3805 4962">
    <p class='ocr_par' dir='ltr' id='par_1_114' title="bbox 2220 4891 3805 4962">
     <span class='ocr_line' id='line_1_116' title="bbox 2220 4891 3805 4962; baseline 0 -16"><span class='ocrx_word' id='word_1_846' title='bbox 2220 4896 2377 4955; x_wconf 86' lang='lat' dir='ltr'><strong>l&#39;also,</strong></span> <span class='ocrx_word' id='word_1_847' title='bbox 2412 4904 2468 4947; x_wconf 86' lang='lat' dir='ltr'><strong>ut</strong></span> <span class='ocrx_word' id='word_1_848' title='bbox 2493 4905 2708 4961; x_wconf 83' lang='lat' dir='ltr'><strong>vocant,</strong></span> <span class='ocrx_word' id='word_1_849' title='bbox 2745 4894 3009 4962; x_wconf 89' lang='lat' dir='ltr'><strong>principio</strong></span> <span class='ocrx_word' id='word_1_850' title='bbox 3041 4893 3287 4948; x_wconf 82' lang='lat' dir='ltr'><strong>laborant</strong></span> <span class='ocrx_word' id='word_1_851' title='bbox 3321 4911 3332 4945; x_wconf 91' lang='lat'><strong>:</strong></span> <span class='ocrx_word' id='word_1_852' title='bbox 3367 4907 3543 4962; x_wconf 84' lang='lat' dir='ltr'><strong>neque</strong></span> <span class='ocrx_word' id='word_1_853' title='bbox 3587 4891 3805 4961; x_wconf 79' lang='lat' dir='ltr'><strong>Elkupli</strong></span> 
     </span>
    </p>
   </div>
   <div class='ocr_carea' id='block_1_115' title="bbox 2217 4964 3799 5034">
    <p class='ocr_par' dir='ltr' id='par_1_115' title="bbox 2217 4964 3799 5034">
     <span class='ocr_line' id='line_1_117' title="bbox 2217 4964 3799 5034; baseline -0.002 -15"><span class='ocrx_word' id='word_1_854' title='bbox 2217 4965 2504 5033; x_wconf 85' lang='lat' dir='ltr'><strong>epoeltam,</strong></span> <span class='ocrx_word' id='word_1_855' title='bbox 2535 4982 2563 5018; x_wconf 91' lang='lat' dir='ltr'><strong>a</strong></span> <span class='ocrx_word' id='word_1_856' title='bbox 2587 4981 2686 5031; x_wconf 82' lang='lat' dir='ltr'><strong>qua</strong></span> <span class='ocrx_word' id='word_1_857' title='bbox 2715 4972 2930 5018; x_wconf 73' lang='lat' dir='ltr'><strong>veteres</strong></span> <span class='ocrx_word' id='word_1_858' title='bbox 2956 4964 3152 5020; x_wconf 85' lang='lat' dir='ltr'><strong>mullos</strong></span> <span class='ocrx_word' id='word_1_859' title='bbox 3179 4965 3436 5034; x_wconf 76' lang='lat' dir='ltr'><strong>deceptos</strong></span> <span class='ocrx_word' id='word_1_860' title='bbox 3463 4965 3631 5020; x_wconf 88' lang='lat' dir='ltr'><strong>luisse</strong></span> <span class='ocrx_word' id='word_1_861' title='bbox 3647 4964 3799 5030; x_wconf 87' lang='lat' dir='ltr'><strong>dicit,</strong></span> 
     </span>
    </p>
   </div>
   <div class='ocr_carea' id='block_1_116' title="bbox 2216 5035 2971 5103">
    <p class='ocr_par' dir='ltr' id='par_1_116' title="bbox 2216 5035 2971 5103">
     <span class='ocr_line' id='line_1_118' title="bbox 2216 5035 2971 5103; baseline -0.004 -10"><span class='ocrx_word' id='word_1_862' title='bbox 2216 5043 2350 5093; x_wconf 83' lang='lat' dir='ltr'><strong>Satis</strong></span> <span class='ocrx_word' id='word_1_863' title='bbox 2380 5040 2494 5103; x_wconf 86' lang='lat' dir='ltr'><strong>ipse</strong></span> <span class='ocrx_word' id='word_1_864' title='bbox 2525 5038 2661 5090; x_wconf 80' lang='lat' dir='ltr'><strong>bene</strong></span> <span class='ocrx_word' id='word_1_865' title='bbox 2683 5035 2971 5090; x_wconf 84' lang='lat' dir='ltr'><strong>intellexit.</strong></span> 
     </span>
    </p>
   </div>
   <div class='ocr_carea' id='block_1_117' title="bbox 2295 5105 3802 5176">
    <p class='ocr_par' dir='ltr' id='par_1_117' title="bbox 2295 5105 3802 5176">
     <span class='ocr_line' id='line_1_119' title="bbox 2295 5105 3802 5176; baseline -0.003 -12"><span class='ocrx_word' id='word_1_866' title='bbox 2295 5122 2316 5149; x_wconf 78' lang='grc' dir='ltr'><strong>ο</strong></span> <span class='ocrx_word' id='word_1_867' title='bbox 2355 5108 2518 5164; x_wconf 77' lang='lat' dir='ltr'><strong>Addit</strong></span> <span class='ocrx_word' id='word_1_868' title='bbox 2549 5109 2798 5176; x_wconf 61' lang='lat' dir='ltr'><strong>Proslzer,</strong></span> <span class='ocrx_word' id='word_1_869' title='bbox 2831 5124 2950 5161; x_wconf 77' lang='lat' dir='ltr'><strong>mox</strong></span> <span class='ocrx_word' id='word_1_870' title='bbox 2978 5124 3092 5162; x_wconf 82' lang='lat' dir='ltr'><strong>cum</strong></span> <span class='ocrx_word' id='word_1_871' title='bbox 3133 5108 3238 5161; x_wconf 87' lang='lat' dir='ltr'><strong>alio</strong></span> <span class='ocrx_word' id='word_1_872' title='bbox 3290 5108 3439 5161; x_wconf 79' lang='lat' dir='ltr'><strong>annis</strong></span> <span class='ocrx_word' id='word_1_873' title='bbox 3491 5123 3583 5161; x_wconf 75' lang='lat' dir='ltr'><strong>sca:</strong></span> <span class='ocrx_word' id='word_1_874' title='bbox 3609 5124 3628 5164; x_wconf 88' lang='lat'><strong><em>:</em></strong></span> <span class='ocrx_word' id='word_1_875' title='bbox 3658 5105 3802 5175; x_wconf 83' lang='lat' dir='ltr'><strong>quod</strong></span> 
     </span>
    </p>
   </div>
   <div class='ocr_carea' id='block_1_118' title="bbox 2218 5177 3804 5250">
    <p class='ocr_par' dir='ltr' id='par_1_118' title="bbox 2218 5177 3804 5250">
     <span class='ocr_line' id='line_1_120' title="bbox 2218 5177 3804 5250; baseline -0.003 -14"><span class='ocrx_word' id='word_1_876' title='bbox 2218 5193 2273 5236; x_wconf 87' lang='lat' dir='ltr'><strong>et</strong></span> <span class='ocrx_word' id='word_1_877' title='bbox 2313 5182 2531 5250; x_wconf 59' lang='lat' dir='ltr'><strong>promus</strong></span> <span class='ocrx_word' id='word_1_878' title='bbox 2581 5179 2647 5232; x_wconf 90' lang='lat' dir='ltr'><strong>ad</strong></span> <span class='ocrx_word' id='word_1_879' title='bbox 2691 5196 2874 5234; x_wconf 85' lang='lat' dir='ltr'><strong>verum</strong></span> <span class='ocrx_word' id='word_1_880' title='bbox 2917 5189 3018 5234; x_wconf 88' lang='lat' dir='ltr'><strong>est.</strong></span> <span class='ocrx_word' id='word_1_881' title='bbox 3082 5179 3148 5232; x_wconf 80' lang='lat' dir='ltr'><strong>Et</strong></span> <span class='ocrx_word' id='word_1_882' title='bbox 3203 5179 3443 5247; x_wconf 85' lang='lat' dir='ltr'><strong>Scaliger</strong></span> <span class='ocrx_word' id='word_1_883' title='bbox 3491 5193 3556 5232; x_wconf 81' lang='lat' dir='ltr'><strong>ex</strong></span> <span class='ocrx_word' id='word_1_884' title='bbox 3588 5177 3804 5250; x_wconf 84' lang='lat' dir='ltr'><strong>Victore</strong></span> 
     </span>
    </p>
   </div>
   <div class='ocr_carea' id='block_1_119' title="bbox 2220 5248 3802 5320">
    <p class='ocr_par' dir='ltr' id='par_1_119' title="bbox 2220 5248 3802 5320">
     <span class='ocr_line' id='line_1_121' title="bbox 2220 5248 3802 5320; baseline -0.004 -10"><span class='ocrx_word' id='word_1_885' title='bbox 2220 5248 2683 5315; x_wconf 38' lang='lat' dir='ltr'><strong>Selioti‘annotat,</strong></span> <span class='ocrx_word' id='word_1_886' title='bbox 2708 5267 2833 5306; x_wconf 91' lang='lat' dir='ltr'><strong>eum</strong></span> <span class='ocrx_word' id='word_1_887' title='bbox 2866 5250 3082 5305; x_wconf 90' lang='lat' dir='ltr'><strong>biennio</strong></span> <span class='ocrx_word' id='word_1_888' title='bbox 3102 5250 3284 5304; x_wconf 89' lang='lat' dir='ltr'><strong>solido</strong></span> <span class='ocrx_word' id='word_1_889' title='bbox 3312 5254 3609 5320; x_wconf 77' lang='lat' dir='ltr'><strong>Augustum</strong></span> <span class='ocrx_word' id='word_1_890' title='bbox 3634 5248 3802 5304; x_wconf 82' lang='lat' dir='ltr'><strong>fuisse</strong></span> 
     </span>
    </p>
   </div>
   <div class='ocr_carea' id='block_1_120' title="bbox 2217 5321 3798 5392">
    <p class='ocr_par' dir='ltr' id='par_1_120' title="bbox 2217 5321 3798 5392">
     <span class='ocr_line' id='line_1_122' title="bbox 2217 5321 3798 5392; baseline -0.003 -12"><span class='ocrx_word' id='word_1_891' title='bbox 2217 5337 2341 5380; x_wconf 89' lang='lat' dir='ltr'><strong>ante</strong></span> <span class='ocrx_word' id='word_1_892' title='bbox 2369 5326 2655 5392; x_wconf 82' lang='lat' dir='ltr'><strong>imperium</strong></span> <span class='ocrx_word' id='word_1_893' title='bbox 2680 5323 3041 5382; x_wconf 86' lang='lat' dir='ltr'><strong>Constantini.</strong></span> <span class='ocrx_word' id='word_1_894' title='bbox 3071 5323 3226 5391; x_wconf 89' lang='lat' dir='ltr'><strong>cujus</strong></span> <span class='ocrx_word' id='word_1_895' title='bbox 3251 5335 3445 5392; x_wconf 88' lang='lat' dir='ltr'><strong>quarto</strong></span> <span class='ocrx_word' id='word_1_896' title='bbox 3475 5335 3618 5375; x_wconf 86' lang='lat' dir='ltr'><strong>anno</strong></span> <span class='ocrx_word' id='word_1_897' title='bbox 3643 5321 3798 5376; x_wconf 88' lang='lat' dir='ltr'><strong>obiit.</strong></span> 
     </span>
    </p>
   </div>
   <div class='ocr_carea' id='block_1_121' title="bbox 2283 5392 3798 5464">
    <p class='ocr_par' dir='ltr' id='par_1_121' title="bbox 2283 5392 3798 5464">
     <span class='ocr_line' id='line_1_123' title="bbox 2283 5392 3798 5464; baseline -0.004 -13"><span class='ocrx_word' id='word_1_898' title='bbox 2283 5397 2309 5434; x_wconf 71' lang='grc' dir='ltr'><strong>ιλ</strong></span> <span class='ocrx_word' id='word_1_899' title='bbox 2341 5397 2480 5464; x_wconf 84' lang='lat' dir='ltr'><strong>Quin</strong></span> <span class='ocrx_word' id='word_1_900' title='bbox 2514 5398 2611 5448; x_wconf 90' lang='lat' dir='ltr'><strong>soli</strong></span> <span class='ocrx_word' id='word_1_901' title='bbox 2649 5410 2866 5449; x_wconf 90' lang='lat' dir='ltr'><strong>menses</strong></span> <span class='ocrx_word' id='word_1_902' title='bbox 2885 5405 3118 5463; x_wconf 83' lang='lat' dir='ltr'><strong>quatuor</strong></span> <span class='ocrx_word' id='word_1_903' title='bbox 3166 5406 3216 5448; x_wconf 92' lang='lat' dir='ltr'><strong>et</strong></span> <span class='ocrx_word' id='word_1_904' title='bbox 3269 5392 3542 5448; x_wconf 76' lang='lat' dir='ltr'><strong>sexdecim</strong></span> <span class='ocrx_word' id='word_1_905' title='bbox 3592 5394 3711 5447; x_wconf 89' lang='lat' dir='ltr'><strong>dies</strong></span> <span class='ocrx_word' id='word_1_906' title='bbox 3749 5395 3798 5446; x_wconf 88' lang='lat' dir='ltr'><strong>ei</strong></span> 
     </span>
    </p>
   </div>
   <div class='ocr_carea' id='block_1_122' title="bbox 2211 5464 3796 5534">
    <p class='ocr_par' dir='ltr' id='par_1_122' title="bbox 2211 5464 3796 5534">
     <span class='ocr_line' id='line_1_124' title="bbox 2211 5464 3796 5534; baseline -0.004 -10"><span class='ocrx_word' id='word_1_907' title='bbox 2211 5471 2554 5524; x_wconf 73' lang='lat' dir='ltr'><strong>ascribuntur</strong></span> <span class='ocrx_word' id='word_1_908' title='bbox 2611 5469 2661 5520; x_wconf 91' lang='lat' dir='ltr'><strong>in</strong></span> <span class='ocrx_word' id='word_1_909' title='bbox 2722 5466 3062 5520; x_wconf 79' lang='lat' dir='ltr'><strong>Buelteriano</strong></span> <span class='ocrx_word' id='word_1_910' title='bbox 3108 5465 3358 5532; x_wconf 78' lang='lat' dir='ltr'><strong>catalogo</strong></span> <span class='ocrx_word' id='word_1_911' title='bbox 3392 5507 3407 5530; x_wconf 90' lang='lat'><strong>,</strong></span> <span class='ocrx_word' id='word_1_912' title='bbox 3454 5465 3610 5534; x_wconf 87' lang='lat' dir='ltr'><strong>cujus</strong></span> <span class='ocrx_word' id='word_1_913' title='bbox 3672 5464 3796 5518; x_wconf 82' lang='lat' dir='ltr'><strong>lidci</strong></span> 
     </span>
    </p>
   </div>
   <div class='ocr_carea' id='block_1_123' title="bbox 2211 5535 3798 5604">
    <p class='ocr_par' dir='ltr' id='par_1_123' title="bbox 2211 5535 3798 5604">
     <span class='ocr_line' id='line_1_125' title="bbox 2211 5535 3798 5604; baseline -0.003 -9"><span class='ocrx_word' id='word_1_914' title='bbox 2211 5541 2331 5595; x_wconf 90' lang='lat' dir='ltr'><strong>aliis</strong></span> <span class='ocrx_word' id='word_1_915' title='bbox 2354 5540 2698 5594; x_wconf 83' lang='lat' dir='ltr'><strong>tmmimentis</strong></span> <span class='ocrx_word' id='word_1_916' title='bbox 2719 5537 3164 5604; x_wconf 82' lang='lat' dir='ltr'><strong>suﬂ‘ragantibus,</strong></span> <span class='ocrx_word' id='word_1_917' title='bbox 3193 5537 3444 5590; x_wconf 84' lang='lat' dir='ltr'><strong>standum</strong></span> <span class='ocrx_word' id='word_1_918' title='bbox 3475 5545 3665 5591; x_wconf 84' lang='lat' dir='ltr'><strong>censet</strong></span> <span class='ocrx_word' id='word_1_919' title='bbox 3689 5535 3798 5590; x_wconf 83' lang='lat' dir='ltr'><strong>Til-</strong></span> 
     </span>
    </p>
   </div>
   <div class='ocr_carea' id='block_1_124' title="bbox 2211 5607 3796 5667">
    <p class='ocr_par' dir='ltr' id='par_1_124' title="bbox 2211 5607 3796 5667">
     <span class='ocr_line' id='line_1_126' title="bbox 2211 5607 3796 5667; baseline -0.004 0"><span class='ocrx_word' id='word_1_920' title='bbox 2211 5613 2522 5667; x_wconf 87' lang='lat' dir='ltr'><strong>lentontios.</strong></span> <span class='ocrx_word' id='word_1_921' title='bbox 2574 5608 2899 5663; x_wconf 77' lang='lat' dir='ltr'><strong>AbEHSebii</strong></span> <span class='ocrx_word' id='word_1_922' title='bbox 2943 5619 3120 5662; x_wconf 88' lang='lat' dir='ltr'><strong>autem</strong></span> <span class='ocrx_word' id='word_1_923' title='bbox 3166 5617 3343 5662; x_wconf 89' lang='lat' dir='ltr'><strong>morte</strong></span> <span class='ocrx_word' id='word_1_924' title='bbox 3383 5607 3448 5660; x_wconf 91' lang='lat' dir='ltr'><strong>ad</strong></span> <span class='ocrx_word' id='word_1_925' title='bbox 3484 5607 3796 5661; x_wconf 83' lang='lat' dir='ltr'><strong>Melehiadis</strong></span> 
     </span>
    </p>
   </div>
   <div class='ocr_carea' id='block_1_125' title="bbox 2211 5679 3797 5745">
    <p class='ocr_par' dir='ltr' id='par_1_125' title="bbox 2211 5679 3797 5745">
     <span class='ocr_line' id='line_1_127' title="bbox 2211 5679 3797 5745; baseline -0.003 -8"><span class='ocrx_word' id='word_1_926' title='bbox 2211 5684 2629 5745; x_wconf 70' lang='lat' dir='ltr'><strong>ordinationem,</strong></span> <span class='ocrx_word' id='word_1_927' title='bbox 2661 5697 2852 5735; x_wconf 64' lang='lat' dir='ltr'><strong>novem</strong></span> <span class='ocrx_word' id='word_1_928' title='bbox 2905 5695 3119 5735; x_wconf 75' lang='lat' dir='ltr'><strong>menses</strong></span> <span class='ocrx_word' id='word_1_929' title='bbox 3161 5693 3211 5731; x_wconf 84' lang='lat' dir='ltr'><strong>et</strong></span> <span class='ocrx_word' id='word_1_930' title='bbox 3264 5681 3468 5744; x_wconf 85' lang='lat' dir='ltr'><strong>aliquot</strong></span> <span class='ocrx_word' id='word_1_931' title='bbox 3521 5680 3638 5733; x_wconf 85' lang='lat' dir='ltr'><strong>dies</strong></span> <span class='ocrx_word' id='word_1_932' title='bbox 3692 5679 3797 5732; x_wconf 77' lang='lat' dir='ltr'><strong>Ro-</strong></span> 
     </span>
    </p>
   </div>
   <div class='ocr_carea' id='block_1_126' title="bbox 2212 5751 3796 5835">
    <p class='ocr_par' dir='ltr' id='par_1_126' title="bbox 2212 5751 3796 5835">
     <span class='ocr_line' id='line_1_128' title="bbox 2212 5751 3796 5835; baseline -0.004 -25"><span class='ocrx_word' id='word_1_933' title='bbox 2212 5771 2422 5810; x_wconf 74' lang='lat' dir='ltr'><strong>manam</strong></span> <span class='ocrx_word' id='word_1_934' title='bbox 2456 5753 2767 5835; x_wconf 58' lang='lat' dir='ltr'><strong>cathedram</strong></span> <span class='ocrx_word' id='word_1_935' title='bbox 2812 5767 3031 5807; x_wconf 76' lang='lat' dir='ltr'><strong>vacasse</strong></span> <span class='ocrx_word' id='word_1_936' title='bbox 3079 5752 3339 5806; x_wconf 76' lang='lat' dir='ltr'><strong>evincunt</strong></span> <span class='ocrx_word' id='word_1_937' title='bbox 3367 5751 3682 5820; x_wconf 81' lang='lat' dir='ltr'><strong>chronologi</strong></span> <span class='ocrx_word' id='word_1_938' title='bbox 3713 5767 3796 5805; x_wconf 85' lang='lat' dir='ltr'><strong>re-</strong></span> 
     </span>
    </p>
   </div>
  </div>
