4136 6424
332 339 440 417 673

348 493 545 561 Olymp.

736 626 1011 694 Nazariusf
1036 630 1204 694 rhetor
1225 633 1429 694 insignis
1450 634 1684 685 habetur.

640 689 702 740 20
734 690 933 754 Crispus
951 689 1423 759 ﬁliusCoustant'ini,
1446 698 1472 736 b
1499 706 1551 747 et
1575 698 1789 749 Licinius
1808 700 1971 759 junior
1994 698 2291 751 Constantia;
2316 701 2620 756 Constantini
2646 707 2833 758 sororis
2877 713 2930 759 et
2954 706 3131 758 Litinii

904 343 962 402 S.
1002 342 1390 406 HIERONYMI
1430 344 1993 411 INTERPRETATIO
2030 351 2408 415 CBRONICAB
2458 356 2729 418 EUSEBII
2786 356 3137 418 PAMPIIILI.

1714 514 2052 563 Romanorum.

3531 364 3639 421 674

3509 459 3635 507 Ann.

3203 518 3442 570 An.Dom.
3541 523 3605 568 ab

3512 583 3630 632 Abr.

3258 707 3350 757 529
3510 708 3636 758 2343

797 755 1068 817 superioris
1086 755 1229 817 ﬁlius,
1253 758 1594 811 crudelissime
1620 755 1999 827 interﬁciuntur,
2021 776 2148 814 anno
2174 767 2196 795 ο
2225 766 2419 827 imperii
2445 769 2523 818 sui
2547 755 2691 819 nono.

1620 947 1880 1006 GRAECA
1920 948 2373 1010 FRAGMENTA.

394 1118 767 1173 Κωνσταντῖνος
796 1111 1019 1187 Κρίσπον
1060 1112 1148 1167 τὸν
1194 1107 1321 1166 ἴδιον
1369 1109 1476 1165 υἱὸν
1512 1111 1747 1187 Καίσαρα
1772 1105 1895 1166 ὄντα

2009 1109 2367 1171 ἱδιαϐληθὲντα
2402 1115 2539 1190 αὐτῷ
2578 1116 2764 1172 ἀνεῖλε.
2797 1116 3000 1173 Chron.
3048 1120 3237 1178 Pasch.
3272 1123 3493 1182 ibidem.

1862 1274 2093 1331 NOTIE.

322 1441 575 1497 dandam.
604 1440 777 1525 .Quid,
810 1440 1202 1525 quodtlallitur
1229 1440 1281 1523 in
1313 1440 1425 1525 hoc
1448 1438 1567 1525 ipso
1598 1436 1920 1525 splendide?
1951 1440 1993 1498 A
2026 1438 2419 1525 imperiipatria
2443 1444 2524 1525 siti
2546 1446 2824 1525 gigesinto.
2858 1456 3091 1525 mortem
3132 1447 3353 1506 obiisse.
3388 1450 3631 1525 Denique

321 1530 498 1581 neque
528 1513 698 1581 enim,
720 1509 1020 1583 utcolligit.
1046 1513 1368 1567 duodecimo
1388 1509 1728 1583 Constantini
1749 1525 1915 1576 anno,

322 1586 416 1640 sed
450 1587 687 1651 decimo,
706 1586 821 1639 sive
848 1582 979 1655 ipsis
996 1585 1397 1639 Decennalibus
1427 1582 1649 1655 vixdum
1688 1585 1916 1647 exactis,

319 1658 463 1725 quod
495 1666 580 1711 est
609 1671 708 1712 suo
736 1654 1259 1721 loco’declaratum,
1296 1665 1406 1709 tres
1437 1654 1509 1708 illi
1547 1655 1793 1709 Czesares
1824 1668 1920 1722 ap-

322 1729 503 1797 pellati
529 1742 676 1783 sunt.
703 1729 935 1782 Proinde
960 1738 1115 1783 erant
1143 1730 1240 1781 hac
1262 1728 1424 1781 etiam
1446 1726 1513 1779 de
1543 1740 1706 1779 causa
1726 1725 1793 1778 ab
1818 1726 1917 1780 hac

322 1800 587 1871 temporis
615 1812 766 1868 nota,
798 1815 919 1871 qua:
949 1810 1133 1871 utpote
1163 1800 1363 1853 certior
1395 1814 1435 1871 ag
1463 1798 1679 1871 Victore
1712 1812 1914 1865 propo—

320 1869 773 1942 nitur.ineundze
801 1869 1038 1927 rationes
1076 1873 1143 1925 ad
1179 1888 1380 1925 annum
1415 1869 1607 1923 Licinii
1640 1872 1917 1942 θανάσιμον

321 1941 777 2011 inveStigandum.
806 1944 961 2011 Quod
992 1945 1034 1997 si
1069 1954 1316 2013 priestes,
1348 1953 1401 1997 et
1427 1941 1915 2013 terminoutroque

322 2016 551 2075 incluso,
588 2014 823 2069 deducas
868 2016 994 2069 inde
1032 2012 1277 2069 sexennii
1326 2014 1559 2079 initium,
1613 2012 1679 2067 ad
1710 2028 1913 2067 annum

319 2086 579 2141 devenies
607 2087 947 2141 Constantini
988 2086 1256 2142 decimum
1290 2086 1604 2151 septimum.
1652 2100 1813 2154 quem
1860 2092 1916 2139 et

317 2161 603 2227 superiore
619 2158 934 2213 testimonio
957 2159 1229 2228 designari
1249 2173 1277 2211 a
1300 2158 1520 2212 Victore
1541 2158 1672 2221 alio,
1705 2158 1758 2210 in
1788 2156 1915 2228 Epi-

320 2239 488 2291 tome.
518 2230 772 2285 diximus.
809 2232 919 2285 lloc
946 2227 1196 2285 nimirum
1229 2245 1371 2283 anno
1393 2228 1757 2292 Constantini,
1786 2227 1912 2284 Vic-

320 2311 404 2356 tor
423 2314 649 2372 uterque
667 2304 837 2356 sensit
862 2303 1099 2357 occisum
1131 2300 1419 2366 Licinium,
1449 2316 1555 2353 non
1580 2301 1907 2368 insequenti,

319 2372 463 2443 quod
494 2371 735 2443 Scaliger
753 2375 928 2444 lingit.
955 2374 1182 2442 Pr0pius
1209 2384 1389 2427 autem
1410 2415 1423 2437 ,
1470 2386 1664 2435 necne,
1686 2371 1912 2444 accedat

319 2461 507 2500 eorum
532 2448 802 2500 sententia
835 2443 901 2501 ad
930 2462 1141 2509 verum,
1169 2460 1273 2498 non
1299 2444 1508 2514 judico,
1544 2458 1643 2497 nec
1664 2453 1745 2497 est
1764 2443 1908 2498 dictu

317 2516 495 2579 facile.
529 2518 650 2571 aliis
692 2532 753 2571 ea
804 2533 968 2586 super
1018 2533 1076 2572 re
1132 2516 1381 2570 Veterum
1433 2516 1903 2586 dissentientibus.

321 2589 530 2644 ldacius
561 2590 611 2643 in
640 2588 817 2644 Fastis
847 2585 946 2643 sub
971 2589 1259 2645 consulatu
1281 2587 1487 2641 Paulini
1515 2594 1572 2641 et
1598 2585 1795 2640 Juliani
1826 2603 1909 2641 re-

318 2660 457 2715 fert:
495 2661 586 2731 qui
617 2660 804 2727 utique
835 2676 1011 2715 annus
1038 2676 1157 2713 cum
1186 2660 1399 2715 decimo
1427 2667 1617 2731 octavo
1637 2656 1906 2712 Constan-

317 2734 416 2787 tini
445 2730 740 2787 concurrit.
772 2732 970 2787 Noster
1000 2734 1087 2802 qui
1112 2735 1310 2798 serius,
1345 2742 1399 2784 et
1423 2732 1487 2784 ad
1520 2730 1789 2783 decimum
1816 2746 1905 2782 ns-

317 2820 427 2873 que
460 2821 657 2859 nonum
689 2804 890 2865 tiili'ert.
917 2819 1044 2859 suos
1072 2815 1219 2858 certe
1250 2803 1435 2858 habuit
1463 2812 1737 2869 auctores,
1770 2817 1906 2869 quos

317 2887 663 2947 sequeretur.
687 2875 967 2944 Ejusmodi
995 2887 1077 2931 est
1103 2878 1412 2947 Anonynnns
1435 2874 1771 2947 Valesianus,
1794 2876 1909 2947 sive

317 2945 507 3002 auctor
535 2946 842 3017 Fragmenti
874 2949 940 3002 de
966 2947 1287 3001 Constantio
1313 2946 1516 3001 Chloro
1548 2946 1725 2999 editus
1753 2960 1781 3017 a
1804 2945 1910 2999 Va-

317 3018 453 3074 lesio
481 3027 604 3089 post
629 3016 899 3074 Ammian.
924 3019 1290 3074 Marcellinum
1322 3034 1442 3089 pag.
1471 3017 1567 3070 661
1594 3058 1607 3081 ,
1641 3017 1730 3073 ubi
1764 3016 1907 3071 Lici-

318 3093 468 3146 nium
494 3094 591 3156 ait,
624 3107 866 3162 regnasse
892 3092 1043 3145 annis
1075 3090 1140 3145 19
1161 3131 1174 3153 ,
1208 3090 1318 3158 ﬁlio
1347 3099 1395 3142 et
1422 3104 1581 3141 uxore
1612 3090 1902 3162 superstite.

320 3162 545 3219 Scilicet
570 3163 639 3218 ab
659 3159 874 3227 eodem,
906 3177 1011 3231 quo
1032 3162 1398 3226 Constantini,
1430 3175 1592 3224 anno,
1617 3159 1906 3229 imperium

316 3234 508 3305 Licinii
541 3237 887 3305 auspicatur:
922 3245 973 3289 et
1004 3249 1135 3289 sane
1167 3234 1407 3305 ejusdem
1437 3231 1584 3305 anni,
1616 3231 1707 3305 ille
1734 3232 1907 3302 pridie

316 3304 578 3361 kalendas
616 3302 836 3376 Aprilis,
869 3306 957 3361 hic
1002 3322 1058 3360 nt
1107 3305 1229 3359 idus
1274 3303 1599 3358 Novembris
1625 3302 1904 3376 ,_Angnsti

316 3379 573 3446 appellati
598 3374 743 3432 sunt.
782 3380 981 3433 Dicitur
1001 3380 1068 3431 ad
1094 3379 1255 3430 vitam
1296 3379 1557 3443 privatam
1586 3390 1615 3428 a
1641 3374 1906 3429 Coostan-

318 3450 433 3503 tino
450 3462 737 3519 superatus
755 3450 981 3505 rediisse
998 3464 1186 3504 mense
1214 3446 1436 3504 Octobri
1458 3466 1470 3500 :
1498 3447 1698 3502 obiisse
1721 3456 1902 3501 autem

316 3524 417 3576 sub
447 3521 575 3575 anni
604 3523 785 3577 linem.

391 3602 416 3629 ³
457 3593 799 3648 Constantini
842 3592 1014 3662 Magni
1068 3592 1259 3647 laudes
1311 3591 1453 3645 dixit
1498 3592 1548 3644 in
1590 3590 1905 3661 Quinquenn-

318 3664 530 3719 nalibus
557 3664 729 3736 Crispi
754 3674 809 3721 et
835 3666 1172 3719 Constantini
1205 3664 1439 3734 junioris
1468 3662 1743 3736 Caesarum
1763 3662 1904 3736 ,_dic

316 3751 502 3791 eorum
530 3732 717 3802 natali,
747 3736 996 3790 kalendis
1019 3732 1246 3789 Martiis.
1273 3737 1327 3789 In
1356 3734 1499 3805 quod
1530 3743 1745 3803 tempus
1762 3732 1906 3787 Coti-

316 3809 535 3862 stantini
568 3809 741 3879 Magni
772 3808 1226 3877 Quindecennalia
1261 3806 1615 3879 incurrebant
1648 3824 1659 3857 :
1691 3814 1746 3859 et
1778 3818 1903 3859 vom

317 3895 415 3949 pro
459 3877 843 3935 Vicenn'alibns
882 3880 1353 3946 nuncupabantur.
1420 3877 1529 3932 Sed
1580 3892 1687 3932 non
1722 3892 1787 3932 eo
1823 3892 1904 3931 re-

315 3952 561 4024 spexisse
588 3952 948 4024 Hieronymus
975 3952 1206 4005 videtur.

388 4020 415 4060 δ
457 4027 669 4077 Annum
697 4020 1033 4079 Constantini
1070 4023 1386 4093 vigesimum
1429 4020 1671 4091 Scaliger
1713 4020 1904 4075 subse-

314 4096 499 4163 quenti
532 4096 745 4150 demum
775 4107 958 4165 gesto,
991 4109 1259 4149 canonum
1304 4094 1735 4148 Eusebianorum
1778 4108 1902 4162 pns-

313 4173 491 4221 tremo
512 4167 789 4237 ascripsit:
828 4168 1093 4221 Pnntacus
1126 4166 1430 4237 econtrario
1458 4167 1687 4234 primam
1714 4180 1903 4237 nume-

315 4240 360 4291 ri
388 4236 748 4307 prateedentis
778 4240 1086 4304 periocham
1113 4236 1445 4291 Constantius
1464 4237 1626 4307 ﬁlius,
1663 4246 1768 4289 etc.
1792 4276 1806 4299 ,
1833 4236 1903 4289 ab

313 4324 381 4363 eo
403 4319 489 4363 est
512 4314 839 4378 auspicatus.
872 4310 1135 4364 Neutrum
1176 4310 1327 4374 sequi
1359 4309 1537 4373 nobis,
1580 4308 1673 4361 sed
1720 4316 1903 4362 vetus-

314 4383 513 4434 tiorum
538 4380 856 4447 editiomnn,
880 4394 931 4436 et
951 4381 1256 4435 Parmensis
1287 4379 1493 4434 codicis
1521 4380 1899 4434 auctoritatem

314 4454 572 4521 prmierre
605 4453 822 4523 placuit,
852 4469 975 4524 qua:
1001 4453 1160 4507 etiam
1196 4454 1419 4522 propius
1446 4452 1511 4505 ad
1541 4450 1782 4505 historia:
1812 4466 1901 4505 ve-

313 4526 530 4578 ritatem
558 4528 667 4578 visa
701 4536 784 4580 est
811 4523 1091 4579 accedere.
1129 4524 1377 4579 Dicemus
1416 4523 1579 4587 inira,
1614 4524 1799 4593 quanti
1832 4524 1903 4576 sit

314 4595 368 4648 in
408 4612 465 4661 re
503 4595 884 4666 chronologica
933 4598 1073 4650 hunc
1125 4597 1267 4651 inter
1314 4596 1652 4650 Eusebianos
1702 4610 1901 4648 anntttn

314 4670 612 4736 recepisse,
646 4676 702 4723 et
730 4685 853 4722 num
880 4667 948 4722 ab
966 4668 1219 4734 Eusebio,
1250 4683 1317 4721 an
1348 4668 1677 4738 llieronymo
1698 4668 1750 4721 in
1773 4667 1905 4721 Ver-

312 4738 468 4794 sione
497 4746 553 4793 et
578 4741 951 4809 recognitione
997 4740 1098 4793 hac
1145 4756 1263 4804 sua,
1309 4748 1600 4793 annotatus
1633 4740 1900 4792 videatur.

316 4810 537 4865 Interim
561 4812 739 4880 egisse
766 4811 944 4865 adhuc
984 4809 1235 4878 Crispum
1280 4812 1420 4865 inter
1451 4814 1601 4863 vivos
1636 4826 1777 4863 anno
1812 4824 1905 4879 pa-

316 4884 455 4935 terni
488 4884 696 4950 imperii
722 4883 1001 4949 vicesimo,
1026 4892 1080 4936 et
1101 4881 1287 4937 Rotnm
1318 4881 1649 4937 Decennalia
1676 4898 1768 4936 sua
1790 4880 1906 4934 edi-

312 4953 481 5019 disse,
525 4969 646 5007 cnm
693 4954 744 5009 in
785 4954 927 5008 idem
970 4967 1181 5022 tempus
1221 4954 1519 5023 posteriora
1555 4968 1673 5019 quae
1718 4953 1904 5006 Romae

312 5025 501 5078 itidem
548 5035 664 5079 acta
703 5034 850 5093 sunt,
889 5025 1203 5080 Vicennalia
1224 5024 1567 5079 Constantini
1604 5027 1773 5093 patris
1814 5028 1903 5077 in-

310 5107 614 5163 currerent,
642 5106 833 5152 auctor
861 5108 950 5152 est
974 5097 1291 5164 Optatianus
1312 5096 1645 5165 Porphyrius
1666 5097 1716 5149 in
1744 5096 1907 5163 hujus

310 5182 578 5238 panegyr.
613 5170 895 5240 (quidquid
924 5168 1141 5223 Norisio
1170 5168 1236 5223 ad
1262 5184 1413 5223 num.
1443 5168 1615 5223 Licin.
1636 5166 1904 5238 videatur)

310 5241 396 5295 his
429 5240 677 5294 versibus
701 5258 715 5293 :

436 5332 618 5381 Sancte
639 5330 810 5389 Pater,
838 5337 1004 5382 rector
1028 5331 1291 5395 Superum,
1316 5330 1566 5382 Vicenalia
1590 5331 1721 5395 laeta,

436 5394 681 5457 Augusto,
710 5402 762 5444 et
784 5370 955 5445 decies
973 5370 1195 5445 cresc'ant
1219 5370 1457 5446 soiemnia
1481 5396 1623 5445 natis.

307 5478 481 5553 Crispi
530 5482 762 5549 scilicet,
804 5492 867 5553 Aet
912 5481 1143 5551 junioris
1184 5481 1530 5537 Constantini
1580 5478 1901 5537 Decennalia

306 5551 757 5625 multiplicemur.
788 5551 1145 5608 Constantino
1176 5565 1353 5609 autem
1384 5555 1626 5624 Angusto
1658 5556 1911 5606 tricenna-

305 5625 377 5679 lia
412 5626 600 5680 Roma:
649 5627 824 5680 soluta
856 5636 1050 5679 exacto
1077 5625 1189 5695 jam
1239 5627 1411 5681 altero
1460 5625 1760 5691 decennio,
1810 5638 1905 5678 seu

305 5698 573 5752 vicesimo
604 5696 818 5766 imperii
847 5712 1020 5762 anno,
1055 5698 1190 5751 nihil
1239 5696 1465 5751 dubium
1506 5708 1609 5752 est.
1652 5696 1906 5766 Atlirmat

305 5784 475 5840 porro
491 5764 924 5840 etSozomenus,
955 5768 1094 5822 llist.
1133 5768 1277 5824 Eccl.
1308 5769 1402 5823 lib.
1433 5786 1448 5823 ι
1476 5812 1491 5837 ,
1520 5770 1724 5838 cap.5,
1752 5764 1877 5822 Cris

302 5839 436 5911 pum
466 5848 541 5917 τῷ
569 5843 785 5913 εἰκοστῷ
815 5839 918 5897 ἔτει
970 5848 1062 5903 τῆς
1090 5846 1181 5897 τοῦ
1210 5842 1410 5919 πατρὸς
1436 5842 1724 5915 ἡγεμονίας,
1767 5856 1906 5894 anno

2027 1520 2089 1594 et.
2108 1512 2241 1595 illud
2275 1515 2415 1595 quod
2442 1518 2523 1595 ait
2546 1512 2835 1595 Eusebius,
2862 1517 3030 1595 fuisse
3051 1518 3193 1595 hunc
3214 1536 3411 1577 annum
3444 1512 3623 1595 impe-

2026 1584 2379 1664 [ιίηυεηεςινεί
2411 1588 2637 1664 scilicet.
2660 1589 2835 1664 Crispi
2870 1602 2922 1644 et
2946 1590 3381 1664 _Licinii_nonum
3401 1634 3417 1659 ,
3444 1584 3628 1651 οοὴρί-

2025 1653 2142 1733 liari
2179 1653 2337 1733 facile
2383 1672 2503 1711 eum
2552 1653 2997 1733 laudatis'_modo
3049 1653 3622 1733 testimoniis'potest.

2021 1724 2155 1807 Cum
2191 1730 2335 1807 enim
2368 1740 2563 1807 exacto
2591 1734 2765 1807 primo
2790 1730 3131 1787 Constantini
3159 1724 3447 1807 decennio',
3478 1737 3626 1793 circa

2024 1799 2195 1880 ipsam
2232 1799 2615 1880 Decenttalium
2647 1802 3133 1880 ejus‘nanegyrim,
3163 1804 3411 1863 Caesares
3434 1799 3623 1880 appel-

2021 1869 2112 1922 lati
2143 1872 2285 1951 sint,
2306 1873 2433 1951 noni
2464 1869 2738 1951 ejusan—ni
2769 1874 2896 1951 ﬁnis
2924 1869 3033 1931 non
3067 1878 3417 1951 incommode
3440 1869 3620 1948 potest

2019 1954 2138 1995 Clltn
2172 1944 2325 2015 initio
2356 1944 2606 2013 vigesiini
2640 1948 2855 2015 paterni
2885 1948 3098 2015 imperii
3130 1944 3482 2006 concurrere.
3520 1952 3623 2007 Ve-

2018 2028 2146 2094 rum
2156 2013 2440 2094 enimvero
2471 2013 2925 2094 alium—Eusebius
2956 2013 3138 2073 rerum
3167 2021 3413 2077 ordinem
3449 2031 3617 2091 tenet,

2017 2092 2073 2139 et
2104 2084 2544 2159 Vicetinaliorum
2576 2090 3001 2146 celebrationem
3026 2133 3040 2157 ,
3074 2106 3181 2146 non
3212 2108 3400 2148 eorum
3433 2084 3617 2159 modo,

2016 2171 2136 2225 qua:
2151 2156 2479 2234 Nicomediae
2508 2169 2630 2234 acta
2656 2172 2807 2227 sunt,
2830 2164 2925 2216 sed
2956 2173 3011 2217 et
3040 2179 3160 2233 qua:
3185 2164 3372 2219 Romae
3388 2156 3623 2234 sequenti

2016 2244 2184 2310 ςιιιηο,
2219 2242 2343 2299 post
2382 2230 2558 2310 Crispi
2593 2248 2777 2288 necem
2811 2230 3082 2310 recenset.
3116 2235 3360 2310 Acglieet
3389 2230 3625 2308 sequens

2017 2303 2628 2377 iste_annus_videatnr
2664 2320 2783 2377 non
2823 2306 2891 2361 de
2937 2307 3281 2361 Constantini
3330 2303 3620 2377 i‘psiu'smet

2014 2371 2173 2425 annis
2203 2374 2609 2449 intelligendus,
2651 2376 2880 2449 utalins
2912 2393 2941 2431 a
2975 2378 3235 2433 vicesimo
3260 2371 3472 2449 imperii
3495 2382 3615 2449 ejus

2013 2446 2365 2524 notetur,sed
2393 2447 2546 2514 juxta
2573 2448 2912 2524 Eusebianos
2941 2450 3203 2524 calculos,
3228 2451 3320 2519 qui
3339 2446 3612 2524 annorum

2015 2515 2164 2595 initia
2208 2518 2275 2571 ab
2313 2522 2931 2595 autumnoauspicatur
2965 2515 3265 2595 (possitque
3292 2522 3431 2595 adeo
3476 2540 3612 2578 unus

2013 2585 2265 2657 idemque
2312 2589 2403 2643 ille
2444 2585 2739 2664 vicesimus
2781 2585 3217 2664 esse),"minim'e
3269 2592 3615 2650 difﬁtendum

2011 2667 2322 2739 esttamen,
2356 2672 2449 2739 aut
2480 2662 2695 2739 {iqcepov
2720 2662 2971 2739 πρότερον
3001 2665 3069 2718 ab
3100 2664 3337 2719 Eusebio
3361 2668 3488 2739 dici,
3520 2676 3615 2721 aut

2012 2738 2157 2783 certe
2180 2731 2342 2807 aliam
2374 2732 2490 2807 ejiis
2524 2731 2963 2807 fuisseinientem
3009 2754 3019 2789 :
3068 2744 3122 2790 et
3162 2748 3390 2790 mortem
3437 2737 3613 2807 Crispi

1939 2836 1986 2895 Β
2135 2804 2774 2895 AvicesimltrConstamini
2802 2848 2832 2895 ,ι
2857 2807 2962 2895 sed
3020 2809 3360 2895 przfced'enti.
3400 2804 3614 2895 decimo

2015 2887 2162 2946 nono
2194 2875 2501 2931 adscribere
2533 2877 2791 2946 voluisse.
2817 2878 2869 2931 ld
2896 2875 3068 2946 ipsum
3103 2878 3315 2933 ldacius
3348 2880 3400 2934 in
3431 2880 3609 2935 Fastis

2018 2944 2209 3017 voluit,
2239 2948 2328 3017 qui
2361 2958 2573 3017 gestum
2601 2942 2767 3003 refert
2800 2942 3159 3003 Cotistantino
3182 2966 3253 3005 vn
3280 2960 3330 3005 et
3352 2950 3617 3007 Constan-

2015 3015 2089 3069 tio
2120 3015 2458 3090 Caes.'coss.,
2490 3034 2612 3074 eum
2647 3022 2762 3087 ipse
2790 3037 2884 3088 per
2904 3021 2955 3074 id
2990 3023 3611 3090 temporis,testeZosi-

2013 3103 2101 3163 mo
2134 3088 2228 3163 lib.
2263 3105 2322 3155 ll,
2350 3090 2645 3159 imperator
2677 3091 2863 3146 Romae
2902 3088 3120 3163 ageret;
3154 3092 3432 3150 Videndus
3469 3096 3612 3152 inte-

2010 3160 2112 3214 rim
2137 3160 2473 3237 sozomenus
2501 3164 2558 3237 in
2587 3163 2694 3237 [ine
2721 3164 2840 3237 libri
2881 3160 3127 3219 secundi.
3168 3165 3373 3221 Eodem
3401 3177 3611 3237 tempo-

2010 3247 2070 3285 re
2093 3234 2333 3310 occisum
2360 3234 2622 3310 Licinium
2644 3235 2922 3305 juniorctn
2957 3246 3188 3292 testatur
3231 3237 3456 3294 Orosius
3476 3234 3612 3310 quo-

2011 3318 2118 3372 que
2154 3303 2247 3375 lib.
2278 3321 2355 3361 vu
2385 3321 2507 3375 cap.
2540 3305 2633 3361 28.

2085 3374 2225 3457 fliis
2265 3393 2388 3445 quae
2427 3374 2694 3457 disputata
2732 3389 2873 3457 sunt
2908 3378 3199 3457 ‘hactenus
3236 3381 3304 3437 de
3346 3386 3610 3457 θανασίμῳ

2007 3445 2184 3515 CriSpi
2208 3462 2369 3514 anno,
2402 3445 2711 3522 scrupulum
2732 3451 2879 3505 locus
2907 3453 3005 3506 iste
3034 3453 3248 3521 ingerit,
3273 3454 3364 3522 qui
3394 3445 3614 3511 critico's

2012 3522 2189 3593 magni
2220 3521 2453 3593 nominis
2485 3522 2628 3593 male
2664 3521 2870 3576 habuit.
2904 3524 3181 3578 lnnuitnus
3221 3521 3440 3593 quidem
3487 3542 3609 3593 nos,

2008 3590 2053 3664 si
2076 3602 2198 3660 post
2227 3589 2591 3656 Constantini,
2616 3608 2736 3660 quae
2762 3594 2949 3648 Romae,
2976 3605 3092 3649 acta
3122 3589 3253 3649 sunt
3275 3589 3609 3664 Vicennalia,

2006 3662 2237 3736 Ctesaris
2267 3665 2358 3717 ﬁlii
2383 3664 2861 3736 morsrdili‘eratur,
2906 3682 3013 3731 quo
3042 3668 3210 3733 possit
3237 3678 3393 3736 pacto
3435 3662 3609 3724 annus

2009 3733 2097 3788 ille
2130 3750 2305 3788 nonus
2336 3735 2545 3803 imperii
2572 3736 2729 3803 hujus
2761 3737 3002 3806 intelligi,
3046 3748 3097 3791 et
3123 3733 3306 3792 n0st‘er
3332 3754 3451 3793 cum
3479 3742 3608 3795 alio-

2008 3821 2123 3860 rum
2156 3816 2436 3861 auctorum
2465 3807 2787 3861 testimoniis
2814 3808 2865 3861 in
2892 3809 3237 3862 concordiam
3272 3811 3475 3865 venire.
3502 3812 3607 3867 Sed

2007 3891 2361 3948 praiterquam
2393 3879 2535 3947 quod
2568 3894 2673 3931 non
2720 3880 2849 3933 levis
2896 3880 2947 3932 id
2980 3880 3153 3947 ipsum
3203 3883 3459 3935 momenti
3492 3894 3599 3950 est,

2006 3951 2165 4005 nimis
2196 3951 2297 4003 alia
2326 3951 2495 4003 multa
2524 3958 2730 4004 restant
2756 3966 2819 4005 ex
2846 3961 3144 4018 temporum
3172 3954 3605 4021 comparatione,

2005 4032 2062 4078 et
2093 4037 2270 4075 rerum
2295 4022 2435 4076 serie
2467 4021 2823 4086 concilianda,
2860 4037 2979 4092 qua:
3010 4022 3199 4078 doetos
3220 4038 3351 4079 sane
3375 4026 3524 4079 viros
3552 4029 3603 4080 in

2007 4096 2108 4149 alia
2140 4094 2319 4147 Omnia
2346 4094 2695 4163 impulerunt.
2742 4093 2952 4147 Nummi
2983 4109 3198 4163 qunque
3227 4094 3327 4164 ipsi
3356 4097 3528 4164 Crispi
3554 4104 3611 4154 et

2006 4165 2366 4232 Constantini,
2400 4174 2523 4232 post
2551 4164 2702 4219 varia
2755 4166 2893 4219 inter
2948 4181 3006 4219 se
3062 4174 3304 4221 veterum
3360 4168 3607 4233 dissidia,

1928 4219 1972 4282 C
2005 4219 2366 4293 acceduntadi
2390 4219 3243 4309 diii‘icultatem,exaggerandam.
3276 4219 3609 4309 δοιιᾶέίὶὶόἰ

2008 4310 2132 4366 inde
2157 4310 2332 4363 visum
2357 4319 2438 4362 est
2462 4308 2665 4375 multis,
2693 4307 2906 4373 isthmc,
2935 4325 3071 4362 mmo
3102 4309 3304 4377 imperii
3333 4314 3415 4366 sui
3446 4307 3605 4381 nono,

2008 4396 2284 4449 respuere,
2340 4390 2615 4449 tamquam
2668 4396 2775 4434 non
2816 4396 3095 4449 germana,
3145 4382 3237 4435 sed
3289 4397 3317 4434 a
3364 4384 3609 4440 studioso

2006 4454 2259 4523 quoliiam
2284 4459 2493 4507 assuta:
2529 4453 2767 4507 Inaxime
2797 4468 2915 4506 cum
2948 4454 2998 4506 in
3030 4453 3263 4519 antiquis
3284 4455 3445 4509 etiam
3473 4471 3603 4510 mss.

2006 4525 2210 4593 aliquot
2240 4524 2651 4590 desiderentur,
2684 4536 2844 4594 atque
2871 4526 2968 4593 ipsi
3011 4524 3273 4591 Pontaco,
3312 4526 3519 4582 homini
3553 4528 3605 4583 in

2008 4597 2362 4665 expendenda
2392 4603 2635 4651 veterum
2675 4597 2922 4650 codicum
2954 4595 3057 4649 lide
3091 4612 3201 4664 prce
3232 4599 3444 4653 ueteris
3474 4598 3603 4653 dili-

2006 4667 2340 4736 gentissimo,
2388 4678 2638 4738 suspeeta
2669 4666 2826 4721 valde
2859 4666 3072 4721 fuerint.
3105 4672 3279 4737 Atque
3304 4678 3361 4723 ut
3387 4685 3482 4738 pro
3509 4684 3606 4738 ge-

2010 4742 2189 4794 nuinis
2212 4739 2562 4792 nihilominus
2585 4738 2807 4805 habeas,
2845 4742 2953 4791 vim
2987 4748 3167 4793 tamen
3195 4754 3382 4793 eorum
3414 4742 3607 4807 Pagius

2007 4810 2196 4878 elndit,
2231 4810 2322 4879 qui
2372 4810 2757 4880 llieronymnm
2808 4826 2837 4862 a
2892 4808 3138 4863 kalendis
3190 4810 3603 4879 Septembribus

2007 4881 2225 4937 duxisse
2256 4881 2715 4954 annoruminitia
2741 4889 3003 4954 autumat.
3057 4880 3212 4948 Quod
3264 4883 3388 4937 licet
3430 4899 3607 4954 neque

2008 4954 2254 5007 videatur
2284 4952 2620 5016 veresimile,
2669 4962 2725 5004 ut
2771 4967 2896 5005 mox
2930 4952 3169 5018 pluribus
3217 4952 3592 5021 ostendemus,

2010 5040 2205 5091 neque,
2242 5023 2382 5095 quod
2412 5027 2486 5077 rei
2522 5031 2780 5095 caputest
2804 5066 2819 5089 ,
2861 5022 2929 5077 de
2961 5023 3393 5081 Eusebianorum
3436 5043 3609 5081 anno-

2010 5113 2126 5150 rum
2153 5096 2341 5161 initiis,
2369 5110 2490 5164 quae
2521 5094 2789 5149 ducuntur
2820 5095 3085 5164 utiqucab
3114 5105 3394 5164 autumno,
3422 5100 3514 5153 scd
3539 5100 3607 5155 de

2009 5170 2164 5222 annis
2189 5168 2363 5235 CriSpi
2412 5166 2799 5236 singularibus,
2850 5166 2937 5220 hic
2967 5167 3193 5236 quaestio
3236 5168 3333 5221 sit:
3387 5171 3607 5227 minime

2009 5238 2347 5293 diftitendum
2391 5248 2472 5293 est
2524 5250 2723 5301 tamen,
2764 5252 3022 5306 perquam
3067 5236 3343 5295 difﬁcilem
3377 5242 3605 5299 delinitu

2009 5327 2122 5367 rem
2146 5326 2289 5377 esse,
2311 5322 2368 5385 et
2391 5313 2753 5385 recentiorum
2778 5308 3235 5385 disputatioiiibus
3251 5314 3300 5366 in
3319 5323 3607 5385 utramque

2013 5396 2216 5452 partem
2241 5382 2515 5453 agitatam.
2570 5381 2814 5435 Norisius
2862 5391 3068 5446 noster,
3099 5381 3318 5453 dissert.
3355 5387 3423 5441 de
3454 5381 3602 5441 num.

2009 5454 2178 5509 Licio.
2221 5452 2355 5521 c.75,
2378 5453 2742 5509 testimonium
2767 5468 2836 5507 ex
2876 5468 3133 5524 panegyr.
3168 5452 3443 5524 Optatiani
3466 5458 3602 5513 Por-

2014 5527 2215 5597 phyrii,
2252 5528 2301 5581 in
2328 5542 2433 5596 quo
2463 5527 2539 5580 rei
2572 5525 2737 5580 cardo
2767 5530 3015 5589 vertitur,
3046 5526 3109 5578 ad
3140 5526 3599 5593 Quindecennalia

2016 5600 2353 5653 Constantini
2406 5600 2602 5665 refert,
2664 5613 2770 5667 quo
2827 5606 3071 5665 tempore
3117 5597 3426 5659 Vicennalia
3478 5610 3603 5656 vota

2014 5671 2481 5740 nuncupabantur.
2512 5673 2616 5726 Sed
2644 5679 2697 5723 ιιι
2723 5684 2790 5724 ne
2810 5668 3022 5739 longius
3044 5669 3193 5723 hisce
3224 5673 3599 5739 iinmoremur,

2012 5752 2177 5798 totam
2210 5746 2311 5797 huc
2343 5742 2485 5797 refer
2503 5741 2837 5799 Tillemontii
2865 5742 3269 5799 annotationem
3292 5745 3359 5799 54
3390 5743 3603 5800 inCon-

2012 5815 2233 5871 stantini
2261 5815 2455 5871 Vitam.

2012 5815 2233 5871 stantini
2261 5815 2455 5871 Vitam.
