4136 6428
545 336 653 397 679
1770 340 1830 399 S.
1871 341 2148 409 EUSEBII
2183 341 2578 404 IIIERONYMI
3750 344 3864 404 680

542 503 548 510 '
574 493 764 560 Olymp.
1937 503 2278 554 Romanorum.
3297 479 3301 484 ’
3414 503 3510 554 An.
3525 500 3665 558 Dom.
3727 441 3863 617 ἓξ

944 683 1122 747 _Patera
1146 683 1175 721 1³
1199 687 1369 736 rhetor
1394 687 1559 736 Romae
1590 689 1940 747 gloriosissime
1964 689 2132 740 docet.

945 618 1318 691 Iricennalibus
1341 625 1367 653 ⁸
1391 622 1691 691 Constantini
1716 605 1992 691 Delmatius
2025 626 2186 678 Caesar
2210 627 2502 691 appellatur.

942 745 1130 818 ἔξιθι·ῇί
1155 749 1369 818 rhetoris
1388 750 1484 818 ﬁiia
1509 751 1532 780 °
1562 745 1817 818 Eunomia,
1837 749 1975 814 virgo
2001 750 2297 818 Christiana,
2335 754 2384 802 in
2405 752 2687 818 eloquentia
2711 752 2834 816 patri
2853 760 3157 818 coarguatur.

941 808 1294 879 Iiberianust1
1313 814 1386 862 vir
1405 808 2153 879 disertuspraefectuspraetorii
2176 808 2358 866 Gallias
2380 808 2533 879 regit.

941 873 1223 944 Eustathius
1243 875 1807 938 Constantinopolitanus
1829 873 2087 941 presbyter
2135 881 2415 942 agnoscitur
2441 873 2468 931 ἴ
2481 877 2621 941 cujus
2642 877 2880 929 industria
2901 881 2949 943 ip
2973 878 3294 944 Jerosolymis
3321 885 3346 913 ε

1002 938 1288 999 martyrium
1311 945 1650 988 constructum
1691 947 1782 988 est.

842 999 901 1050 3i
938 997 1668 1078 ConstantinusestremoIvitfe
1692 1015 1793 1078 suae
1813 1006 2037 1078 tempore
2059 1003 2124 1052 ab
2146 1002 2358 1077 Eusebio
2373 1003 2739 1078 Nicomediensi
2758 1005 2989 1078 episcripo
3014 1002 3036 1045 ι
3051 1006 3341 1078 baptizatus,

3475 1007 3568 1060 510

1001 1064 1051 1111 in
1076 1063 1306 1132 _Arianum
1327 1063 1502 1126 dogma
1527 1063 1742 1132 declinat
1765 1077 1833 1132 :_a
1857 1077 1955 1126 quo
1980 1077 2140 1129 usque
2162 1067 2211 1116 in
2236 1069 2455 1128 praesens
2475 1073 2673 1130 tempus
2713 1063 3039 1119 ecclesiarum
3060 1063 3264 1132 rapinas,
3291 1063 3346 1120 et

1001 1129 1150 1176 totius
1167 1127 1300 1176 orbis
1322 1135 1400 1176 est
1428 1136 1596 1176 secuta
1619 1126 1874 1176 discordia.

939 1188 1309 1256 Constantinus,
1325 1201 1437 1237 cum
1457 1188 1642 1238 bellum
1668 1194 1864 1256 pararet
1895 1188 2168 1256 inAPersas,
2197 1192 2222 1230 κ
2249 1192 2297 1242 in
2319 1191 2579 1256 Ancyrone
2603 1191 2716 1241 villa
2740 1192 2932 1256 publica
2944 1191 3085 1255 juxta
3109 1192 3342 1244 Nicome-

1000 1251 1399 1320 diam__moritur,
1441 1263 1569 1301 anno
1593 1252 1754 1301 atatis
1775 1265 1878 1301 sua)
1915 1251 1994 1313 66,
2021 1260 2128 1316 post
2149 1266 2298 1316 quem
2319 1251 2463 1320 liberi
2487 1257 2596 1318 ejus
2619 1263 2725 1305 tres
2740 1251 2809 1306 ex
2837 1251 3112 1306 Cesaribus
3127 1256 3339 1318 Augusti

1002 1314 1332 1377 appellantur.

847 1376 1174 1428 Romanorum
1197 1379 1242 1427 Χ
1247 1378 1293 1426 Χ
1298 1376 1343 1426 Ι
1352 1379 1415 1439 ν,
1440 1376 1612 1429 CONS
1623 1376 1755 1448 TAIV
1768 1376 1891 1448 7:1in
1902 1378 2005 1440 US,
2023 1378 2284 1448 CQ_NS_1_'A
2297 1383 2345 1448 Ν
2357 1380 2430 1448 1'!
2438 1382 2542 1448 US_,
2568 1386 2611 1432 et
2630 1380 2804 1434 CONS
2814 1381 2988 1432 TANS
3014 1389 3338 1446 regnaverunt

980 1451 988 1462 '
1017 1501 1026 1503 _
1311 1502 1316 1503 γ
1620 1440 1761 1490 annis
1782 1440 1814 1478 h
1833 1442 1916 1503 21,
1940 1440 2181 1492 mensibus
2202 1441 2251 1500 ὅ,
2285 1443 2456 1495 diebus
2482 1440 2556 1492 12.

878 1500 902 1551 1
939 1501 1172 1552 Ablavius
1195 1502 1458 1565 prefectus
1484 1503 1719 1565 praetorii,
1750 1512 1802 1554 et
1827 1500 1962 1553 inulti
1986 1505 2220 1552 nobilium
2245 1507 2408 1556 occisi.

3463 1507 3554 1559 5H

935 1567 1089 1629 Sapor
1114 1564 1210 1616 rex
1250 1567 1542 1628 Persarum,
1586 1564 1932 1628 MesOpotainia
1971 1573 2184 1627 vastata,
2227 1568 2419 1618 duobus
2460 1567 2617 1620 ferme
2658 1569 2913 1620 mensibus
2958 1568 2977 1607 ί
3021 1567 3213 1619 Nisibin
3245 1569 3339 1619 ob-

993 1630 1142 1679 sidet.

933 1691 1206 1758 Delmatius
1227 1691 1566 1758 Cassanqiiem
1592 1691 2162 1758 patruusConstantinus
2183 1701 2460 1758 consortem
2479 1696 2622 1758 regni
2643 1694 2658 1745 i
2687 1693 2798 1758 ﬁliis
2815 1693 3106 1758 reliquerat,
3120 1693 3337 1746 factione

996 1754 1279 1820 Constantii
1296 1754 1552 1820 patruelis,
1574 1761 1634 1820 _et
1657 1755 1868 1804 tumultu
1890 1756 2086 1820 militari
2110 1757 2432 1820 interimitur,
2457 1754 2586 1806 anno
2609 1757 2805 1820 imperii
2827 1759 2905 1806 sui
2925 1754 3094 1808 tertio.

929 1816 1146 1867 Jacobus
1168 1816 1429 1868 Nisibenus
1457 1818 1484 1856 ιι
1505 1817 1767 1880 episcOpus
1803 1819 2106 1879 agnoscitur,
2133 1818 2194 1867 ad
2227 1819 2368 1881 cujus
2390 1831 2570 1882 preces
2603 1816 2738 1884 saape
2761 1820 2880 1870 urbs
2897 1820 3186 1873 discrimine
3206 1820 3334 1872 libe-

2063 1943 2294 1999 NOTIE.

573 2073 620 2123 ,τι
645 2062 795 2117 Diem
816 2069 1076 2132 praeterea
1105 2071 1316 2128 notant,
1347 2061 1554 2119 ldacius
1571 2061 1814 2132 quidem,
1837 2061 1888 2116 in
1914 2060 2113 2134 Fastis,
2144 2062 2194 2124 Α
2221 2060 2290 2116 2-1
2315 2061 2457 2117 diem
2489 2061 2850 2132 Septembris,
2885 2071 2942 2118 nt
2967 2063 3290 2134 complendo
3312 2080 3455 2121 anno
3482 2066 3644 2124 solidi
3676 2083 3828 2125 men-

996 1885 1104 1930 rata
1131 1887 1225 1931 est.

524 2149 634 2200 siv,
666 2139 870 2189 Auctor
902 2144 1028 2189 vero
1060 2134 1336 2189 Paschalis
1364 2135 1643 2200 Chronici,
1678 2150 1771 2188 Vill
1814 2134 1917 2188 kal.
1953 2132 2114 2188 Octo-

523 2205 646 2260 bris.
685 2206 948 2274 Eusebius
977 2206 1028 2260 in
1049 2208 1294 2262 oratione
1324 2207 1391 2262 de
1424 2207 1672 2261 laudibus
1697 2207 2039 2261 Constantini
2065 2209 2116 2261 in

521 2277 640 2348 ejus
688 2276 1123 2340 Tricennalibus,
1172 2280 1256 2334 vel
1315 2287 1468 2334 certe
1521 2278 1684 2347 paulo
1736 2288 1861 2348 post
1910 2277 2114 2342 habita,

520 2351 832 2420 fortissimos
859 2359 1080 2419 quatuor
1112 2348 1364 2415 Cwsares,
1400 2360 1510 2407 tres
1534 2351 1746 2406 scilicet
1774 2351 2114 2405 Constantini

521 2421 682 2486 lilios,
720 2431 774 2476 et
804 2421 1151 2488 Dalmatium,
1187 2433 1474 2477 memorat.

591 2491 617 2531 δ
647 2499 816 2549 Antea
845 2503 962 2547 erat
1004 2491 1195 2557 Pater,
1223 2494 1356 2548 alias
1390 2492 1601 2546 Pallier.
1646 2493 1889 2548 Diximus
1919 2493 1986 2548 de
2028 2493 2114 2549 in-

517 2564 656 2635 signi
688 2580 754 2621 eo
786 2566 1005 2620 rhetore
1039 2565 1093 2619 in
1141 2565 1303 2634 epist.
1345 2564 1474 2629 120,
1511 2566 1575 2619 ad
1607 2565 1906 2624 Hediliiam.
1934 2565 2110 2620 initio.

593 2649 614 2675 ε
657 2637 900 2708 Scaliger
922 2646 976 2692 et
1009 2651 1139 2692 mss.
1173 2639 1416 2706 plerique
1454 2636 1708 2691 distincta
1757 2637 1937 2690 Italico
1983 2639 2114 2690 cha-

517 2716 729 2763 ractere
756 2709 918 2764 verba
948 2710 1407 2778 prietermittunt:
1435 2724 1557 2777 quin
1589 2718 1713 2762 sunt
1745 2708 1798 2761 in
1831 2708 2110 2763 Parmensi

515 2780 580 2835 ad
623 2780 766 2835 hunc
805 2779 1062 2844 modum,
1106 2778 1328 2833 Nazarii
1366 2779 1480 2848 [ilia
1524 2778 1823 2833 Christiana
1866 2780 2008 2850 virgo
2057 2781 2110 2835 in

514 2852 808 2920 eloquentia
838 2853 971 2921 patri
1018 2859 1333 2920 coazquatur,
1369 2855 1452 2904 cui
1479 2867 1659 2905 nomen
1707 2850 1963 2904 Eunomia
1987 2853 2107 2920 fuit.

587 2923 614 2962 ἀ
651 2925 782 2979 Vide
821 2922 1174 2978 Gotofredum
1245 2921 1296 2975 in
1363 2921 1838 2992 PrOSOpograpbia
1904 2924 2108 2978 codicis

513 2993 900 3051 Theodosiani.
950 2995 1028 3050 Ex
1073 3009 1142 3048 eo
1170 2992 1548 3049 Tillemontius
1577 2995 1744 3049 hocce
1772 3009 1916 3048 anno
1941 2995 2104 3051 Tibe-

514 3068 726 3122 rianum
773 3067 1033 3121 vicarium
1079 3065 1454 3136 Hispaniarum
1498 3064 1727 3136 profert.
1774 3066 2016 3136 Scaliger
2050 3069 2102 3121 in

513 3155 623 3193 uno
652 3143 933 3206 alteroque
966 3153 1066 3193 ms.
1101 3135 1365 3192 Titianum
1393 3135 1652 3207 scriptum
1680 3137 1906 3203 invenit,
1928 3135 2100 3207 quem

511 3211 655 3266 scire
691 3227 753 3266 se
783 3210 917 3266 dixit
959 3208 1318 3264 clarissimum
1359 3221 1665 3264 senatorem
1706 3226 1718 3262 :
1751 3209 2100 3264 Tiberi-anum

512 3298 642 3338 vero
673 3281 824 3350 praef.
861 3292 1014 3350 prtet.
1045 3279 1342 3335 Galliarum
1375 3281 1643 3350 ignorare.

586 3364 609 3391 ε
640 3353 801 3410 Aliud
829 3369 926 3423 par
951 3351 1176 3408 credere
1197 3361 1311 3417 est,
1343 3369 1503 3419 quam
1527 3351 1670 3420 quod
1703 3351 1921 3407 Macarii
1945 3353 2099 3408 Jeru-

507 3425 1104 3516 solymitanipepi‘scopi
1141 3425 1404 3516 industria
1444 3431 1800 3516 esstructnm.
1831 3425 2097 3516 [Eusebius
2129 3456 2176 3516 Β

507 3495 610 3552 lib;
628 3515 686 3552 Ill
708 3497 774 3553 de
800 3496 918 3551 Vita
942 3495 1282 3551 Constantini
1300 3510 1420 3565 cap.
1446 3497 1516 3567 52
1539 3506 1827 3551 memorat.
1853 3496 2096 3567 Scaliger

507 3570 654 3652 enim
678 3584 866 3652 parum
895 3571 1082 3652 abest,
1115 3567 1559 3652 quindeceptum
1589 3567 1676 3652 hic
1707 3567 2092 3652 ilieronynium

423 3646 426 3649 ’
506 3641 676 3698 dicat.
727 3639 837 3696 Nec
891 3648 1069 3696 tamen
1127 3639 1448 3706 diffitemur,
1509 3639 1794 3710 martyrion
1845 3639 2095 3709 primitus

505 3712 830 3785 appellatum
877 3711 1394 3785 Jerosolymitanum
1433 3712 1692 3785 templum
1734 3711 1908 3785 illud,
1947 3712 2092 3782 quod

503 3783 891 3840 Constantinus
923 3783 1177 3840 excitarit
1199 3825 1213 3848 ,
1248 3791 1306 3835 nt
1327 3783 1562 3854 Cyrillns
1590 3783 1798 3837 catcch.
1834 3784 1900 3837 H
1927 3795 2093 3838 testa-

505 3865 593 3911 tur
617 3900 630 3922 ,
665 3873 769 3926 quo
798 3857 1053 3926 deinceps
1083 3857 1304 3910 nomine
1336 3867 1636 3926 martyrum
1667 3869 1879 3924 quoque
1911 3857 2091 3925 sepul-

503 3943 594 3984 cra
625 3929 822 3983 donata
853 3937 997 3983 sunt.

582 3999 601 4038 ί
627 4000 771 4056 Nihil
815 4010 898 4055 est
930 4001 982 4054 in
1012 3999 1379 4055 ecclesiastica
1409 3998 1653 4063 historia,
1686 3997 1880 4068 dequo
1907 3998 2090 4068 dispu«

503 4080 670 4127 talum
715 4074 786 4127 sit
819 4074 1008 4142 magis.
1040 4071 1266 4127 Faciunt.
1290 4087 1410 4126 cum
1446 4070 1779 4142 Hieronymo
1823 4069 2090 4125 Eusebius

502 4143 598 4200 lib.
628 4160 678 4200 tv
718 4144 826 4198 Vit.
861 4141 1202 4199 Censtantini
1233 4158 1350 4211 cap.
1385 4143 1448 4197 61
1481 4152 1536 4197 et
1566 4157 1682 4210 seq.
1704 4183 1718 4205 ,
1755 4141 2091 4198 Sozomenns

501 4213 597 4273 lib.
617 4232 680 4281 ιι,
707 4215 797 4279 54,
822 4217 1072 4272 Socrates
1099 4231 1134 4275 i.
1161 4215 1248 4269 59.
1281 4215 1361 4268 Ex
1382 4215 1586 4269 Latinis
1607 4213 1667 4269 S.
1696 4215 2010 4269 Ambrosius
2034 4217 2088 4270 in

499 4287 715 4344 Funere
745 4286 1036 4342 Theodosii
1065 4287 1238 4356 Magni
1267 4329 1282 4353 ,
1315 4294 1422 4340 etc.
1453 4285 1591 4340 Addi
1623 4294 1675 4339 et
1700 4285 1946 4357 Zosimns
1988 4303 2086 4357 po-

502 4367 628 4425 test,
657 4360 749 4430 qui
774 4369 895 4430 post
910 4357 1084 4427 Crispi
1119 4368 1174 4430 et
1199 4358 1405 4411 Faustae
1434 4356 1765 4430 necemLait
1785 4356 2089 4414 Constanti-

500 4447 630 4486 num
659 4427 946 4487 criminum
967 4429 1172 4497 piacula
1200 4430 1517 4500 quaesivisse
1539 4427 1681 4500 apud
1711 4427 2083 4484 Christianos:

500 4511 560 4557 ut
585 4503 742 4572 adeo,
769 4506 815 4559 si
841 4504 1162 4572 baptismum
1197 4499 1540 4572 imperatoris
1561 4499 1850 4572 designare
1876 4501 2084 4572 voluit,

498 4571 734 4645 vulgata:
773 4591 840 4630 ex
889 4571 1026 4628 actis
1065 4574 1121 4628 S.
1172 4571 1421 4630 Silvestri
1460 4573 1699 4642 opinioni
1741 4587 1854 4645 non
1887 4571 2082 4628 faveat.

499 4643 837 4718 Quamquam
859 4646 977 4717 ejus
1009 4648 1382 4718 narrationem
1399 4645 1522 4698 aliis
1541 4645 1608 4699 de
1630 4645 1810 4718 causis
1833 4643 2086 4700 Socrates

495 4719 615 4774 falsi
638 4714 962 4790 jampridem
988 4714 1185 4790 arguit.
1208 4717 1315 4773 Sed
1339 4720 1453 4772 lucc
1478 4716 1747 4786 persequi,
1777 4724 2086 4772 nostrarum

494 4793 727 4863 partium
760 4809 864 4848 non
893 4800 995 4847 est.

2221 2148 2311 2190 ses
2329 2134 2557 2189 Romani
2585 2144 2821 2204 quatuor
2843 2144 2896 2190 et
2919 2135 3039 2191 dies
3068 2138 3176 2190 duo
3200 2138 3492 2194 defuerint.
3519 2140 3590 2196 At
3613 2156 3742 2196 vero
3765 2157 3830 2197 se

2223 2221 2309 2276 res
2339 2207 2559 2276 penitus
2589 2209 2902 2262 econtrario
2929 2207 3140 2263 habuit.
3165 2208 3552 2265 Constantinus
3574 2228 3603 2266 a
3635 2212 3726 2269 die
3751 2215 3828 2270 25

2219 2275 2384 2353 Julii,
2436 2280 2838 2353 Consmntioet
2871 2279 3196 2353 Maximiano
3229 2295 3283 2335 vr
3319 2296 3486 2348 coss.,
3528 2283 3820 2353 imperium

2218 2349 2530 2418 auSpicatus
2553 2362 2657 2423 est,
2690 2350 2988 2420 eademque
3013 2351 3101 2406 die
3129 2361 3250 2420 post
3273 2367 3446 2409 annos
3478 2349 3695 2423 triginta
3732 2373 3824 2411 re-

2220 2430 2474 2476 currente
2499 2463 2515 2486 ,
2557 2421 2877 2477 Constantio
2921 2432 2975 2477 et
3011 2423 3211 2478 Aloino
3259 2439 3431 2487 coss.,
3476 2421 3818 2483 Tricennalia

2219 2493 2515 2565 celebravit
2545 2511 2559 2548 :
2591 2494 2791 2562 quibus
2822 2494 3028 2565 exactis
3057 2535 3072 2562 ,
3100 2495 3286 2551 decem
3318 2508 3582 2565 prazterea
3615 2501 3819 2554 mensi-

2217 2563 2318 2619 bns
2359 2576 2634 2633 superstes
2673 2567 2775 2619 l'nit
2816 2583 2829 2620 :
2864 2581 2922 2619 ιι
2962 2564 3205 2620 kalendas
3259 2563 3448 2622 Iunias
3509 2569 3744 2626 decessit
3783 2588 3818 2626 e

2221 2637 2350 2688 vita.
2371 2636 2494 2690 llaec
2514 2636 3209 2704 Hieronytnianisciilculis,
3225 2637 3392 2693 immo
3415 2650 3466 2693 et
3490 2641 3816 2697 Eusebianis

2216 2705 2267 2759 in
2301 2708 2570 2786 Chronico
2610 2708 2890 2779 (oratorio
2924 2709 3071 2763 enim
3097 2725 3257 2786 inore
3293 2714 3346 2766 in
3384 2710 3501 2766 Vita
3528 2712 3815 2786 loquitur)

2215 2779 2461 2885 aplpr'i‘me
2490 2788 2864 2885 consentanea
2900 2782 3148 2885 recegsio
3176 2792 3278 2837 est.

2393 2867 2460 2885 nn
2490 2853 2663 2885 minue
2717 2867 2761 2885 ια
2790 2861 2857 2885 ms
2889 2867 2968 2885 Inc
3071 2869 3282 2885 ul‘mnno
3359 2855 3400 2885 is:

2340 2850 2460 2906 Uno
2490 2853 2667 2905 minus
2700 2853 2863 2908 habet
2889 2867 2992 2907 ms.
3026 2853 3331 2919 Parmens.,
3359 2855 3474 2910 sive
3501 2855 3591 2910 ‘23.
3614 2855 3811 2913 Notatu

2211 2932 2390 2997 autem
2416 2923 2648 2997 dignum
2667 2965 2680 2986 ,
2713 2938 2819 2977 non
2856 2926 3044 2997 statim
3076 2940 3105 2977 a
3132 2927 3310 2997 patris
3337 2926 3487 2981 obitu
3515 2971 3529 2994 ,
3566 2928 3662 2982 sed
3691 2939 3813 2997 post

2213 2994 2372 3068 trium
2424 3007 2478 3050 et
2509 2994 2652 3068 quod
2681 2995 2942 3068 excurrit,
2971 2995 3238 3068 mensium
3283 2994 3812 3068 interregnum.'Se-

2212 3067 2456 3138 ptembre
2478 3067 2686 3121 scilicet
2701 3066 2820 3138 ejus
2847 3068 2993 3132 anni,
3011 3067 3150 3121 tilios
3183 3069 3417 3138 imperio
3445 3066 3805 3128 successisse.

2211 3137 2475 3192 Discimus
2504 3138 2557 3192 id
2584 3138 2651 3193 ab
2677 3137 2911 3211 Eusebio
2939 3141 2991 3211 in
3029 3139 3137 3211 Vii.
3170 3137 3272 3194 lib.
3296 3155 3371 3205 ιν,
3399 3150 3513 3195 toto
3533 3157 3657 3210 cap.
3691 3143 3759 3197 67
3784 3186 3802 3211 ,

2206 3219 2258 3262 et
2280 3223 2400 3278 cap.
2419 3212 2510 3275 71,
2535 3211 2587 3264 in
2613 3211 2740 3274 line,
2762 3210 2826 3283 iis
2852 3210 3062 3265 verbis:
3089 3208 3209 3283 Ipse
3235 3213 3392 3266 etiam
3411 3215 3548 3283 μετὰ
3568 3208 3805 3282 enisa-ros,

2205 3291 2316 3346 post
2343 3294 2575 3345 mortem,
2604 3281 2880 3354 imperium
2900 3281 3307 3354 retinens,quasi
3329 3281 3584 3339 redivivus
3596 3281 3806 3341 univeré

2202 3367 2315 3423 sum
2343 3354 2514 3407 orbem
2543 3352 2834 3423 gubernans
2854 3397 2868 3419 ,
2899 3364 3008 3409 etc.

2286 3422 2298 3460 ί
2329 3422 2554 3480 Gestum
2587 3426 2636 3478 in
2677 3425 2937 3495 Scaligeri
2970 3428 3289 3484 recensione
3316 3443 3440 3482 cum
3470 3429 3805 3497 praecedenti

2207 3497 2605 3572 nn_niero__:f.754
2623 3501 2904 3572 concurrit
2931 3515 2962 3572 _:_
2990 3498 3056 3552 ad
3096 3499 3250 3568 cujus
3293 3501 3534 3572 rationes
3574 3501 3805 3572 propius

2201 3565 2406 3641 habent
2432 3567 2998 3641 ChroniciPaschalis
3023 3565 3212 3626 auctor
3236 3613 3250 3635 ,
3295 3579 3352 3626 et
3391 3565 3762 3641 Theophanes
3786 3613 3803 3636 ,

2197 3640 2286 3708 qui
2314 3638 2514 3695 Nisibis
2541 3639 2880 3694 obsidionem
2901 3658 2991 3714 per
3013 3651 3113 3696 tres
3136 3652 3180 3696 et
3201 3645 3468 3714 sexaginta
3493 3638 3603 3698 dies
3622 3645 3804 3700 eidem

2198 3726 2342 3764 anno
2362 3752 2378 3778 ,
2409 3727 2517 3782 quo
2558 3721 2803 3766 mortuus
2830 3722 2912 3767 cst
2939 3712 3349 3778 Constantinus,
3385 3712 3667 3770 Fcliciano
3693 3758 3706 3776 .
3745 3727 3801 3770 ut

2197 3784 2368 3855 aiunt,
2403 3798 2456 3838 et
2480 3783 2693 3837 Titiano
2723 3798 2891 3850 coss.,
2921 3785 3220 3840 ascribunt.
3252 3791 3428 3855 Atque
3456 3785 3548 3840 illo
3581 3787 3802 3853 quidem

2197 3854 2511 3929 advivente,
2545 3855 2886 3929 recentiores,
2904 3858 3148 3929 nonnulli
3179 3854 3505 3929 chronologi
3534 3857 3802 3929 Saporem

2196 3923 2481 4006 irrupisse,
2513 3935 2748 4006 arguunt
2774 3942 2853 4006 ex_
2873 3927 3122 4006 Libanio,
3156 3930 3248 3999 qui
3281 3923 3528 3984 tradit'in
3552 3923 3804 4006 βοὶειλικῷ

2195 4009 2316 4073 post
2345 4001 2554 4053 obitum
2573 3997 2916 4073 Constantini
2946 4001 3138 4055 Persas
3161 3997 3266 4056 non
3291 4014 3452 4073 ausos
3473 3997 3596 4057 esse
3619 3997 3804 4073 Tigris

2194 4068 2369 4138 ripam
2389 4085 2668 4138 superare.
2695 4071 2795 4124 Alii
2821 4085 2927 4126 non
2948 4081 3071 4127 ante
3093 4083 3331 4141 coeptum
3353 4071 3557 4128 bellum
3581 4068 3794 4136 dicunt.

2193 4155 2353 4210 quam
2375 4143 2556 4196 audito
2577 4141 2898 4197 Constantini
2924 4159 3154 4198 excessu.
3183 4143 3398 4201 Videsis
3426 4143 3705 4202 Valesium
3730 4145 3802 4201 ad

2194 4213 2287 4285 lib.
2321 4230 2388 4285 xix
2415 4213 2688 4285 Ammiani
2715 4215 2955 4271 Marcell.
2988 4231 3110 4285 cap.
3137 4216 3188 4269 7.

2267 4284 2281 4334 i
2319 4284 2437 4340 Non
2465 4284 2614 4358 addit
2649 4285 2925 4342 Parmens.
2963 4284 3068 4340 ins.
3091 4285 3236 4356 ﬁliis,
3265 4304 3426 4358 quam
3459 4304 3647 4346 vocem
3671 4287 3803 4345 sub-

2186 4355 2359 4428 jungit
2390 4357 2637 4427 Scaliger
2661 4359 2825 4414 verbo
2854 4355 3152 4428 reliquerat.

2265 4428 2289 4467 ¹ί
2333 4429 2568 4492 Eodem,
2617 4445 2725 4498 quo
2775 4439 3020 4484 mortuos
3065 4441 3148 4485 est
3194 4430 3581 4489 Constantinus
3625 4447 3798 4498 anno,

2192 4501 2334 4555 nulla
2366 4501 2432 4556 de
2463 4499 2746 4573 obsidione
2771 4500 2974 4557 Nisibis
3001 4501 3193 4573 injecta
3223 4505 3604 4570 mentione,'in
3627 4504 3802 4560 Cbrr-

2191 4573 2313 4647 nico
2346 4573 2584 4647 Dionysii
2617 4572 2982 4647 Jacobitarum
3031 4572 3352 4642 patriarcha:
3391 4576 3632 4632 Jacobus
3679 4579 3797 4647 ipse

2190 4644 2394 4718 exiliac
2422 4645 2531 4718 vita
2562 4645 2823 4714 migrasse
2853 4645 3052 4700 dicitur
3077 4665 3089 4700 :
3113 4646 3264 4701 Anno
3289 4647 3394 4704 619
3415 4649 3434 4718 (
3454 4644 3794 4718 (ἔταξεοι-ιὶηι,

2189 4717 2279 4784 qui
2311 4731 2433 4788 cum
2470 4716 2782 4787 Dionysian.
2813 4718 2918 4771 558
2945 4722 3254 4788 concurrit)
3288 4716 3501 4773 decessit
3540 4717 3798 4775 Constan-

2117 4835 2157 4860 -_
2190 4790 2328 4843 tinus
2362 4787 2604 4858 Magnus,
2633 4788 2798 4842 diviso
2825 4789 2958 4841 inter
2979 4790 3141 4858 ipsius
3182 4787 3321 4860 ﬁlios
3363 4790 3600 4860 imperio.
3651 4791 3797 4846 Vixit

567 4874 593 4912 ε
618 4864 1043 4929 Parmens.ms.,
1065 4865 1119 4918 in
1140 4861 1349 4926 Cirone,
1371 4859 1635 4932 Vielorjn
1657 4858 1886 4932 Cmsarg,
1909 4859 2086 4932 Achg-
2113 4854 2159 4918 C
2189 4869 2362 4914 autem
2388 4854 2550 4913 annos
2571 4860 2668 4932 65,
2699 4861 2962 4932 tenuitque
3002 4854 3275 4932 imperium
3324 4854 3489 4916 atinas
3540 4864 3628 4919 55.
3675 4861 3797 4917 Hoc

496 4952 678 4992 rouam
710 4946 884 5005 vocat,
917 4936 1189 4999 Cassiod,
1221 4933 1523 5005 Acyronem.
1558 4931 1772 5005 _Dicitur
1816 4930 2084 5003 Bithyniae

494 5011 752 5078 oppidum
779 5003 921 5079 apud
952 5003 1322 5079 Nicomediam
1341 5049 1356 5069 ,
1386 5004 1527 5079 quod
1557 5003 2084 5079 Porpliyrogennette

497 5074 691 5152 Euthia
713 5074 1033 5152 appellatur.
1064 5080 1250 5134 Annos
1274 5076 1397 5152 vitae
1425 5075 1808 5152 Constantini,
1833 5091 1982 5152 quos
2011 5074 2083 5131 66

492 5147 856 5225 Hieronymus
884 5160 1159 5225 numerat_.
1187 5164 1283 5225 pro
1306 5147 1654 5225 incomplentis
1677 5147 1938 5225 accipito;
1972 5163 2081 5202 uno

491 5225 639 5280 enim
669 5219 844 5279 minus
889 5224 1077 5279 dicunt
1121 5219 1431 5285 Eusebius,
1483 5219 1748 5283 Rufinus,
1789 5221 2078 5285 Socrates,

493 5297 850 5359 Sozomenus,
883 5306 1042 5366 atque
1063 5294 1174 5366 alii.
1200 5293 1534 5366 Quamquam
1565 5292 1705 5346 idem
1734 5291 2000 5366 Eusebius
2023 5291 2079 5346 in

495 5367 604 5422 Vit.
625 5369 722 5423 lib.
747 5384 798 5423 tv
823 5363 1040 5438 cap—55
1067 5385 1079 5421 :
1112 5364 1352 5438 Imperii,
1377 5364 1572 5438 inquit,
1602 5363 1919 5438 curriculum
1943 5363 2079 5438 duo-

491 5439 584 5494 bus
610 5450 656 5496 et
674 5435 1057 5510 triginta’aimis
1087 5435 1337 5510 explevit;
1358 5435 1577 5510 exceptis
1601 5435 1865 5510 mensibus
1889 5451 1952 5488 ac
1972 5436 2082 5510 {lie-

492 5512 585 5586 bus
608 5506 785 5586 paucis
814 5529 830 5566 :
860 5513 978 5586 uita
1003 5525 1122 5586 vero
1151 5506 1378 5586 spatium
1401 5506 1565 5586 _duplo
1592 5509 1697 5576 fere
1725 5506 1928 5576 longius
1957 5507 2077 5586 fuit.

489 5578 623 5652 ρωιὲ
663 5587 824 5640 verba
866 5583 1046 5638 fucum
1083 5578 1592 5652 fecereScaligero.
1637 5586 1695 5632 ut
1725 5593 1868 5652 anno
1902 5579 2080 5633 serius

489 5651 719 5713 mortem
747 5654 1090 5726 Imperatoris
1108 5651 1305 5722 putarit
1327 5651 1640 5726 contigisse,
1665 5659 1719 5703 et
1737 5651 2005 5726 Tricensia
2026 5652 2076 5704 in

487 5731 606 5799 ejus
634 5745 744 5786 uno
771 5721 898 5783 item
925 5741 1068 5781 anno
1097 5721 1262 5799 tuisse
1277 5722 1579 5799 anticipata
1595 5721 2072 5799 (quemadmodum

486 5793 544 5854 ei
573 5799 883 5859 Vicennalia
909 5793 1162 5868 dixerat)
1188 5793 1707 5868 in70riente._At_le_o
1737 5808 1842 5849 non
1883 5794 2071 5868 exple-

484 5869 630 5932 visse
658 5887 781 5933 eum
808 5885 938 5930 vera
961 5864 1303 5926 Tricennalia
1325 5905 1342 5936 ,
1372 5879 1495 5938 quae
1525 5864 1782 5922 incidisse
1809 5864 1986 5924 voluit
2022 5867 2077 5922 in

2187 4933 2363 4986 eodem
2385 4948 2520 4985 anno
2553 4931 2614 4987 S.
2633 4929 2858 4986 Jacobus
2884 4929 3084 4987 Nisibis
3103 4933 3377 5002 episcOpus
3397 4949 3460 4987 ea:
3481 4933 3579 4987 hoc
3601 4933 3795 4990 swculo

2187 5005 2440 5074 migravit.
2475 5003 2549 5058 lta
2582 5011 2638 5058 et
2661 5003 2917 5059 Chronici
2947 5003 3212 5059 Edesseni
3243 5012 3459 5074 auctor,
3499 5006 3573 5059 cl.
3619 5007 3792 5061 Asse-

2190 5073 2370 5130 manio
2399 5077 2718 5144 interprete,
2749 5075 2900 5128 Anno
2929 5074 3032 5131 649
3060 5075 3183 5129 obiit
3224 5076 3287 5131 S.
3320 5073 3550 5130 Iacobus
3585 5077 3793 5132 Nisibis

2184 5151 2475 5219 episcopus.
2503 5148 2569 5219 Et
2593 5155 2772 5216 potest
2802 5147 2894 5201 ille
2913 5146 3132 5218 quidem
3163 5162 3336 5203 annus
3366 5164 3489 5202 cum
3518 5147 3620 5203 boc
3652 5149 3789 5218 ipso,

2185 5220 2250 5274 ad
2284 5218 2442 5290 quem
2470 5218 2638 5274 refert
2665 5219 3051 5290 Hieronymus,
3081 5221 3400 5284 convenire,
3425 5220 3470 5274 si
3491 5233 3662 5275 annos
3692 5219 3796 5274 Do-

2185 5291 2316 5346 mini
2345 5307 2406 5346 es
2446 5291 2751 5346 Euscbiana
2782 5291 2944 5360 vulgo
2973 5293 3220 5360 apposita
3266 5292 3611 5356 recensione,
3654 5299 3793 5346 tam-

2185 5364 2285 5418 etsi
2320 5361 2475 5435 falsa,
2507 5362 2573 5418 ad
2602 5363 2984 5435 Dionysianam
3011 5363 3217 5432 exigas.
3250 5361 3406 5435 Quod
3442 5377 3577 5418 vero
3607 5363 3786 5430 aiunt,

2183 5435 2374 5490 eodem
2406 5433 2496 5489 illo
2526 5433 2940 5490 Constantinum
2973 5435 3197 5502 abiisse,
3245 5451 3310 5488 ex
3353 5434 3575 5489 Eusebii
3620 5449 3789 5504 exag-

2181 5507 2462 5576 geratione
2485 5509 2748 5571 oratoria,
2778 5514 2834 5562 et
2854 5505 3184 5576 supputandi
3213 5507 3423 5561 ratione
3445 5505 3498 5560 in
3524 5505 3642 5561 Vita
3670 5506 3790 5575 ejus

2181 5577 2498 5634 adornanda
2525 5578 2702 5646 ﬂuxit,
2727 5588 2782 5632 et
2806 5593 2907 5632 suo
2935 5581 3050 5632 loco
3071 5579 3324 5646 superius
3347 5577 3655 5647 expositum
3679 5586 3784 5632 est.

2179 5650 2450 5705 Caeterum
2491 5650 2558 5705 de
2597 5651 2822 5705 liberata
2849 5649 3036 5704 Jacobi
3062 5648 3312 5718 precibus
3338 5647 3534 5716 Nisibi,
3566 5653 3788 5718 copiose

2182 5721 2558 5778 Theodoretus
2601 5724 2712 5792 agit
2740 5720 2891 5792 iHist.
2944 5721 3095 5776 Eccl.
3142 5721 3176 5775 Ι.
3210 5736 3269 5790 tl,
3307 5736 3359 5776 c.
3387 5721 3479 5785 50,
3511 5731 3569 5776 et
3598 5720 3787 5776 Philo-

2179 5795 2418 5865 storgius
2467 5794 2564 5848 lib.
2607 5791 2691 5859 ui,
2729 5791 2824 5848 25.
2871 5792 3198 5850 Adverbium
3241 5807 3377 5864 sape
3416 5792 3469 5848 in
3502 5792 3783 5849 Parmensi

2181 5881 2285 5924 ins.
2316 5881 2426 5922 non
2457 5865 2709 5923 habetur.
