4136 6434
457 430 564 490 687

484 583 680 649 Olgmp.

767 703 828 754 18
858 701 1128 752 Minervius
1149 694 1534 754 Burdegalensis
1557 694 1746 754 rhetor,
1768 691 1936 740 Romae
1969 688 2319 754 ﬂorentissime
2343 686 2506 754 docet:

1705 415 1763 472 s.
1808 407 2080 472 EUSEBII
2121 403 2498 482 utsnouvm

1905 570 2248 619 ﬂammarum.

3647 386 3750 445 688

3624 486 3750 533 Ann.

3309 547 3558 600 An.Dom.
3655 545 3715 594 ab

3627 606 3748 659 Abf.

859 737 2277 815 iii'i'ii's'thEFi'éo‘iiiEEEias'Elisseae;patruelecui
2303 750 2350 798 in
2374 746 2708 810 suspicionem
2733 743 2795 793 ob
2833 741 3092 805 egregiam
3116 737 3256 789 indo-

921 827 1018 874 lem
1043 829 1267 880 venerat,
1296 822 1346 870 in
1363 820 1505 869 lstria
1524 818 1776 870 occiditur.

855 867 1470 939 SIL'V-ANUSianallia
1489 867 1577 931 res
1607 893 1756 930 novas
1777 879 1994 935 molitus,
2020 875 2081 939 29
2101 876 2184 925 die
2221 874 2497 939 exstinctus
2514 876 2608 939 est.
2635 869 2957 939 Victorinusc
2984 867 3176 939 rhetor,
3207 869 3258 936 et

915 929 1824 1014 ﬁcu-attu‘s‘gramniaticus,“praeceptor.
1844 929 2007 1013 meus,
2038 938 2204 987 Romae
2225 937 2449 999 insignes
2473 933 2719 983 habentur
2751 947 2761 980 :
2790 946 2818 982 e
2838 931 3019 994 quibus
3042 929 3257 979 Victori-

917 1025 1011 1061 nus
1032 1004 1181 1059 etiani
1205 1015 1415 1057 statuam
1440 1007 1488 1053 in
1512 1004 1612 1054 l'oro
1633 1004 1826 1066 'l‘rajani
1853 1005 2051 1052 meruit.

857 1056 1097 1124 Paulinus
1110 1056 1168 1121 et
1187 1068 1216 1107 (1
1239 1056 1540 1129 Rhodanins,
1567 1056 1833 1129 Galliaiuiu
1853 1064 2091 1129 episcopi,
2103 1062 2158 1129 in
2184 1060 2416 1129 exsilium
2439 1059 2502 1129 ob
2525 1057 2672 1129 ﬁdem
2706 1056 2847 1106 trusi.

859 1121 1075 1185 Alcimus
1099 1138 1153 1182 et
1177 1131 1467 1191 Delphidius
1490 1121 1720 1178 rhetores
1742 1129 1791 1175 in
1810 1121 2446 1191 Aquitania'ﬂorentissime
2469 1121 2667 1170 docent.

858 1197 1046 1248 Petrus
1073 1200 1096 1226 ⁸
1123 1188 1504 1254 Caesaraugustae
1528 1197 1694 1254 orator
1719 1191 1926 1254 insignis
1939 1188 2109 1254 docet.

861 1237 1098 1318 Maiis,
1122 1237 1272 1319 εἶ’ξῖιῖ
1287 1237 1437 1319 sese;
1460 1237 1759 1319 Ponatianos
1783 1237 2008 1319 iii'Aﬁ-ica
2031 1237 2124 1298 dici
2143 1248 2537 1319 memoravimus,
2565 1237 3264 1319 Carthagi'pepellitqr:Piri:

925 1303 1329 1371 dam—sectatores
1353 1303 1461 1375 iejus
1486 1317 1633 1364 etiam
1653 1313 1937 1364 Montenses
1967 1311 1985 1350 τ
2027 1317 2217 1373 vocant,
2244 1323 2304 1360 eo
2326 1309 2456 1372 quod
2481 1303 2737 1357 ecclesiam
2759 1303 2946 1353 Roma:
2972 1307 3174 1366 primam
3211 1303 3260 1349 iu

931 1389 1099 1432 mOule
1119 1381 1305 1429 habere
1319 1379 1576 1439 coeperint.

555 1451 648 1502 28$
778 1448 838 1499 19
869 1445 1117 1498 Eusebius
1141 1440 1475 1492 Vercellensis
1495 1440 1576 1500 epi

778 1448 838 1499 19
869 1425 1476 1498 Ediéiii'iis'vaééiieiiss
1493 1425 1776 1500 episcopus,
1815 1445 1867 1487 et
1884 1433 2100 1500 Lucifer,
2126 1447 2183 1484 ac
2213 1433 2470 1500 Dionysius
2493 1429 2785 1500 Caralitanae
2811 1433 2863 1478 et
2879 1425 3264 1500 mediolanensis

3389 1425 3483 1477 359

931 1488 1164 1556 ecclesiae
1183 1488 1419 1566 episcopi,
1442 1488 1726 1566 Pgancratiiis
1748 1488 1950 1566 quoque
1984 1488 2228 1566 Romanus
2251 1488 2529 1558 presbyter,
2557 1491 2851 1566 et_llilarius
2887 1489 3147 1551 diaconus,
3190 1488 3279 1536 di-‘

929 1569 1171 1619 stantibus
1191 1556 1320 1614 inter
1344 1556 1419 1623 se,
1448 1563 1508 1612 ab
1533 1563 1724 1612 Arianis
1744 1556 1797 1609 εἰ
1817 1575 1843 1610 a
1863 1556 2143 1623 Constantio
2163 1556 2452 1609 damnantur
2479 1556 2688 1606 exsiliis.

869 1633 1092 1682 Julianus
1112 1628 1265 1677 frater
1288 1621 1429 1690 Galli,
1456 1625 1717 1690 Mediolani
1747 1625 1771 1662 ε
1794 1622 1952 1690 Caesar
1976 1621 2268 1690 appellatur.
2831 1675 2845 1690 ‘
2877 1689 2916 1690 ﬂ
2995 1689 3002 1690 ί
3052 1677 3063 1690 ο

869 1675 1396 1745 Ᾰῖίίδιιιιιςἠι‹ιιιίιρὶιιιε
1418 1675 1508 1737 103
1527 1689 1685 1735 relatis
1709 1699 1835 1750 anno
1857 1689 1905 1734 in
1930 1675 2114 1750 eremo
2142 1680 2565 1750 moritur,_solitus
2602 1677 2769 1750 multis
2788 1675 2845 1726 ad
2869 1675 3271 1750 seovenientibus

929 1739 993 1806 de
1012 1739 1166 1802 Paulo
1186 1750 1393 1811 quodam
1417 1749 1641 1799 'l'bebieo
1666 1749 1803 1796 mirae
1826 1746 2144 1796 beatitudinis
2173 1746 2279 1794 viro
2305 1745 2499 1794 referre
2522 1739 2810 1804 quamplura
2837 1752 2848 1786 :
2875 1740 3013 1802 cujus
3033 1751 3120 1788 nos
3159 1739 3271 1786 exi-

930 1826 1030 1866 tum
1059 1810 1248 1864 brexih
1270 1810 1437 1874 libello
1473 1811 1839 1874 explicavimus.

867 1862 1085 1930 Hilarius
1098 1862 1362 1938 episcopus
1383 1862 1722 1938 Pictav'iensis,
1747 1871 1960 1920 factione
1981 1871 2236 1938 Saturnini
2255 1868 2564 1938 Arelatensis
2584 1862 3268 1938 episcOpi,_r_eliquorumque,

928 1940 1012 2001 qui
1037 1927 1152 1988 cuni
1173 1949 1235 1986 eo
1256 1927 1421 2001 erant,
1441 1927 1754 1995 Arianorum,
1793 1939 1911 1983 ante
1935 1934 2201 1983 triennium
2225 1934 2274 1981 in
2313 1932 2573 1994 Phrygiam
2604 1927 2792 1993 pulsus,
2819 1927 2975 1977 libros
3005 1927 3069 1976 de
3111 1929 3274 1974 nostra

930 1999 1177 2063 religione
1199 1999 1465 2063 compon_it_.

872 2055 1116 2126 Reliquiae
1144 2062 1162 2126 ξ
1192 2055 1416 2124 Apostoli
1439 2059 1684 2126 Timothei
1710 2055 2442 2126 ConstantinOpoliminvecta}:
2473 2064 2475 2067 ‘

870 2117 1111 2186 Sarmata,
1137 2117 1352 2181 Amatas,
1378 2129 1442 2186 et_
1453 2121 1695 2186 Macarius
1717 2119 1952 2186 discipuli
1965 2117 2163 2186 Antonii
2173 2121 2410 2186 insignes
2431 2117 2696 2167 habentur.

871 2181 1107 2238 Liberius
1128 2185 1390 2246 episcopus
1413 2183 1658 2232 Romanus
1678 2185 1728 2230 in
1761 2181 1775 2233 i
1811 2181 2043 2246 essilium
2063 2181 2298 2231 mittitur.
2436 2242 2480 2246 __
2616 2239 2644 2246 _
2830 2199 2854 2213 υ

872 2235 1062 2322 Magnae
1089 2248 1116 2286 ιι
1139 2235 1524 2322 Alemiiunorum
1565 2246 1718 2308 c0piae
1742 2243 1871 2307 apud
1907 2243 2290 2307 Argentoratum
2336 2242 2570 2307 Oppidum
2610 2239 2898 2302 Galliarum,
2923 2250 2952 2289 a
2977 2237 3172 2290 Caesare
3195 2235 3280 2286 δυο

935 2310 1063 2362 liano
1084 2320 1355 2372 oppressae.

2012 2456 2242 2517 NOTAE.

544 2611 572 2643 ι
620 2601 892 2658 Pontacus
939 2595 1186 2665 exponit,
1237 2590 1612 2667 Constantium
1643 2591 1810 2667 variis
1857 2592 2068 2647 artibus
2095 2593 2145 2655 Α
2175 2600 2277 2667 tas,
2300 2590 2424 2646 Non
2446 2593 2588 2663 quod
2609 2592 2843 2667 ignorem
2859 2589 3051 2667 Gaium
3075 2588 3306 2667 Marium
3328 2589 3789 2667 Virtorinumqui

473 2674 686 2733 Gallum
718 2669 786 2725 ad
811 2683 872 2725 se
898 2664 1212 2738 pellexisse,
1232 2679 1296 2738 ac
1323 2664 1540 2718 demum
1566 2664 2068 2738 interticicurasse.

474 2745 651 2805 Grazci
683 2757 823 2813 quos
851 2735 1096 2813 Scaliger
1125 2737 1328 2813 laudat,
1361 2740 1742 2813 μετάπεμπτον,
1772 2735 1825 2789 id
1852 2743 1958 2797 est,
1985 2750 2074 2813 ac-

473 2805 733 2875 cersitum
762 2812 974 2866 dicunt.
1009 2805 1166 2862 idem
1199 2807 1257 2860 ob
1288 2807 1488 2878 regiam
1520 2805 1750 2860 indolem
1789 2820 1910 2878 cum
1955 2805 2077 2878 aliis

477 2905 580 2960 pro
626 2884 886 2959 egregiam
925 2879 1092 2960 legit:
1122 2877 1773 2960 militumque“miratur,‘
1801 2877 1980 2958 istbue
2009 2877 2078 2931 ab

475 2948 813 3028 Hieronymo
843 2951 1141 3028 proditum,
1173 2949 1343 3003 fuisse
1371 2948 1584 3003 Gallum
1621 2948 2076 3028 pro_pt.er_regia_m

477 3019 717 3086 indolem
738 3019 1062 3080 Constantio
1082 3033 1416 3089 suspectum,
1435 3036 1592 3090 quem
1616 3021 1797 3089 potius
1817 3019 1886 3072 ob
1911 3019 2078 3073 multa

481 3100 723 3155 incivilia
753 3105 927 3166 gesta,
967 3100 1135 3166 utque
1173 3100 1427 3166 auctores
1467 3092 1584 3166 alii_
1606 3090 2080 3166 narrant._crude-

477 3173 722 3234 litatem,
755 3159 1125 3231 'vecordiain,
1171 3162 1479 3234 perﬁdiam,
1509 3160 1814 3234 emaciatum
1846 3159 2082 3234 denique

482 3231 772 3309 imperium
807 3237 971 3307 jussit
1019 3231 1279 3309 interﬁci.
1326 3231 1446 3288 Erit
1469 3234 1575 3309 ⁸(ιιιὶ
1618 3233 1701 3309 bis
1728 3231 1982 3309 nimirum
2015 3231 2081 3285 de

484 3302 666 3368 causis
712 3302 1034 3378 impressam
1088 3305 1378 3378 lectionem
1429 3303 1491 3358 ob
1531 3304 1789 3376 egregiam
1831 3302 2080 3378 indolem,

487 3398 610 3454 quae
637 3391 692 3437 et
716 3375 1069 3454 plurimorum
1101 3375 1349 3454 codicum
1373 3375 2053 3454 est,verioremeitistimet
2067 3390 2081 3426 :

486 3444 652 3522 idque
701 3444 1302 3526 velit_cipwaixaig_dicj,
1339 3455 1396 3498 ut
1443 3444 1578 3500 illud
1611 3444 1822 3526 Virgilii
1864 3446 2086 3526 notissi-

485 3515 659 3586 mum,
683 3522 888 3592 egregia
915 3515 1110 3592 canina:
1138 3517 1206 3571 de
1235 3515 1667 3592 Clytemnestra.
1701 3516 1810 3574 Sed
1830 3523 1914 3570 est
1939 3531 2086 3592 sane

486 3586 859 3651 verosiniilius
921 3586 1066 3660 quad
1123 3586 1474 3660 postmodum
1527 3588 1770 3660 Scaliger
1829 3587 2083 3656 conjecit,

489 3675 698 3721 tantum
729 3678 835 3718 non
861 3657 960 3730 pro
983 3657 1505 3730 certogasseruisset,
1534 3660 1586 3712 in
1610 3657 1804 3730 Grieco
1840 3668 2084 3722 auctore,

490 3735 638 3791 unde
688 3737 804 3789 haec
850 3728 1070 3796 excepit
1131 3728 1534 3800 Hieronymus,
1593 3729 1759 3785 fuisse
1823 3733 2086 3799 scriptum

493 3808 700 3869 ὕποπτς
755 3803 841 3860 διὰ
874 3805 935 3858 τὸ
972 3801 1226 3873 βασίλειον
1261 3802 1524 3872 γενόμενος
1555 3819 1585 3873 ξ-
1620 3801 1772 3855 illum
1820 3808 2000 3873 autent
2031 3803 2089 3854 τό

491 3879 773 3951 βασίλεων,
792 3875 940 3951 quod
965 3869 1116 3951 certe
1144 3869 1486 3951 tyrannidem
1510 3870 1766 3951 alfectare
1797 3869 2086 3951 significat,

493 3943 593 4016 'pro
615 3949 757 4017 regia
784 3943 984 4017 indole,
1017 3943 1300 4017 deceptum
1321 3943 1556 4017 dictandi
1581 3945 1949 4017 properantia,
1968 3957 2091 4017 ver-

498 4011 649 4076 tisse.
671 4011 803 4072 Ῥιοο
841 4015 896 4069 in
925 4012 1108 4077 Istria,
1143 4026 1298 4082 teque
1330 4013 1466 4067 bene
1494 4014 1616 4067 libri
1648 4011 1740 4067 alii
1791 4011 1965 4066 Islria.’
1993 4012 2090 4065 ba-

494 4092 628 4146 bent
664 4109 674 4141 :
722 4100 920 4155 neque,
949 4095 1008 4138 ut
1049 4083 1236 4155 jactat_
1265 4083 1531 4152 Scaliger.
1566 4083 1768 4138 idioma
1823 4085 2089 4154 Hierony-

497 4161 739 4216 mianum
777 4152 883 4210 hoc
913 4162 1017 4223 est,
1070 4152 1168 4208 sed
1215 4153 1465 4224 Latinum
1498 4155 1707 4224 utique,
1741 4163 1795 4208 et
1842 4152 2086 4209 melioris

496 4245 645 4287 noue
663 4229 978 4284 auctoribus
996 4233 1332 4291 usnrpatum.
1363 4223 1542 4280 Codex
1569 4223 1750 4280 tamen
1775 4225 2088 4281 Parmensis

496 4309 757 4357 neutrum
808 4297 1002 4360 habet,
1061 4294 1157 4349 sed
1222 4295 1473 4350 occiditur
1525 4297 1792 4351 absolute.
1849 4295 2087 4364 Tempus

540 4371 643 4425 uod
688 4377 920 4438 spectat,
953 4365 1197 4436 Scaliger
1249 4368 1576 4438 praecedenti
1637 4367 1884 4436 proxime
1945 4383 2088 4423 anno

529 4437 804 4496 Ionstantii
841 4439 907 4494 17
934 4447 1145 4506 gestum
1189 4437 1460 4502 aSt-ripsit.
1501 4438 1566 4492 Et
1587 4453 1718 4493 vero
1766 4452 1912 4493 coss.
1943 4440 2087 4492 Con-

501 4512 704 4569 stantio
735 4514 872 4579 Aug.
901 4523 996 4579 vn,
1023 4517 1184 4578 atque
1203 4509 1322 4579 ipso
1342 4508 1498 4564 Gallo
1518 4525 1575 4564 ιιι
1602 4509 1916 4578 contigisse,
1939 4523 2091 4563 com-

497 4590 716 4654 pertum
747 4578 874 4636 est:
905 4578 1002 4636 sed
1033 4594 1156 4634 cum
1179 4578 1412 4634 Caesarei
1435 4581 1570 4654 ejus
1576 4581 1814 4654 imperii
1829 4589 2088 4654 quartum

503 4649 706 4709 annum
733 4661 983 4706 auctores
1008 4665 1138 4705 eum
1167 4659 1459 4720 supputent
1487 4652 1553 4703 ab
1576 4650 1760 4706 Idibus
1795 4649 2002 4718 Martii,
2033 4662 2092 4706 ut

497 4726 752 4794 superius
779 4721 1293 4794 animadvertimus,
1329 4723 1648 4794 consulatus
1685 4733 1868 4794 autem
1911 4723 2005 4776 ille
2033 4722 2088 4776 in

502 4791 714 4864 partem
766 4807 981 4862 quoque
1021 4791 1225 4864 decimi
1255 4792 1430 4864 octavi
1477 4792 1817 4864 Constantii,
1855 4805 2009 4864 puta
2059 4808 2091 4848 a

502 4861 752 4922 kalendis
787 4861 1226 4933 Septembribus,
1263 4861 1526 4920 incurrat.
1571 4871 1627 4916 ut
1666 4863 1798 4917 satis
1832 4861 1960 4918 illud
1995 4867 2090 4918 be-

507 4954 577 4993 ne
602 4945 838 4999 constet,
869 4932 1083 5004 gestum
1110 4933 1163 4986 in
1196 4932 1338 5004 hunc
1362 4942 1478 4988 erat
1503 4934 1809 4989 Censtantii
1830 4933 2092 4990 differen-

508 5010 677 5064 dum:
711 5007 764 5062 id
807 5002 953 5075 quod
984 5003 1147 5075 etiam
1177 5002 1507 5075 indicatrsuh
1551 5005 1670 5073 ejus
1705 5007 1828 5060 anni
1875 5005 2092 5059 initium

509 5079 722 5136 Gallum
762 5073 938 5131 fuisse
961 5074 1328 5145 interiectum,
1358 5073 1494 5128 Vide
1520 5089 1664 5145 sazpe
1690 5075 1940 5130 laudatos
1968 5091 2093 5131 auc-

507 5160 660 5206 tores
700 5147 839 5203 Hist.
876 5146 1054 5217 Eccl.,
1089 5156 1144 5200 et
1175 5143 1446 5200 Victorem
1491 5145 1544 5200 in
1586 5143 1910 5212 Ciesaribus,
1940 5147 2031 5217 qui
2064 5163 2094 5201 a

509 5220 653 5278 Galli
703 5225 878 5273 morte
921 5216 1141 5272 demum
1189 5225 1311 5285 post
1363 5218 1705 5286 septuaginta
1750 5233 1928 5271 annos
1963 5216 2095 5272 ’rei-

508 5291 743 5362 publica:
763 5304 949 5344 curam
965 5288 1032 5342 ad
1057 5302 1218 5362 unum
1247 5286 1719 5362 redisseannotat.
1743 5289 1910 5362 Adde
1923 5286 2094 5362 Chi-y-

507 5355 810 5416 sostomum
849 5373 1065 5430 quoque
1107 5355 1303 5412 Homil.
1355 5358 1423 5412 15
1451 5358 1507 5412 in
1552 5359 1724 5428 Epist.
1772 5360 1841 5414 ad
1883 5355 2088 5429 Pliilip-
2120 5365 2167 5428 ο

509 5447 733 5503 penses.
943 5500 957 5512 θ
1425 5499 1436 5511 .

582 5501 610 5542 ι’
643 5506 817 5574 Atque
867 5500 1028 5569 hujus
1077 5512 1266 5580 necem
1296 5498 1538 5580 Scaliger
1580 5500 1648 5554 ad
1683 5501 2093 5580 praecedentem

506 5590 710 5630 annum
730 5569 978 5639 revocat,
1009 5570 1155 5637 quod
1187 5569 1398 5639 longius
1427 5569 1461 5624 a’
1483 5587 1610 5625 vero
1647 5569 1920 5628 abhorret.
1953 5575 2093 5641 Lege

506 5645 705 5702 Juliani
728 5654 870 5699 orat.
902 5659 941 5706 ι,
967 5641 1034 5696 ad
1057 5641 1435 5696 Constantium
1458 5655 1508 5696 et
1539 5641 1810 5698 Victorem
1837 5646 1889 5698 in
1914 5645 2094 5698 Caesa-

505 5718 682 5782 ribus,
734 5716 972 5784 denique
1022 5712 1365 5766 Ammianum
1425 5713 1793 5770 Marcellinum
1865 5716 1960 5769 ili).
2028 5730 2093 5769 xv

511 5789 714 5918 “3.51
731 5789 1082 5930 epfaiiatioue
1133 5855 1508 5914 commentarii
1569 5857 1767 5928 prioris
1815 5855 1884 5913 ad
1932 5856 2094 5914 Gala-

2120 3984 2167 4043 B

2179 2663 2378 2726 Romae,
2404 2661 2483 2716 nte
2501 2661 2688 2735 puero,
2709 2663 3024 2718 rhetoricam
3051 2664 3248 2732 docuit,
3272 2671 3376 2719 etc.
3400 2661 3536 2719 Vide
3565 2678 3686 2733 quae
3709 2661 3785 2718 ibi

2182 2745 2532 2789 annotamus.

2251 2803 2277 2843 ἀ
2311 2806 2487 2860 Antea
2524 2805 2834 2860 Rhodianus
2871 2804 3135 2874 scriptum
3169 2814 3287 2862 erat
3321 2823 3336 2861 :
3367 2805 3458 2861 alii
3487 2803 3608 2859 libri
3638 2803 3790 2858 Rho-

2182 2877 2398 2930 danium
2431 2877 2745 2944 praeferunt.
2785 2877 2918 2932 Vide
2945 2879 3308 2932 Sozomenuni
3333 2877 3426 2931 lib.
3461 2892 3514 2931 ιν
3544 2891 3666 2946 cap.
3695 2875 3787 2941 19,

2183 2956 2240 3004 et
2267 2948 2543 3002 laudatum
2569 2948 2645 3002 ibi
2679 2947 2899 3003 Valesio
2929 2948 3224 3016 Sulpitium
3251 2947 3541 3004 Severum.

2260 3029 2284 3056 ο
2339 3019 2507 3074 Abest
2558 3019 2675 3074 btec
2730 3034 2757 3072 a
2811 3015 3098 3074 Parmensi
3155 3037 3260 3075 nis.
3304 3019 3581 3089 periocha.
3629 3015 3790 3074 Haud

2183 3089 2334 3160 scio,
2357 3106 2482 3144 num
2510 3090 2598 3143 alii
2632 3090 2701 3144 de
2731 3101 2948 3146 oratore
2973 3091 3081 3146 isto
3107 3100 3361 3146 auctores
3395 3091 3713 3160 loquantur.

2260 3162 2279 3199 ί
2310 3159 2509 3216 Confer
2535 3161 2594 3218 S.
2620 3160 2794 3216 Patris
2819 3163 2992 3232 Epist.
3027 3162 3079 3215 in
3116 3174 3302 3217 nostra
3339 3159 3663 3218 recensione
3691 3161 3788 3228 ‘57,

2189 3232 2253 3287 ad
2281 3233 2615 3294 Marcellam,
2651 3232 2822 3296 initio,
2858 3243 3056 3302 etquae
3088 3249 3188 3287 nos
3220 3234 3316 3288 ibi.

2259 3314 2284 3350 ε
2308 3305 2366 3358 In
2393 3303 2746 3372 Scaligerana
2779 3304 3044 3368 editione,
3077 3305 3334 3374 culpa,ut
3359 3303 3594 3369 videtur,
3627 3310 3794 3374 typo-

2187 3377 2544 3446 graphornm,
2578 3375 2694 3428 hinc
2719 3375 2973 3443 periocha
3015 3376 3380 3431 desideratur.
3419 3375 3583 3446 lict-te
3623 3389 3792 3443 porro

2191 3445 2402 3514 tempus
2437 3445 2537 3500 bac
2566 3446 2891 3500 recensione
2926 3448 3259 3514 assignatum
3309 3463 3450 3501 anno
3480 3445 3793 3500 Constantii

2189 3515 2406 3571 decimo
2445 3532 2589 3570 nono
2637 3516 2857 3571 ineunte
2901 3533 2916 3572 :
2961 3517 3232 3586 siquidem
3279 3516 3528 3572 Julianus
3566 3526 3794 3571 creatus

2190 3597 2274 3642 est
2303 3587 2488 3642 Caesar
2517 3603 2618 3651 ,vm
2653 3589 2725 3642 id.
2757 3587 3086 3654 Norembris,
3120 3589 3407 3644 Arbitione
3447 3601 3502 3644 et
3541 3587 3793 3642 Lolliano

2191 3672 2363 3721 coss.,
2395 3668 2449 3713 ut
2480 3660 2796 3714 Ammianus
2826 3659 3168 3713 Marcellinus
3198 3661 3297 3714 lib.
3339 3674 3407 3714 xv
3441 3673 3563 3726 cap.
3599 3659 3631 3713 8
3656 3674 3792 3713 auc-

2193 3739 2278 3784 tor
2303 3737 2388 3784 est
2417 3749 2429 3782 :
2491 3732 2614 3783 anni
2647 3738 2824 3784 autem
2853 3729 3181 3796 Constantii,
3220 3739 3279 3786 ut
3305 3732 3507 3798 saepius
3543 3738 3792 3784 notatum

2193 3809 2298 3864 est,
2317 3802 2521 3855 dueum
2544 3817 2572 3853 a
2595 3800 2920 3870 Septembre
2943 3801 3178 3854 initium.
3208 3803 3494 3855 Ammiano
3516 3805 3792 3856 consentit

2196 3870 2406 3926 ldacius
2435 3873 2489 3925 in
2532 3871 2730 3940 Fastis,
2781 3884 2973 3926 aucmr
3012 3887 3140 3926 vero
3171 3872 3449 3928 Paschalis
3502 3870 3788 3938 Chronici,

2196 3955 2246 3997 et
2272 3941 2415 3996 Fasti
2440 3942 2609 3998 Siculi
2630 3958 2869 3996 mensem
2889 3943 3073 3998 dicunt
3096 3943 3337 4011 proxime
3363 3943 3789 4012 praecedentem,

2195 4015 2312 4068 sive
2345 4029 2436 4067 vut
2465 4013 2539 4067 id.
2581 4014 2857 4073 Octobris,
2889 4015 3033 4083 quod
3077 4015 3204 4068 lcet
3251 4013 3556 4069 rationibus
3587 4013 3793 4068 nostris

2192 4085 2416 4140 minime
2441 4084 2670 4149 ofﬁciat,
2706 4098 2811 4138 non
2845 4095 3024 4140 tamen
3051 4085 3365 4153 probamus.
3421 4137 3434 4140 ..

2263 4154 2293 4192 ¹ι
2326 4155 2566 4210 Primum
2597 4155 2803 4210 obtinet
2834 4158 3010 4210 locum
3043 4167 3170 4210 tomi
3203 4155 3426 4211 secundi
3456 4163 3656 4209 nostrai
3690 4154 3793 4208 liu-

2188 4227 2277 4294 jus
2321 4226 2602 4282 editionis.
2653 4227 2866 4281 Annum
2899 4242 3007 4296 quo
3058 4229 3297 4296 scriptus
3331 4227 3467 4282 liber
3499 4239 3606 4291 eSt,
3653 4225 3793 4279 dixi-

2193 4313 2314 4352 mus
2335 4299 2537 4352 Cbristi
2569 4298 2698 4362 574,
2747 4308 2840 4352 aut
2867 4306 3208 4367 sequentem.
3253 4297 3568 4352 Parmensis
3606 4312 3708 4351 ms.
3735 4298 3790 4351 in

2193 4367 2399 4493 ignoro,
2431 4368 2825 4440 explicabimus,
2859 4369 3001 4440 quod
3035 4371 3496 4440 pronuntiationis
3525 4377 3611 4422 est
3638 4382 3791 4422 men-

2240 4455 2349 4493 um.

2240 4455 2349 4494 ιιηι.

2275 4509 2288 4547 ί
2344 4511 2426 4565 Ex
2447 4527 2636 4566 eorum
2666 4526 2912 4577 numero,
2951 4512 3038 4580 qui
3071 4513 3231 4581 vulgo
3260 4511 3492 4580 apostoli
3540 4509 3789 4574 audiunt,

2194 4581 2541 4637 Timotheum
2577 4599 2682 4636 non
2729 4584 2925 4647 fuisse,
2959 4595 3299 4649 compertum
3348 4593 3453 4648 est,
3486 4582 3629 4652 quod
3669 4581 3791 4636 Pri-

2199 4655 2402 4707 masius
2421 4655 2473 4723 in
2498 4669 2615 4720 cap.
2643 4656 2873 4723 primum
2896 4654 3126 4719 Epistol.
3157 4655 3223 4708 ad
3245 4654 3644 4722 Philippeusrs,
3669 4667 3794 4721 qua:

2194 4724 2403 4791 incipit,
2436 4722 2662 4792 Paulus,
2696 4734 2741 4778 et
2771 4725 3070 4779 Timotheus
3093 4725 3222 4779 servi
3249 4723 3377 4778 Iesu
3415 4723 3630 4787 Christi,
3672 4724 3792 4790 pla-

2197 4794 2420 4850 nissime
2445 4797 2658 4858 statuit,
2691 4811 2814 4849 cum
2858 4796 3011 4860 dicit,
3045 4795 3226 4849 Omnis
3271 4797 3543 4862 apostolus
3587 4810 3791 4854 servus.

2196 4882 2297 4938 non
2330 4868 2497 4938 omnis
2528 4882 2700 4920 seruus
2747 4868 3033 4938 apostolus.
3075 4867 3180 4923 Sed
3219 4867 3356 4920 sient
3391 4865 3794 4935 Epaphroditus

2195 4951 2224 4990 a
2251 4937 2417 4990 Paulo
2446 4937 2723 5006 apostolus
2756 4937 3183 5007 Pliilippensium
3214 4938 3413 4991 dicitur
3440 4955 3450 4989 :
3487 4939 3564 4990 sic
3594 4949 3794 4990 vocare

2195 5010 2527 5077 quandoque
2559 5015 2743 5063 amant
2772 5022 3071 5076 scriptores
3102 5017 3318 5064 veteres
3347 5007 3590 5076 generali
3627 5021 3793 5060 voca-

2196 5079 2327 5132 bulo
2369 5080 2668 5146 apostolos,
2713 5081 2803 5147 qui
2846 5081 2912 5132 ad
2954 5092 3170 5148 gentem
3204 5080 3440 5148 aliquam
3483 5077 3793 5132 Christiana

2199 5149 2304 5204 lide
2334 5149 2678 5203 imbuendam
2703 5151 2853 5205 missi
2885 5160 3030 5204 sunt.
3052 5150 3221 5203 Porro
3245 5150 3386 5204 baud
3411 5157 3557 5202 recte
3581 5148 3634 5201 iu
3662 5148 3796 5201 Par-

2197 5224 2372 5274 mensi
2405 5236 2530 5283 ms.,
2564 5220 3031 5291 Constantinopoli,
3059 5224 3278 5275 invenite
3308 5236 3406 5290 pro
3423 5219 3796 5274 Constantino-

2198 5293 2359 5361 polim
2389 5293 2632 5354 invecta},
2664 5293 2812 5358 legit.

2273 5362 2286 5411 i
2353 5363 2466 5417 lluc
2518 5364 2660 5416 refer
2715 5363 3114 5418 'l‘heodoretum
3170 5362 3310 5418 ilist.
3371 5361 3526 5418 Eccl.
3586 5361 3682 5414 lib.
3733 5375 3793 5420 ιι.

2203 5447 2325 5505 cap.
2375 5432 2458 5498 16,
2502 5443 2666 5505 atque
2715 5434 2846 5505 illud
2877 5433 3194 5504 cumprimis
3226 5434 3442 5503 insigne
3474 5446 3795 5505 responsum

2203 5503 2402 5558 Liberii
2447 5507 2512 5557 ad
2544 5503 2943 5572 Constantium,
2976 5503 3139 5560 malle
3181 5520 3240 5559 se
3270 5505 3684 5559 Ecclesiasticas
3717 5503 3795 5556 le-

2201 5588 2297 5698 ges
2336 5590 2556 5630 servare
2598 5578 2857 5647 integras,
2891 5591 3050 5646 quam
3098 5575 3300 5631 habere
3327 5577 3515 5632 Romae
3557 5573 3792 5629 domici-

2230 5661 2360 5698 tum.

2230 5661 2360 5700 illm.

2274 5717 2300 5754 κ
2333 5717 2554 5773 Gestum
2584 5718 2796 5774 confert
2819 5720 2872 5772 in
2903 5727 3221 5787 sequentem
3255 5715 3561 5775 Censtanlii
3591 5730 3793 5771 annum

2202 5785 2470 5860 Scaliger,
2499 5793 2641 5859 quod
2673 5801 2729 5844 et
2771 5794 2950 5845 minus
2982 5785 3264 5860 probabile
3308 5802 3413 5856 est,
3448 5797 3503 5845 et
3533 5799 3620 5843 est
3645 5799 3795 5844 certe

2202 5870 2394 5917 contra
2431 5868 2674 5919 veterum
2701 5861 2976 5936 librorum
3018 5862 3201 5922 tidem.
3232 5861 3538 5921 Commissa
3580 5869 3665 5916 est
3697 5873 3797 5930 pu-
