4038 6416
496 283 605 342 δςες
1747 274 1807 332 s.
1849 270 2126 334 susse“
2165 269 2550 331 ntenouvut
3692 274 3796 333 ttae

3667 374 3794 422 Amr.

519 441 717 506 Olymp.
1958 437 2295 487 Romanorum.
3362 432 3608 487 Atellam.
3675 433 3765 548 Διιῶ

3751 509 3779 546 ,.

836 590 866 636 5
900 587 1083 638 Valens
1105 586 1165 636 ab
1187 584 1408 638 Eudoxio
1432 585 1722 648 Arianorum
1745 584 1975 648 episeOpo
1997 582 2268 648 baptizatus
2291 584 2482 648 nostros
2506 579 2842 644 persequitur.
3425 581 3522 634 370

962 650 1223 700 Gratianus
1247 650 1271 678 ⁸
1300 647 1628 699 Valentiniani
1652 643 2351 708 ﬁlius'Amliianisimperator
2374 643 2547 694 factus.

590 711 680 762 287
838 713 869 762 4
901 711 1054 762 Tanta
1080 711 1108 750 b
1131 710 1542 773 Constantinopoli
1583 717 1660 758 est
1684 718 1790 760 orta
1835 713 2105 772 tempestas
2127 703 2167 766 ,⁷
2188 712 2242 757 ut
2279 707 2415 756 mira!
2463 704 2808 770 magnitudinis
2849 703 3090 758 decidens
3111 707 3300 770 grando
3425 705 3515 758 571

960 773 1218 823 nonnullos
1237 773 1484 822 hominum
1511 773 1838 822 interfecerit.

900 837 1040 896 Apud
1064 839 1084 864 ε
1111 837 1377 886 Atrebatas
1398 836 1505 884 lana
1525 848 1553 884 e
1579 836 1703 884 ccclo
1727 834 1900 896 pluviae
1922 834 2072 883 mixta
2103 832 2330 883 deﬂuxit.

838 899 870 949 5
901 893 1117 962 liilarius
1137 897 1165 938 ἁ
1190 899 1445 962 episcopus
1467 897 1675 946 Pictavis
1694 893 1913 946 moritur.
2220 955 2239 962 _
3424 893 3518 944 372

898 960 1083 1025 Nerea,
1116 964 1138 990 θ
1163 955 1274 1025 quae
1297 955 1428 1025 saepe
1453 966 1567 1025 ante
1594 967 1849 1025 corruerat
1867 998 1880 1025 ,
1912 963 2195 1025 tertjaamotu
2215 955 2433 1006 funditus
2453 966 2643 1006 eversa.

898 1019 1127 1072 Lihaniits
1149 1019 1485 1072 A'ntiochenus
1505 1021 1676 1082 rhetor
1700 1019 1906 1082 insignis
1936 1019 2162 1069 habetur.

837 1088 870 1135 6
903 1086 1043 1148 Agon
1064 1083 1476 1148 Constantinopoli
1501 1097 1528 1148 ξι
1552 1081 1764 1148 Valente
1790 1081 2030 1148 redditus.
2346 1144 2355 1148 _
2787 1140 2800 1148 _
2869 1144 2878 1148 _
3013 1144 3022 1148 _
3146 1142 3162 1148 _
3225 1146 3231 1148 _
3424 1082 3517 1132 573

902 1140 1224 1197 Atvltanaricus
1243 1145 1264 1184 ί
1296 1140 1394 1195 rex"
1408 1146 1676 1195 Gothorum
1692 1181 1706 1203 ,
1728 1147 1775 1194 in
1795 1144 2089 1207 Christianos
2110 1144 2455 1207 persecutione
2471 1148 2727 1204 commota,
2756 1140 2990 1205 plurimos
3012 1142 3259 1195 interfecit
3282 1181 3298 1207 ,
3553 1179 3556 1182 .

965 1211 1102 1260 etde
1128 1211 1336 1273 propriis
1356 1209 1556 1273 sedibus
1580 1209 1627 1254 in
1652 1207 1918 1273 Romanum
1940 1205 2098 1273 solum
2123 1205 2349 1268 expellit.

837 1271 864 1320 7
902 1269 1146 1334 Eusebius
1171 1276 1194 1311 ε
1221 1269 1479 1334 episcopus
1502 1269 1839 1334 Vercellensis
1861 1270 2080 1334 moritur.
2110 1329 2137 1334 __
3427 1270 3520 1321 επ

901 1329 1314 1396 Constantinopoli
1331 1331 1360 1369 ιι
1387 1329 1708 1395 apostolorum
1733 1335 2010 1394 martyrium
2028 1329 2298 1380 dedicatur.

901 1395 1078 1458 Magna
1102 1395 1255 1446 fames
1273 1397 1320 1444 in
1346 1395 1574 1458 Phrygia.

904 1452 1102 1508 LuEirer
1127 1458 1428 1508 Caralitanus
1443 1452 1708 1519 episwpns
1728 1457 1954 1516 moritur,
1981 1457 2191 1518 quicum
2215 1454 2460 1516 Gregorio
2484 1455 2710 1519 episc0po
2730 1452 3092 1518 Hispaniarum,
3114 1463 3166 1506 ct
3183 1454 3300 1505 Plii-

965 1520 1080 1570 loue
1103 1521 1292 1583 Libyae,
1317 1532 1575 1583 numquam
1604 1531 1659 1567 se
1681 1519 2086 1583 Arianzeiniscuit
2109 1519 2352 1583 pravitati.

593 1581 686 1629 288
843 1583 873 1629 8
906 1579 1769 1694 ita]?iminus'iflpraefectnsfnnonte
1806 1579 2055 1630 malelicos
2089 1579 2150 1630 ab
2175 1582 2470 1642 imperatore
2494 1581 2796 1643 investigare
2836 1582 3000 1644 jussus
3026 1620 3040 1645 ,
3068 1579 3302 1646 plurimos
3427 1581 3520 1632 575

1010 1659 1132 1694 omne
1155 1658 1215 1693 ΠΟ
1255 1661 1264 1692 |
1289 1657 1384 1693 llllli
1407 1657 1507 1692 OCCI
1548 1658 1558 1690 Ι
1586 1681 1598 1694 .

1010 1659 1132 1694 omne
1155 1644 1384 1694 nobilium
1407 1644 1598 1694 occidit.

907 1707 1197 1757 Valentinus
1226 1707 1239 1756 i
1275 1710 1320 1770 in
1347 1706 1614 1770 Britannia,
1643 1713 1904 1770 antequam
1924 1705 2229 1770 tyrannidem
2254 1705 2526 1770 invaderet,
2549 1717 2834 1770 oppressus.
2848 1707 3114 1770 Presbyter
3137 1706 3302 1756 Sirmii

963 1771 1265 1880 inilquissittnle
1291 1768 1540 1818 decolatur
1560 1806 1575 1828 ,
1618 1769 1747 1832 quod
1770 1768 2082 1818 Octavianum
2109 1782 2171 1818 ex
2201 1768 2488 1832 proconsule
2532 1769 2659 1832 apud
2694 1781 2750 1818 se
2797 1768 3068 1820 latitantem
3093 1770 3304 1832 prodere

964 1844 1026 1880 no
1050 1844 1181 1880 uisse
1263 1869 1276 1880 .

964 1844 1205 1880 ηοιιιιςςει
1231 1844 1276 1881 κ.

839 1894 871 1944 9
902 1893 1138 1956 Didymus
1183 1892 1549 1942 Alexandrinus
1595 1891 1741 1941 multa
1783 1893 1849 1942 de
1895 1899 2062 1956 nostro
2115 1894 2346 1956 dogmate
2395 1905 2484 1954 per
2525 1895 2742 1956 notarios
2783 1901 3178 1956 commentatur,
3220 1895 3304 1955 qui
3427 1895 3522 1944 “576
3683 1890 3808 1946 3390

965 1955 1073 2020 pest
1092 1957 1318 2018 quintum
1343 1956 1606 2006 nativitatis
1627 1968 1727 2005 suae
1745 1967 1924 2006 annum
1949 1955 2214 2006 luminibus
2235 1955 2437 2007 orbatus
2456 1989 2472 2016 ,
2500 1955 2860 2006 elementorum
2881 1969 3078 2020 quoque
3103 1958 3307 2020 ignarus

965 2017 1074 2067 fuit.

905 2078 1130 2146 Equitius
1176 2079 1352 2130 Comes
1397 2079 1571 2146 lll_vrici
1614 2080 1931 2146 iniquissimis
1980 2081 2280 2146 tributorum
2329 2079 2666 2132 exactionibus
2708 2086 2825 2131 ante
2869 2080 3143 2145 provincias
3182 2094 3305 2146 quas

965 2142 1194 2206 regebat,
1218 2155 1364 2206 quam
1385 2157 1412 2192 a
1434 2142 1664 2193 Barbaris
1687 2142 2016 2205 vastarentur,
2041 2144 2211 2194 erasit.

2023 2333 2254 2393 NOTAE.

574 2515 598 2543 ἰ
626 2505 769 2561 FaSti
798 2506 1053 2566 ldaciani.
1085 2514 1274 2562 auctor
1295 2503 1574 2560 Paschalis
1600 2499 1876 2566 Chronici,
1911 2507 1965 2553 et
1993 2498 2096 2555 So-
2123 2504 2176 2562 Α
2199 2500 2515 2570 cumprimis
2555 2499 2957 2571 Hieronymiani
2985 2499 3248 2556 Cltronici
3291 2497 3627 2571 testimonio,
3658 2499 3805 2570 quod

501 2587 676 2633 crates
701 2579 791 2633 lib.
819 2594 872 2632 tv
902 2580 988 2641 ll,
1014 2579 1098 2632 die
1133 2595 1182 2632 tx
1221 2577 1324 2630 kal.
1357 2575 1507 2643 Sept.
1537 2574 1898 2638 consignant,
1935 2571 2097 2643 Lupi-

497 2650 624 2703 cino
653 2660 702 2702 et
731 2649 925 2704 Jovino
954 2664 1100 2703 coss.
1127 2649 1323 2717 quibus
1344 2641 1443 2700 hic
1465 2657 1614 2700 certe
1637 2658 1812 2696 annus
1854 2641 2094 2695 Valenti-

499 2721 648 2775 niani
680 2721 892 2790 imperii
921 2721 1255 2788 designatur.
1300 2719 1500 2790 Confer
1528 2726 1708 2770 tamen
1751 2729 1870 2783 qua:
1903 2718 2095 2768 subse-

502 2792 692 2862 quenti
723 2789 977 2861 proxime
1005 2789 1764 2862 annotationeeliservatnus.

578 2861 603 2898 δ
630 2854 817 2916 Eidem
844 2877 986 2916 anno
1021 2860 1380 2914 Valentiniani
1411 2859 1572 2913 tertio
1607 2857 1766 2922 hanc,
1799 2866 1855 2910 ut
1889 2865 1940 2911 et
1963 2854 2096 2909 sub-

502 2944 816 3003 sequentem
885 2933 1196 3001 periocham
1248 2930 1508 3000 Scaligeri
1559 2928 1728 2983 editio
1776 2935 2094 3003 eomparat.

504 2999 658 3068 Quod
684 3012 768 3058 est
796 2999 1012 3073 quidem
1048 3005 1268 3072 propius
1292 3003 1357 3056 ad
1389 2999 1575 3054 verum
1605 3016 1618 3053 :
1648 2999 1884 3054 nondum
1918 3008 2097 3073 tamen

505 3074 560 3128 id
589 3075 728 3143 quod
763 3069 848 3128 res
878 3082 984 3138 est,
1015 3069 1298 3128 monstrat.
1333 3073 1556 3126 Veteres
1583 3073 1726 3124 enim
1754 3073 1900 3139 prius
1932 3069 2098 3143 hocce

507 3141 722 3215 gestum
740 3146 1064 3215 prmcedenti
1089 3144 1538 3215 proximeinaugu
1549 3143 1739 3196 rationi
1757 3141 2098 3210 imperatoris

507 3213 755 3271 Gratiani
790 3218 950 3270 trium
978 3213 1380 3271 fere—mensium
1410 3215 1586 3284 spatio
1607 3223 1962 3284 anteponunt.
1987 3215 2096 3284 Au-

506 3295 626 3342 ctor
660 3287 932 3341 Paschalis
957 3285 1213 3342 Cltrnniei
1253 3283 1476 3350 scribit,
1531 3285 1692 3338 Deum
1742 3283 2100 3338 Constantino-

506 3357 619 3429 poli
647 3360 948 3428 grandinem
996 3375 1206 3411 saxeam
1249 3359 1508 3429 depluisse
1534 3372 1707 3429 mense
1755 3354 1941 3420 Desio,
1998 3353 2099 3429 |_toc

508 3422 611 3500 est,
645 3422 825 3484 Iunio.
848 3429 1055 3484 ldacius
1085 3444 1297 3500 quoque
1315 3422 1380 3483 'in
1403 3428 1599 3490 Fastis,
1628 3426 1712 3480 die
1738 3441 1789 3480 tv
1811 3441 1972 3500 nona_s
1991 3422 2097 3500 Ju-

509 3498 610 3552 lia:
639 3500 688 3554 id
715 3504 790 3554 ait
815 3493 1126 3569 contigisse,
1158 3493 1518 3559 ct'Socrates.
1553 3499 1712 3552 Sexto
1742 3512 1905 3550 nonas
1925 3493 2096 3569 Julii,

509 3571 712 3644 grando
740 3566 1426 3644 inimensa’magnitudinis,
1455 3571 1620 3644 instar
1645 3569 1880 3635 lapidum
1919 3566 2099 3620 cecidit

510 3641 977 3711 ConstantinOpoli.
1009 3641 1173 3698 Iidem
1195 3643 1511 3699 Gratianum
1539 3643 1928 3711 imperatorem
1953 3647 2100 3704 post-

511 3726 574 3766 ea
625 3707 987 3768 renuntiatum
1031 3730 1081 3767 tx
1121 3713 1232 3768 kal.
1287 3713 1438 3782 Sept.
1484 3707 1741 3782 produnt.
1790 3710 1886 3782 Est
1916 3707 2098 3778 itaque

511 3785 845 3850 verosimile,
878 3785 1114 3839 lusatum
1141 3787 1226 3838 hic
1268 3781 1433 3840 fuisse
1469 3800 1497 3835 a
1542 3781 1779 3836 librariis
1830 3781 2094 3850 llierOny-

511 3855 750 3930 minuunt
782 3865 984 3930 textum
1005 3856 1178 3927 iisque
1200 3857 1302 3912 hoc
1328 3871 1450 3912 esse
1473 3855 1688 3930 ὕστερον
1711 3853 1958 3930 πρότερον
1985 3853 2098 3906 cul-

509 3939 594 3993 pa:
622 3926 986 3982 tribuendum.

588 4007 608 4070 ’ἶ
635 3995 897 4067 Corrupto
924 3998 976 4054 in
1005 3997 1284 4054 Parmensi
1312 4011 1440 4065 ms.,
1472 3997 1626 4070 Apud
1654 3993 1901 4051 Trabatas
1925 3992 2110 4050 Gallia

511 4067 765 4122 civitatem
788 4071 930 4137 lana,
961 4079 1069 4126 etc.

583 4137 608 4175 (ί
641 4139 918 4195 lnnuimus
947 4141 1108 4208 paulo
1145 4141 1416 4208 superius,
1443 4140 1534 4195 ubi
1577 4141 1645 4196 de
1692 4139 1808 4207 ejus
1838 4138 2012 4194 reditu
2051 4139 2105 4192 in

514 4207 996 4282 Callias,rmortem
1025 4212 1106 4267 his
1135 4207 1487 4279 temporibus,
1511 4227 1653 4266 anno
1675 4211 1873 4265 Christi
1901 4210 2102 4282 Dieny-

512 4281 668 4351 siano
699 4281 838 4344 368,
867 4292 960 4337 aut
989 4295 1138 4338 certe
1171 4284 1556 4351 subsequentis
1595 4283 1746 4337 initio
1783 4281 2106 4351 consignan~

511 4350 657 4424 dam.
681 4351 926 4422 Scaliger
947 4355 1160 4409 biennio
1187 4350 1461 4424 anticipat,
1494 4355 1608 4408 sive
1638 4368 1779 4408 anno
1803 4350 1974 4424 illiga’t
2002 4352 2106 4424 Va-

513 4421 799 4496 lentiniani
844 4421 1026 4480 tertio.
1071 4427 1231 4481 Adito
1275 4421 1541 4496 Sfpatris
1594 4424 1807 4488 Vitam,
1859 4421 2102 4492 ejusdem

513 4492 735 4566 editioni
767 4495 1004 4562 Operum
1036 4497 1334 4566 praeﬁxum.

589 4575 611 4616 ε
646 4565 935 4648 Procubuit
962 4565 1138 4648 vidus
1161 4569 1428 4648 Octobris,
1465 4567 1705 4648 secundo
1737 4569 2100 4648 Augustorum

512 4636 819 4710 consulatu,
869 4640 1010 4710 quod
1056 4647 1271 4708 tempus
1312 4641 1363 4710 in
1404 4654 1592 4693 eorum
1643 4636 1850 4706 imperii
1903 4653 2101 4692 annum

512 4708 760 4775 quintum
801 4708 1069 4773 exparte
1096 4709 1306 4765 incidit.
1342 4709 1588 4778 Scaliger
1618 4719 1796 4763 autem
1827 4724 1931 4764 non
1965 4710 2102 4763 hanc

509 4779 676 4833 modo
727 4779 1056 4849 periocham,
1107 4783 1200 4836 sed
1235 4792 1288 4836 et
1333 4790 1732 4850 consequentes
1777 4780 1930 4843 duas,
1979 4795 2099 4834 eum

511 4862 707 4919 quarto
737 4854 1123 4922 imperatorum
1159 4851 1456 4919 componit,
1488 4851 1932 4922 ipsumqneadeo
1960 4852 2101 4921 Ago-

509 4935 634 4974 nem
665 4920 1036 4992 Cpoliitanum,
1071 4939 1234 4993 quem
1265 4932 1444 4978 tamen
1472 4923 1663 4978 referri
1687 4920 1723 4976 7a
1755 4920 2097 4979 Cedreno’ad

509 4995 822 5061 septimum,
859 5011 962 5050 non
987 4996 1266 5050 diflitetur.

589 5062 1012 5138 ‘ln_Parntensi
1055 5082 1158 5122 ms.
1197 5063 1548 5123 Halalericus.
1602 5067 1843 5138 Scaliger
1887 5075 2096 5138 gestum

509 5135 834 5204 praecedenti
905 5142 1151 5207 proxime
1204 5152 1348 5192 anno
1401 5138 1643 5192 ascribit.
1685 5135 1846 5192 Certe
1893 5135 1994 5207 per
2046 5139 2096 5193 id

505 5209 803 5275 temporis,
839 5207 954 5264 sive
994 5209 1186 5264 ultimo
1231 5209 1448 5263 demum
1489 5209 1619 5263 belli
1667 5209 1878 5264 Gothici
1929 5226 2093 5276 anno,

2133 3894 2180 3954 B

2202 2573 2255 2626 in
2295 2573 2561 2642 plerisque
2592 2570 2844 2626 omnibus
2874 2585 2994 2626 cum
3027 2571 3209 2634 editis,
3244 2582 3354 2625 tum
3389 2586 3521 2626 mss.
3549 2570 3705 2626 libris
3733 2573 3803 2626 ad

2203 2641 2345 2714 hunc
2382 2641 2542 2712 plane
2589 2643 2807 2697 modum
2846 2653 3008 2714 atque
3049 2659 3257 2714 annum
3287 2646 3570 2699 recitatur.
3600 2642 3804 2699 Verum

2201 2713 2436 2784 Scaliger
2465 2730 2586 2770 cum
2614 2713 2958 2785 prmeedente
2983 2716 3228 2783 proxime
3248 2713 3615 2785 Valentiniani
3643 2728 3806 2769 Sexto

2201 2786 2514 2849 contendit,
2562 2784 2726 2856 atque
2763 2801 2828 2840 eo
2875 2790 3093 2857 quidem
3147 2790 3396 2852 ineunte,
3441 2784 3716 2857 siquidem
3750 2796 3809 2842 et

2201 2857 2597 2926 suhsequentcs
2632 2858 2864 2927 reliquas
2893 2856 3126 2927 quatitur
3155 2859 3461 2929 perint-has,
3492 2858 3558 2911 ad
3594 2856 3803 2913 Valen-

2203 2930 2300 2982 tini
2335 2942 2505 2994 usque
2541 2930 2877 2996 tyrannidem
2905 2971 2919 2994 ,
2949 2929 3139 2984 eadem
3175 2931 3453 2984 numerica
3484 2936 3614 2982 nota
3646 2943 3805 2984 eom-

2240 3000 2513 3055 rehendit.
2546 3001 2812 3054 Baronius
2843 3002 3152 3055 econtrario
3177 3003 3318 3070 quod
3362 3001 3559 3055 sentiat
3585 3042 3601 3064 ,
3625 3015 3808 3056 annos

2253 3071 2567 3126 alenliniani
2597 3081 2651 3127 et
2674 3071 2916 3126 Valentis
2940 3070 2992 3125 itt
3019 3071 3332 3142 Hieronymi
3350 3069 3622 3126 Chronico
3640 3073 3712 3126 ab
3736 3087 3804 3126 co

2201 3143 2480 3212 supputari
2508 3187 2521 3210 ,
2557 3145 2646 3213 qui
2681 3158 2867 3196 eorum
2913 3141 3374 3213 inaugurationem
3414 3141 3802 3213 sub-equitur,

2204 3213 2372 3285 hocce
2410 3215 2752 3277 testimonio,
2793 3213 3095 3285 iisdemque
3143 3214 3443 3269 rationibus
3494 3215 3694 3280 utitur,
3745 3225 3806 3271 ut

2201 3284 2419 3358 Eusebii
2464 3294 2700 3358 mortem
2753 3284 2968 3358 diﬂ‘erat
3012 3284 3064 3358 in
3115 3286 3537 3354 subsequentem
3586 3285 3803 3358 Qiony-

2202 3357 2342 3411 sian.
2376 3357 2502 3423 571,
2535 3355 2897 3410 Valentiniani
2923 3366 2979 3410 et
3011 3355 3249 3411 Valentis
3277 3368 3558 3412 octavum.
3589 3355 3805 3414 Confer
3867 3416 3877 3422 ,

2201 3426 2604 3500 Τὴεοάοτθιυιιι
2646 3429 2784 3500 Hist.
2819 3426 2968 3482 Eccl.
3003 3428 3097 3483 lib.
3123 3446 3153 3484 v
3183 3442 3302 3500 cap.
3341 3432 3389 3484 t.
3415 3427 3569 3484 Adde
3601 3439 3657 3484 et
3691 3429 3807 3483 'l‘il-

2203 3499 2543 3566 lemontium,
2571 3500 2614 3554 si
2647 3499 2810 3553 lubet.

2274 3568 2299 3606 δ
2323 3570 2578 3642 Cltronici
2608 3570 2886 3626 Paschalis
2919 3581 3108 3627 auctor
3133 3571 3412 3642 ltujusmet
3439 3571 3564 3626 anni
3591 3585 3801 3626 consu-

2201 3639 2344 3721 libus
2383 3641 2635 3721 ascribit,
2668 3644 2878 3721 tametsi
2920 3639 3305 3721 Valentiniano
3322 3645 3382 3699 τὸ
3418 3645 3802 3721 eiram-capro

2200 3717 2372 3787 τρίτον
2401 3715 2563 3781 dicat,
2612 3729 2782 3787 mense
2817 3712 3066 3781 Xantico,
3092 3731 3154 3770 ea:
3184 3715 3326 3787 add.
3360 3730 3391 3766 ν
3429 3712 3799 3787 idus'Apriles.

2203 3783 2278 3909 ge
2304 3795 2455 3867 recta
2488 3785 2746 3842 vocabuli
2773 3787 3076 3858 martyrium
3104 3786 3499 3857 signiﬁcatione
3541 3783 3804 3858 superius

2248 3871 2460 3909 mmus.

2248 3871 2460 3911 mmus.

2293 3925 2307 3963 ί
2357 3928 2577 4000 Dicitur
2605 3927 2802 3984 Ruﬁno
2847 3927 3142 3994 Maximus,
3173 3927 3624 4000 quemadmodum
3659 3938 3718 3984 et
3747 3928 3804 3984 in

2210 3997 2421 4072 aliquot
2458 3999 2672 4072 legibus
2700 4001 3059 4069 compellatur
3080 4043 3095 4068 ,
3139 3997 3272 4072 quas
3298 4000 3477 4055 laudat
3508 3999 3806 4056 Gothofre-

2210 4069 2315 4144 dus
2356 4071 2411 4144 in
2455 4071 2948 4142 Prosopographia.
2999 4069 3240 4144 Scaliger
3287 4087 3520 4143 quoque,
3557 4080 3614 4128 et
3666 4087 3808 4127 non-

2210 4143 2340 4196 nulli
2373 4143 2779 4215 llieronymiani
2802 4145 3019 4200 Codices
3046 4145 3126 4197 sic
3150 4143 3362 4198 vocant.
3387 4145 3632 4212 Tempus
3652 4144 3806 4214 quod

2209 4224 2436 4282 spectat,
2470 4232 2533 4270 ex
2578 4215 2866 4270 Ammiano
2908 4215 3220 4271 Marcellino
3270 4215 3363 4272 lib.
3409 4230 3599 4280 xxvut,
3653 4233 3708 4271 c.
3745 4216 3802 4281 1.

2209 4298 2378 4354 prope
2417 4298 2626 4342 certum
2669 4296 2792 4354 est,
2835 4287 3115 4359 Olybrium
3153 4297 3279 4342 tunc
3311 4285 3472 4359 Urbis
3509 4286 3806 4359 praelectu-

2209 4371 2320 4410 ram
2354 4360 2612 4426 gessisse,
2641 4372 2763 4412 cum
2787 4357 3044 4429 praelecto
3071 4374 3299 4413 annonae
3319 4357 3616 4429 Maximino
3638 4363 3800 4413 cem-

2208 4429 2432 4483 missum
2477 4439 2560 4485 est
2591 4430 2718 4484 illttd
2753 4428 2803 4484 in
2843 4428 3116 4486 maleﬁcos
3144 4429 3431 4500 judicium.
3471 4428 3584 4500 Hoc
3613 4441 3800 4500 autem

2205 4513 2380 4571 anno,
2432 4500 2692 4555 Gratiano
2733 4500 2929 4557 iterum
2969 4512 3023 4556 et
3067 4499 3244 4556 Prelio
3273 4499 3590 4557 conSulibus
3614 4541 3629 4565 ,
3665 4499 3805 4571 Oly-

2207 4569 2354 4624 brius
2395 4571 2714 4640 pratt'ectura
2749 4575 2908 4631 Urbis
2939 4573 3272 4628 decesserat.
3321 4573 3447 4626 llaec
3489 4579 3599 4626 tota
3627 4569 3801 4627 causa

2203 4650 2308 4704 est,
2339 4643 2524 4714 cnrde
2565 4643 2769 4700 biennii
2799 4648 2988 4702 saltem
3022 4647 3485 4700 metachronismo
3525 4641 3808 4714 Hierony-

2206 4727 2325 4766 ntus
2351 4729 2381 4768 a
2412 4713 2625 4769 Valesio
2648 4715 2702 4770 itt
2736 4718 2876 4773 notis
2903 4719 2968 4771 ad
2994 4718 3262 4772 Amtniani
3289 4717 3464 4770 locum
3487 4711 3803 4782 reprehen-

2206 4784 2370 4854 ditur.
2415 4785 2685 4842 Judiciunt
2723 4806 2784 4844 ea
2819 4789 2886 4844 de
2926 4803 2986 4843 re
3035 4802 3204 4854 penes
3244 4787 3502 4840 lectorem
3544 4794 3691 4840 esto.
3741 4785 3804 4841 In

2205 4852 2484 4912 Parmensi
2515 4874 2615 4911 ms.
2641 4873 2746 4914 non
2776 4861 2990 4914 additur
3020 4852 3200 4914 Romae
3228 4873 3421 4912 nomen
3456 4874 3467 4910 :
3504 4856 3600 4912 sed
3631 4858 3805 4912 abso-

2204 4927 2315 4981 lute
2335 4940 2440 5002 est,
2469 4931 2718 5002 plurimos
2742 4933 2989 4985 nobilium
3013 4932 3225 4985 occidit.

2277 5000 2416 5074 illa
2452 4997 2574 5055 eum
2617 5013 2866 5058 auctores
2909 5003 3157 5074 plerique
3200 5001 3502 5072 appellant:
3543 4997 3801 5074 Scaliger

2211 5071 2632 5126 Valentinianum
2684 5074 2887 5129 mavult
2916 5090 3039 5128 cum
3072 5069 3198 5130 aliis
3237 5069 3414 5142 “libris,
3457 5079 3511 5127 et
3545 5069 3800 5138 Zosimo,

2201 5144 2355 5212 cujus
2383 5145 2653 5213 geminum
2689 5147 2810 5201 huic
2834 5146 3010 5200 locum
3043 5146 3241 5200 laudat.
3277 5143 3592 5200 Periocham
3627 5156 3804 5210 porro

2201 5215 2384 5282 iStam,
2416 5225 2470 5268 tit
2505 5224 2558 5270 et
2591 5217 3013 5287 subsequentem
3044 5233 3162 5270 eum
3187 5214 3510 5287 praecedenti
3541 5214 3801 5282 proxime

508 5290 740 5356 regnare
775 5279 1155 5356 Athanaricum
1187 5280 1456 5356 coapisse,
1485 5295 1553 5356 es
1585 5279 1775 5356 Isidori
1821 5283 2096 5356 Chronico
2122 5281 2166 5343 C
2200 5301 2343 5340 anno
2373 5279 2379 5282 ’
2415 5298 2714 5356 comparat.
2772 5279 3076 5344 "lliStoriam
3129 5279 3202 5343 ab'
3251 5279 3558 5344 Atnntiano'
3602 5296 3803 5355 repete

506 5349 767 5421 colligere
797 5359 898 5406 est.
936 5351 1168 5418 PmSper
1205 5349 1505 5405 recensioni
1541 5351 1663 5405 huic
1695 5361 1894 5406 nostra:
1931 5352 2094 5421 favet,

505 5419 598 5490 qui
647 5421 746 5474 sub
787 5424 950 5478 tertio
998 5425 1364 5489 Augustorum
1406 5423 1688 5476 consulatu
1739 5427 1855 5477 ham
1894 5419 2094 5488 refert,

506 5493 912 5617 quaebototidem,
947 5505 1007 5548 ut
1040 5493 1262 5557 assolet,
1317 5492 1499 5548 verbis
1524 5494 1594 5548 ab
1623 5493 1953 5566 llieronymo
2003 5495 2099 5551 de-

506 5574 607 5616 scrt
648 5574 709 5616 tt.

501 5574 709 5616 SCl‘lDll.

581 5643 606 5680 ε
639 5633 791 5690 Diem
840 5634 1043 5706 abiisse
1086 5648 1227 5689 anno
1265 5634 1466 5690 Christi
1509 5635 1834 5706 Dionysiano
1869 5637 1976 5693 570
2006 5637 2096 5706 qtti

503 5717 624 5776 cum
655 5707 889 5776 septimo
923 5703 1285 5759 Valentiniani
1329 5703 1888 5776 concurrit,'recepta
1917 5703 2098 5764 doctis

500 5773 861 5846 Cltronologis
908 5777 1176 5832 sententia
1221 5787 1324 5834 est.
1365 5781 1440 5835 Ac
1484 5777 1672 5833 nititur
1708 5773 1929 5848 quidem
1978 5781 2084 5835 isto

2201 5357 2293 5412 lib.
2322 5373 2489 5412 xxvut
2518 5373 2635 5427 cap.
2671 5362 2722 5414 5.

2274 5427 2295 5465 ἐ
2333 5425 2616 5502 Subnectit
2649 5431 2928 5486 [’armens.
2961 5446 3066 5487 ms.
3099 5430 3331 5502 ignotam
3360 5425 3516 5502 libris
3528 5425 3669 5502 aliis
3693 5442 3800 5502 pe-

2202 5501 2444 5556 riocltatn
2471 5501 2536 5554 ad
2567 5501 2712 5557 hunc
2741 5503 2959 5558 modum
2988 5520 3003 5557 :
3029 5498 3142 5558 Leni
3175 5505 3326 5556 datur
3351 5516 3369 5556 :
3397 5498 3671 5553 nobilitate
3702 5500 3802 5554 de-

2201 5571 2328 5640 leta,
2354 5581 2408 5625 ut
2436 5588 2570 5625 nono
2595 5575 2760 5644 gradu
2785 5574 3219 5645 iungantur-Qum
3238 5574 3393 5645 boum
3411 5569 3799 5645 proculdubio

2203 5655 2343 5698 notae
2371 5653 2523 5707 sunt;
2559 5643 2654 5699 sed
2680 5655 2737 5700 ttt
2759 5661 2856 5716 pro
2881 5643 3320 5716 Hierooytniauis
3350 5643 3678 5709 habeantur,
3704 5656 3800 5697 sa-

2204 5715 2272 5770 tis
2302 5725 2741 5784 argumentatum
2762 5715 2878 5774 non
2904 5715 3152 5788 suppetit.
