4136 6424
325 322 430 379 715

1574 490 1913 541 Romanorum.

1310 330 1647 389 PROSPERI
1677 330 2078 401 AQUITANICI
2114 332 2526 397 CHRONICON.

3500 350 3609 407 7H

3416 438 3546 489 Anni

2925 495 3079 547 Annia
3105 492 3294 549 Domiti.
3453 501 3515 551 ab

3361 562 3609 615 Abraham

502 607 593 679 bns
630 606 675 657 9.
705 606 812 666 Quo
850 615 1076 679 tempore
1114 607 1349 679 Pelagius
1375 608 1475 679 jam
1506 624 1534 679 ᾳ
1569 612 1799 679 pontiﬁce
1836 612 2125 679 Innocentio
2163 615 2542 679 praedamnatus,
2570 618 2598 649 ³
2624 617 2853 669 Afrorum

498 671 693 737 yigore,
713 679 774 737 ες
792 673 1002 737 matrima
1028 671 1289 737 Augusgini
1315 674 1530 737 episcOpi
1553 671 1759 725 scientia
1792 676 2119 728 resistebatur

403 732 435 783 9
465 730 686 781 Hoxonto
707 730 771 781 XI
796 749 853 782 ετ
871 730 1170 783 Consum-rio
1194 732 1241 783 II
1261 730 1385 785 coss.

3040 746 3133 798 420

436 793 681 871 Honorius
710 796 1013 871 triumphans
1041 796 1240 871 Romam
1273 797 1572 861 ingreditur,
1604 804 1862 863 praeeunte
1893 813 2090 853 currum
2123 801 2232 865 ejus
2264 803 2450 867 Attalo,
2483 817 2633 869 quem
2658 806 2847 871 Liparae

495 858 667 918 vivere
691 855 919 906 exsulem
936 855 1102 918 jussit.

372 918 432 969 10
463 917 682 970 Ηοιωωο
704 918 793 967 XII
812 934 870 968 er
889 917 1161 970 'l‘tmonosno
1184 920 1298 971 VIII
1319 935 1445 972 coss.

3035 934 3123 984 421

430 981 534 1055 Hoc
558 990 783 1055 tempore
859 980 1170 1055 Constantius
1193 996 1368 1055 servus
1383 985 1564 1055 Christi
1587 999 1650 1037 ex
1673 987 1854 1055 vicario
1888 986 2055 1055 Romae
2080 990 2324 1055 habitans,
2353 998 2407 1042 et
2429 1005 2517 1053 pro
2548 996 2708 1055 gratia
2751 994 2844 1045 Dei

492 1044 772 1119 Pelagianis
792 1046 1112 1119 devotissime
1134 1046 1374 1119 resistens
1396 1045 1605 1098 faetione
1630 1051 1919 1101 eorumdem
1944 1052 2095 1103 multa
2112 1044 2336 1117 pertulit,
2362 1044 2473 1119 qua:
2498 1044 2635 1106 illum
2664 1044 2845 1108 sanctis

491 1104 852 1155 confessorihus
872 1109 1200 1156 sociaverunt.

428 1167 641 1244 Concilio
664 1168 801 1244 apud
814 1167 1159 1244 Carthaginem
1172 1170 1349 1244 habito
1368 1171 1465 1244 211
1484 1174 1895 1244 °_episc0porum,_
1915 1176 1976 1225 ad
2003 1178 2441 1244 papamlosimum
2465 1180 2715 1244 synodalia
2752 1180 2846 1231 de-

488 1237 625 1304 creta
650 1230 1060 1304 [perlata‘hquib‘us
1084 1233 1313 1304 probatis.
1342 1246 1432 1304 per
1456 1230 1609 1304 totum
1634 1230 2090 1304 mundntn'baarésis
2108 1239 2374 1304 Pelagiana
2399 1230 2625 1295 damnata
2651 1253 2746 1294 est.

426 1289 800 1344 Valentinianus
816 1289 844 1332 ἀ
868 1289 1140 1344 Cbnstautii
1162 1300 1216 1345 et
1238 1289 1467 1346 Placidiae
1492 1296 1640 1360 illius,
1666 1301 1881 1350 nascitur
1906 1314 1952 1351 vt
1972 1313 2123 1352 nonas
2138 1289 2310 1353 Juli‘as.

1827 1422 2063 1481 NOTE.

375 1544 402 1573 ἰ
442 1532 781 1590 Interserunt
805 1533 893 1588 hic
915 1532 1004 1587 alii
1031 1532 1156 1589 libri
1187 1533 1235 1588 ei
1266 1548 1587 1602 pronomen.

366 1609 395 1647 ι)
436 1606 759 1674 Prosperum
806 1619 1019 1662 errasse
1064 1615 1216 1673 putat
1269 1606 1587 1671 Garnerius,
1628 1606 1780 1675 prmi.
1831 1616 1887 1663 et

294 1690 412 1737 not.
442 1678 498 1731 in
524 1679 658 1734 Mar.
687 1678 852 1733 Merc.
876 1718 892 1741 ,
928 1676 1072 1746 quod
1101 1678 1299 1732 asserit
1326 1677 1698 1732 Constantium
1724 1693 1755 1731 a
1783 1677 1885 1733 Pe-

293 1750 775 1823 lagianispassum
810 1749 1000 1823 Romae
1044 1763 1173 1823 ann.
1222 1749 1349 1818 418,
1388 1763 1509 1803 cum
1552 1757 1742 1823 tamen
1791 1749 1883 1804 ille

291 1818 511 1879 sanctus
538 1818 710 1876 laicus
739 1829 930 1874 contra
966 1818 1284 1889 Pelagianos
1313 1823 1422 1874 sine
1458 1821 1719 1889 scriptura
1765 1835 1879 1875 rem

291 1839 511 1879 δςιηοιυε
541 1839 710 1876 laicus
739 1839 930 1874 contra
966 1839 1284 1889 retagtanos
1313 1839 1422 1874 sine
1458 1839 1559 1874 86H
1603 1839 1719 1873 tura
1765 1839 1879 1875 rem

290 1893 549 1966 gesserit,
582 1893 894 1961 priusquam
933 1891 1016 1945 vel
1051 1890 1448 1962 Hieronymus,
1496 1839 1597 1966 vei)
1624 1892 1880 1966 Augusti:

291 1963 395 2021 nus
424 1966 639 2035 scriptis
660 1969 1011 2035 pugnarent;
1031 1970 1361 2035 pugnarunt
1389 1977 1522 2019 Vero
1552 1963 1664 2032 jam
1706 1964 1878 2018 sancti

289 2031 550 2093 doctores
584 2031 710 2090 inde
739 2031 807 2089 ab
836 2048 978 2088 anno
1015 2031 1146 2088 419..
1182 2031 1314 2089 Levi
1345 2049 1477 2089 sane
1523 2031 1835 2103 cenjectura
1859 2077 1874 2102 ,

288 2109 490 2179 quippe
521 2107 697 2175 potuit
735 2105 1086 2160 Constantius
1120 2104 1289 2179 laicus
1320 2104 1376 2158 in
1421 2104 1881 2179 Pelagianosrpri-

288 2176 410 2235 mus
429 2176 721 2247 insurgere
750 2186 876 2232 ante
900 2192 1101 2231 annum
1129 2176 1354 2247 412,7et
1384 2176 1683 2247 multapati
1712 2178 1779 2232 ab
1809 2178 1877 2232 iis

286 2266 432 2305 anno
454 2250 582 2315 418,
598 2246 685 2305 ita
712 2258 769 2302 ut
798 2264 892 2316 per
918 2248 1238 2320 sexennium
1251 2246 1542 2320 duraverit
1568 2246 1745 2320 pugna
1769 2264 1874 2318 qua

285 2321 615 2377 confessoris
656 2321 869 2375 titulum
916 2318 1174 2373 obtinuit.
1221 2317 1341 2375 Non
1396 2317 1673 2383 igitur'eo
1717 2317 1875 2389 argu-

284 2406 470 2449 mento
483 2392 733 2463 derogari
760 2391 930 2463 potuit
950 2391 1083 2463 fides
1100 2391 1391 2463 Prosrtero.
1420 2392 1574 2446 Hunc
1599 2388 1869 2446 Constan-

286 2464 417 2519 tium
440 2461 779 2519 ex—vicarium
798 2461 1259 2523 dicitGarnerius,
1279 2461 1382 2516 hoc
1402 2472 1484 2517 est
1504 2464 1868 2528 rusticanum;

282 2536 377 2590 sed
406 2536 627 2601 fallitur,
661 2536 856 2604 quippe
888 2534 1075 2589 Romae
1109 2533 1340 2603 degebat
1368 2532 1740 2599 Constantius,
1770 2534 1873 2587 lta-

282 2607 370 2661 lia:
410 2606 795 2676 pr.efectorutn
833 2619 1111 2667 assessor.
1161 2614 1220 2659 ut
1252 2606 1455 2676 notavit
1493 2604 1771 2676 Palladius
1811 2604 1870 2676 in

281 2674 521 2733 Historia
550 2678 830 2732 Lausiaca.
862 2676 975 2732 Hoc
1004 2676 1181 2746 potius
1210 2691 1278 2730 ex
1304 2674 1567 2732 Garnerio
1586 2675 1750 2731 debet
1776 2675 1872 2730 ob-

279 2750 530 2816 servari,
561 2758 670 2804 tres
703 2750 941 2803 haereses
981 2748 1082 2802 hoc
1114 2749 1316 2802 saeculo
1347 2755 1501 2802 natas
1535 2761 1641 2801 non
1673 2746 1743 2800 ab
1772 2747 1873 2802 Ec-

278 2820 632 2888 clesiasticis,
676 2820 772 2875 sed
812 2835 840 2873 a
885 2819 1035 2873 laicis
1073 2820 1305 2887 primum
1334 2816 1503 2873 fuisse
1534 2818 1867 2887 prtilligatas.

279 2890 494 2961 Primus
536 2890 793 2961 pugnavit
836 2890 1099 2961 adversus
1140 2889 1459 2959 Pelagianos
1487 2890 1864 2961 Constantius.

278 2960 625 3032 Prosper’et
649 2962 902 3029 Hilarius,
960 2960 1107 3027 laici,
1163 2961 1434 3015 adversus
1476 2960 1869 3032 Setnipelagia-

277 3030 500 3098 nos;’ct
547 3032 844 3098 Eusebius,
890 3044 1019 3087 tunc
1061 3032 1324 3100 temporis
1359 3030 1741 3099 scholasticus,
1780 3032 1873 3099 qui

276 3105 698 3159 obtestationem
741 3119 893 3158 suam
926 3110 1115 3158 contra
1146 3102 1503 3159 Nestorianos
1542 3115 1760 3157 errores
1802 3101 1872 3157 ad

276 3174 754 3300 nalyasBecclesiae
792 3174 994 3242 afﬁxit,
1050 3189 1349 3245 eorumque
1390 3188 1660 3230 venenum
1711 3187 1870 3229 reve-

299 3258 427 3300 aVll.
506 3260 621 3300 ASN.

277 3247 427 3301 lavit.
461 3247 621 3301 Basn.

353 3329 375 3357 ο
420 3318 619 3373 Verius
656 3317 819 3373 habet
856 3318 1028 3374 codex
1074 3317 1388 3373 Parmensis
1417 3316 1543 3371 2M.
1574 3314 1871 3385 Basnagius

278 3391 390 3443 ait:
429 3388 819 3445 Vexatissimus
846 3399 929 3445 est
954 3390 1040 3445 hic
1070 3390 1218 3445 locus
1249 3404 1265 3443 :
1301 3388 1495 3457 primo,
1516 3397 1575 3441 ut
1605 3387 1867 3457 majorem

279 3459 499 3515 Zosimo
545 3459 796 3515 conciliet
845 3461 1259 3527 auctoritatem,
1302 3456 1527 3529 quidam
1580 3456 1867 3528 legendum

277 3533 521 3602 putavit:
544 3532 581 3585 A
601 3532 838 3601 pontiﬁce
861 3531 1069 3586 Zosimo
1093 3528 1364 3601 synodalia
1386 3528 1589 3602 decreta
1610 3538 1726 3602 sunt
1747 3546 1868 3602 pro-

280 3599 407 3675 lata,
438 3602 619 3674 quibus
649 3599 897 3675 probatis,
932 3620 1022 3675 per
1053 3599 1489 3675 totantkiitundnnt
1510 3599 1739 3675 [Iter-esis
1762 3600 1868 3675 Pe-

281 3671 492 3744 lagiana
531 3671 778 3729 damnata
802 3684 895 3729 rst.
933 3671 1161 3729 Fatetur
1196 3672 1520 3735 Garnerius,
1554 3672 1673 3744 hinc
1703 3671 1865 3744 verba

280 3741 515 3829 aliquam
543 3747 647 3800 vim
690 3746 795 3829 pati
815 3787 831 3811 ,
863 3745 949 3829 vel
981 3745 1158 3814 potius
1183 3744 1416 3809 inferre,
1450 3743 1697 3812 genuina:
1731 3741 1860 3829 Prn-

278 3813 427 3885 spe’ri
470 3813 786 3883 sententiae;
814 3817 910 3871 sed
940 3813 1121 3871 tuetur
1148 3829 1209 3870 ea
1244 3829 1364 3869 cum
1399 3829 1530 3869 vera
1560 3829 1742 3885 rerum
1772 3813 1865 3867 lli-

279 3884 449 3943 storia
476 3888 770 3952 cohmrere,
795 3889 865 3941 At
881 3902 987 3941 non
1015 3887 1142 3942 licet
1164 3887 1331 3941 verba
1355 3900 1453 3955 pro
1483 3884 1641 3939 libitu
1671 3884 1865 3955 immu-

280 3966 420 4015 tare.
462 3959 664 4014 Eadem
694 3960 945 4029 leguntur
984 3960 1036 4012 in
1071 3956 1343 4013 Chronico
1384 3954 1731 4029 Hieronymi,
1764 3969 1863 4010 nec

277 4030 542 4085 Sicardus
593 4045 655 4085 ea
707 4027 1037 4095 depravandi
1092 4029 1256 4083 ullam
1312 4027 1499 4081 habuit
1551 4029 1858 4090 rationem.

278 4102 483 4171 quippe
511 4116 574 4156 ea
604 4117 729 4157 cum
758 4102 1021 4156 Historica
1046 4100 1273 4155 veritate
1304 4097 1459 4171 facile
1488 4096 1859 4153 conciliabun-

280 4168 395 4226 (ιιι-ξ
418 4168 617 4228 Testus
646 4172 918 4229 emendari
948 4181 1152 4227 tantum
1190 4170 1349 4225 debet
1385 4168 1531 4225 circa
1576 4183 1858 4224 numerum

277 4245 666 4313 episcoporum
700 4247 752 4299 in
773 4244 1004 4299 concilio
1027 4250 1498 4313 congregatarum,
1526 4242 1724 4313 quippe
1749 4254 1854 4294 non

1897 2927 1946 2987 B

1910 1542 1965 1601 Α
1990 1540 2381 1621 nrgebatenim
2414 1560 2506 1602 res
2538 1565 2549 1600 :
2582 1560 2645 1601 ea
2684 1561 2816 1621 vero
2847 1548 3086 1621 synodus
3108 1550 3269 1607 aliam
3303 1552 3492 1612 indixit
3522 1561 3591 1616 ad

1988 1612 2053 1665 21
2087 1612 2283 1680 Martii,
2310 1632 2417 1685 quo
2438 1628 2684 1685 tempore
2713 1612 2947 1688 legatum
2978 1622 3047 1674 ab
3070 1636 3131 1677 ea
3162 1626 3385 1678 missum
3416 1612 3591 1686 Roma

1987 1696 2335 1761 reversurum
2365 1689 2702 1761 sperabatur
2757 1706 2880 1745 cum
2935 1694 3214 1761 responsis
3262 1695 3484 1753 Zosimi.
3532 1701 3589 1756 Id

1988 1753 2180 1838 probat
2217 1756 2333 1838 ipse
2365 1757 2622 1838 Prosper,
2649 1761 2791 1838 apud
2820 1777 2988 1838 quem
3008 1753 3290 1833 legebatur
3317 1769 3445 1821 olim
3468 1753 3594 1838 post

1987 1824 2104 1897 inec
2124 1830 2299 1897 verba
2320 1870 2334 1894 ,
2367 1828 2627 1884 Placidia:
2668 1824 2811 1886 illius
2836 1824 3089 1888 nascitur
3108 1851 3141 1888 v
3169 1852 3341 1892 nonas
3363 1824 3586 1897 Juliaszi

1985 1894 2316 1969 Carthaginis
2364 1901 2637 1954 concilium
2657 1912 2836 1956 contra
2880 1903 3217 1976 Pelagianos.
3268 1894 3585 1967 Postremas

1983 1981 2146 2022 voces
2175 1981 2461 2047 eraserunt
2490 1986 2849 2047 amanuenses
2876 1974 3134 2044 imperiti,
3166 1980 3309 2047 quod
3339 1982 3446 2035 sibi
3470 1982 3573 2037 lin-

1986 2049 2198 2111 gerent,
2230 2042 2419 2097 eadem
2449 2042 2533 2096 bis
2562 2044 2757 2111 repeti,
2788 2055 2846 2099 ut
2877 2042 3084 2101 notavit
3112 2042 3581 2107 eminentissimus

1980 2107 2257 2188 Eorisius;
2310 2122 2369 2188 at
2410 2113 2500 2166 illa
2546 2107 2663 2188 curn
2704 2107 2822 2188 vera
2864 2115 3081 2171 historia
3125 2120 3413 2188 colta'rent,
3460 2138 3583 2178 cum

1979 2180 2083 2234 dua
2111 2180 2307 2261 habita
2328 2184 2433 2238 sint
2457 2184 2707 2261 concilia.
2760 2186 2892 2241 Rem
2917 2190 3203 2261 conlirmat
3224 2180 3582 2261 Augustinus,

1980 2266 2161 2306 rerum
2194 2253 2570 2327 Africanarum
2600 2257 2681 2327 sui
2712 2259 2974 2327 temporis
2999 2253 3360 2327 peritissimus
3394 2281 3406 2316 :
3439 2253 3576 2319 [teni

1979 2339 2129 2401 pnpw
2189 2322 2400 2401 Zosimo
2463 2328 2525 2380 de
2586 2322 2843 2401 Africano
2901 2322 3122 2383 concilio
3180 2333 3429 2401 scriptum
3472 2346 3581 2400 est,

1975 2396 2191 2473 einsque
2219 2397 2525 2467 rescriptum
2554 2398 2622 2473 ad
2652 2399 2914 2473 universos
2954 2402 3109 2473 totius
3138 2396 3577 2473 orbis'episcopos

1976 2465 2191 2540 missum
2219 2476 2322 2530 est,
2355 2465 2411 2540 et
2442 2469 2578 2536 quod
2605 2470 2881 2536 posteriori
2907 2472 3128 2525 concilio
3157 2465 3388 2540 plenario
3420 2465 3579 2531 totius

1976 2535 2167 2609 Africa:
2193 2546 2376 2591 contra
2396 2535 2566 2607 ipsum
2592 2535 2819 2594 errorem
2848 2535 3238 2609 constituimus,
3266 2542 3377 2599 hac
3403 2550 3579 2601 omnia

1975 2607 2385 2682 misimusvobis.
2418 2609 2574 2664 Vides
2604 2609 2758 2665 binas
2784 2612 3029 2682 synodos
3060 2607 3311 2678 iudicari,
3344 2617 3578 2673 alteram

1973 2676 2282 2753 Africanam
2317 2680 2384 2733 ab
2414 2682 2713 2753 Augustino
2741 2676 2973 2750 dictam,
3006 2698 3126 2751 qua:
3169 2676 3429 2753 rescripta
3474 2703 3577 2742 sua

1972 2750 2349 2822 transmiserat
2388 2750 2455 2804 ad
2488 2750 2762 2805 Zosimum
2783 2795 2797 2816 ,
2829 2750 3113 2821 antequam
3144 2750 3379 2822 plenaria
3415 2758 3575 2813 totius

1972 2819 2165 2893 Africa:
2194 2820 2384 2876 fuisset
2407 2831 2753 2891 congregata.
2781 2819 3031 2878 Zosimus
3061 2819 3177 2893 ipse
3201 2824 3410 2880 litteras
3440 2842 3571 2884 suas

1974 2890 2177 2969 direx_it
2198 2908 2232 2969 Ξ-
2246 2893 2457 2946 Aurelio
2482 2908 2542 2969 nc
2568 2890 2767 2947 caeteris
2786 2935 2801 2959 ,
2826 2894 2921 2969 qni
2944 2895 2995 2969 in
3034 2890 3253 2969 concitis
3286 2895 3573 2969 Carthagi-

1978 2963 2122 3015 nensi
2150 2961 2437 3028 affuerunt.
2488 2964 2637 3018 Data:
2666 2972 2793 3017 sunt
2824 2961 2931 3019 ill-.e
2959 2965 3155 3019 litterae
3184 2965 3248 3020 9.1
3284 2961 3575 3033 Martiiﬂi-

1976 3032 2092 3105 ni‘to
2117 3033 2228 3100 jam
2256 3033 2431 3105 altero
2453 3034 2568 3089 sive
2595 3032 2765 3105 priori
2795 3036 3063 3097 concilio;
3089 3036 3288 3105 quippe
3319 3032 3569 3095 Zosimus

1974 3102 2041 3157 ad
2069 3104 2361 3159 secundum
2394 3121 2503 3160 non
2536 3102 2711 3174 potuit
2733 3106 2991 3170 scribere,
3024 3107 3068 3160 si
3098 3102 3410 3163 inchoatum
3439 3125 3568 3165 ver-

1972 3174 2261 3249 susMargii
2284 3176 2468 3249 finem,
2512 3174 2577 3249 ad
2604 3174 2863 3249 kalendas
2902 3176 3071 3249 Maias
3102 3192 3273 3248 usque
3311 3193 3567 3249 perseve-

1972 3248 2132 3299 ravit.
2164 3244 2221 3299 ld
2247 3246 2483 3314 postulat
2514 3246 2748 3316 denique
2767 3246 3017 3301 Historiae
3038 3244 3340 3316 Pelagianae
3362 3250 3563 3307 series:

1972 3317 2170 3386 quippe
2192 3316 2561 3383 Marcellinus,
2594 3316 2851 3371 Ecclesia:
2871 3316 3315 3385 Carthaginensis
3344 3322 3571 3377 subdia-

1970 3385 2163 3453 conus,
2194 3385 2388 3454 synodi
2417 3386 2627 3442 litteras
2652 3387 2846 3442 detulit
2875 3386 2941 3442 ad
2973 3388 3274 3455 Zosimum,
3305 3400 3359 3444 et
3388 3393 3569 3449 medio

1969 3456 2161 3513 Martio
2199 3458 2425 3512 Romam
2468 3458 2708 3529 advenit.
2742 3458 2986 3529 Fuerunt
3027 3460 3191 3529 igitur
3223 3462 3416 3516 litterae
3460 3464 3572 3518 illa:

1968 3529 2169 3601 prioris
2196 3529 2423 3598 alicujus
2450 3528 2647 3601 synodi
2671 3526 3145 3601 Carthaginiensis;
3177 3532 3228 3584 in
3253 3546 3355 3601 qua
3388 3533 3568 3589 Aure-

1967 3599 2072 3671 lius
2116 3610 2170 3656 et
2202 3600 2400 3671 caeteri
2431 3599 2689 3671 praesules
2730 3599 2966 3654 Alricani
3014 3599 3295 3666 a/fueraut‘.
3336 3603 3562 3659 Sublata

1968 3669 2072 3725 hac
2131 3669 2479 3736 difﬁcultate,
2536 3679 2717 3740 patet,
2765 3671 3167 3739 impellentibus
3221 3674 3567 3739 potissimum

1967 3741 2258 3808 Africanis,
2278 3742 2577 3797 Honorium
2602 3741 2925 3810 rescriptum
2942 3742 3223 3811 imperiale
3244 3743 3561 3811 protulisse.

1966 3810 2059 3867 Sic
2088 3813 2321 3882 PrOSper
2349 3812 2403 3865 in
2432 3812 2763 3867 carminibus
2801 3811 2914 3882 suis
2947 3810 3031 3867 dei
3056 3810 3288 3882 Iugratis
3319 3814 3563 3870 Africam

1964 3884 2256 4007 ﬁgmpellat
2283 3883 2431 3939 circa
2458 3882 2795 3952 Pelagianos,
2830 3881 2898 3938 ab
2925 3896 2993 3939 eo
3024 3881 3312 3940 damnatos
3342 3894 3398 3941 et
3435 3900 3565 3956 pro-

2006 3964 2177 4007 taatos
2207 3969 2221 4007 τ

2006 3964 2177 4025 igatos
2207 3969 2221 4008 :

2057 4090 2347 4143 Convenere
2372 4092 2441 4141 tui
2464 4090 2529 4140 de
2551 4092 2742 4141 cunctis
2764 4088 2973 4139 urbibus
2995 4088 3109 4139 almi

2056 4153 2348 4217 Pontifices;
2369 4155 2726 4217 geminoque...
2747 4152 3076 4217 celeberrima
3098 4159 3230 4203 coetu

2056 4215 2320 4277 Decernis,
2345 4213 2474 4278 q'uod
2492 4213 2643 4265 Roma
2666 4215 2860 4278 probet,
2884 4214 3012 4277 quod
3032 4228 3188 4278 regna
3207 4224 3499 4279 sequantur.
3558 4216 3567 4239 ’

278 4298 411 4388 ΞΠ,
440 4298 663 4388 sed???”
694 4298 899 4388 tantum
932 4298 1273 4388 l'ueruni',u_t
1314 4298 1523 4388 ferebat
1544 4298 1863 4388 Labbeanus
1889 4298 1938 4364 C
1971 4317 2038 4374 Et
2069 4317 2339 4372 Honorius
2370 4316 2470 4388 ipsi
2501 4314 2714 4385 scripsit
2743 4316 2988 4383 Aurelio,
3017 4317 3360 4374 clementiam
3382 4334 3562 4386 suam,

279 4386 477 4457 codex.
530 4386 781 4441 Secundo
835 4387 1169 4457 suspicione
1197 4383 1404 4457 laborat
1443 4384 1677 4457 Prosper
1721 4383 1862 4453 apud

280 4456 587 4527 theologos,
608 4466 791 4526 utpote
815 4459 904 4527 qui
929 4453 984 4513 et
1012 4456 1261 4512 Patribus
1286 4453 1552 4510 Africanis
1578 4468 1865 4523 supremas

280 4526 339 4598 [η
396 4526 742 4583 datnnatione
783 4526 1195 4598 Pelagianorum
1236 4528 1437 4598 tribuat
1477 4536 1687 4598 partes;
1738 4540 1863 4581 cum

281 4596 503 4670 Zosimo
518 4598 758 4668 pontifici
782 4596 958 4670 potius
983 4600 1309 4670 debeantur.
1326 4597 1561 4670 Degebat
1590 4596 1695 4652 hoc
1720 4611 1864 4652 anno

278 4669 704 4741 418Ravenute
741 4668 1035 4741 imperator
1074 4669 1371 4734 Honorius,
1427 4668 1865 4741 ibirescriptum

280 4739 480 4808 edidit,
529 4756 638 4811 quo
684 4739 955 4810 Pelagiani
997 4742 1163 4796 Roma
1210 4741 1458 4796 exsulare
1509 4740 1861 4811 jubebantur.

284 4811 477 4882 patum
515 4810 643 4866 illud
686 4812 1008 4882 rescriptum
1054 4812 1143 4867 die
1182 4812 1252 4867 50
1296 4812 1531 4881 Aprilis,
1567 4827 1663 4866 seu
1696 4810 1868 4881 pridie

281 4879 399 4935 kal.
431 4882 619 4936 Maias.
644 4879 936 4950 Qumritnr,
967 4900 1033 4938 an
1067 4882 1123 4937 id
1154 4882 1314 4937 fuerit
1341 4879 1519 4936 actum
1551 4879 1868 4937 auctoritate

280 4951 508 5019 Zosimi,
540 4970 607 5008 an
632 4955 844 5009 concilii
876 4955 1150 5022 Africani,
1189 4954 1342 5022 cujus
1372 4954 1591 5009 decreta
1625 4954 1691 5007 ad
1719 4953 1872 5008 Zosi-

280 5039 435 5079 mum
468 5034 850 5096 pervenerant,
883 5027 951 5079 ab
970 5041 1145 5096 eoque
1167 5025 1380 5081 fuerant
1409 5024 1649 5093 probata.
1682 5025 1870 5081 Poste-

280 5097 401 5150 rius
450 5095 736 5151 confirmat
774 5095 1070 5166 Prosperr
1097 5096 1191 5150 sed
1238 5097 1455 5151 obstare
1499 5096 1712 5151 videtur
1754 5104 1869 5151 tum

282 5170 589 5237 reverentia
617 5184 743 5237 erga
769 5169 1100 5236 pontificem,
1131 5180 1241 5220 tum
1265 5175 1477 5235 tempus
1502 5166 1719 5221 concilii
1741 5169 1872 5222 Car-

283 5236 656 5308 thaginensis;
685 5236 807 5293 cum
840 5242 984 5295 enim
1015 5248 1400 5308 congregatum
1433 5237 1591 5293 fuerit
1621 5238 1686 5292 21
1731 5238 1873 5293 Mar-

281 5308 382 5373 tii,
423 5316 479 5363 et
527 5310 594 5363 ad
641 5310 895 5365 calendas
942 5308 1107 5365 Maias
1159 5309 1271 5365 fere
1328 5320 1709 5379 prorogatum,
1766 5324 1873 5365 non

282 5390 575 5449 potuerunt
610 5381 729 5450 ejus
766 5382 959 5437 litterae
1007 5381 1232 5437 Romam
1266 5395 1364 5436 nec
1401 5379 1715 5436 Ravennam
1748 5396 1872 5450 per-

280 5452 492 5522 genire,
548 5463 835 5522 antequam
885 5454 1182 5519 imperator
1224 5451 1398 5522 legem
1436 5466 1590 5506 suam
1618 5455 1874 5507 adversus

279 5519 601 5591 Pelagianos
623 5519 911 5580 sanxisset.
944 5523 1014 5579 Ut
1042 5519 1369 5592 Prosper'ab
1394 5523 1542 5577 omni
1572 5523 1875 5592 suSpicioae

281 5595 371 5665 vel
389 5594 617 5659 erroris,
640 5598 723 5648 vel
754 5594 908 5650 nimii
938 5609 1065 5665 erga
1086 5595 1370 5665 Africanos
1394 5592 1565 5648 Studii
1592 5594 1874 5665 liberetur,

282 5664 565 5735 observari
596 5665 779 5735 debet,
810 5682 915 5723 non
947 5664 1128 5731 uuam,
1163 5664 1259 5719 sed
1290 5666 1446 5721 binas
1479 5666 1583 5721 hoc
1606 5680 1747 5720 anno
1782 5664 1879 5720 ha-

283 5734 427 5790 bitas
458 5736 510 5791 in
538 5736 719 5793 Africa
745 5734 985 5806 synodos
1007 5736 1149 5808 circa
1178 5736 1594 5808 Pelagianorum
1632 5751 1875 5808 causam,

283 5818 515 5877 quarum
554 5808 703 5879 prior
744 5816 1042 5865 convocata
1073 5807 1175 5863 fuit
1214 5806 1335 5879 post
1362 5808 1617 5867 Natalitia
1644 5806 1876 5878 Cbristi,

614 5903 888 5968 Pn‘nOL.
934 5901 1199 5967 XXVII.
1235 5982 1247 5989 θ

1967 4389 2094 4464 dum
2122 4403 2188 4443 ex
2202 4389 2668 4464 .urbe‘expulerat
2688 4388 3048 4464 Pelagianos,
3082 4398 3309 4464 serutatn
3340 4407 3449 4445 esse
3464 4395 3562 4464 ju-

1967 4462 2159 4515 dicium
2192 4458 2497 4515 Sanctitatis
2518 4460 2649 4529 ejus.
2679 4458 3063 4514 Commoverat
3085 4460 3244 4529 igitur
3264 4458 3562 4529 imperato-

1968 4547 2081 4587 rem
2118 4531 2329 4603 Aurelii
2374 4540 2427 4603 et
2474 4530 2854 4585 Africanorum
2894 4530 3217 4597 auctoritas,
3262 4545 3562 4603 eorumque

1969 4602 2204 4672 impulsu
2225 4602 2562 4670 potissimum
2586 4603 2908 4671 rescriptum
2938 4616 3093 4656 suum
3121 4602 3560 4672 promulgaverat

1969 4674 2238 4728 adversus
2256 4672 2595 4743 Pelagianos.
2622 4672 2816 4743 Sicque
2839 4680 3011 4727 ratum
3026 4681 3085 4743 et
3111 4674 3273 4727 lixum
3308 4672 3554 4740 habetur,

1969 4745 2113 4814 quod
2146 4741 2590 4812 Prosper'narrat
2616 4742 2669 4796 in
2699 4742 2991 4814 Chronico.
3022 4741 3135 4797 Nec
3168 4756 3345 4797 tamen
3374 4751 3560 4812 Spreta

1970 4813 2071 4869 fuit
2097 4815 2389 4868 auctoritas
2416 4815 2612 4868 summi
2648 4813 2949 4881 pontificis,
2993 4827 3115 4867 cum
3158 4827 3269 4883 quo
3304 4823 3421 4868 acta
3462 4827 3561 4867 sua

1971 4885 2233 4940 adversus
2267 4883 2587 4955 Pelagianos
2630 4885 3161 4955 cotnmunicaverant
3195 4882 3468 4955 Africani,
3499 4890 3561 4938 ut

1972 4956 2191 5011 calculo
2220 4970 2319 5010 suo
2358 4952 2615 5010 ﬁrmaret.
2647 4954 2755 5009 Sed
2781 4954 3049 5008 neminem
3088 4955 3248 5017 latet,
3282 4952 3559 5008 Zosimum

1972 5028 2311 5097 aliquatenus
2342 5025 2694 5097 propendisse
2723 5025 2776 5079 in
2803 5032 2980 5092 partes
3009 5022 3275 5097 Ctelestii,
3299 5038 3330 5078 a
3356 5026 3561 5097 quibus

1974 5094 2247 5152 removeri
2279 5112 2385 5151 non
2419 5098 2489 5151 ita
2520 5096 2676 5149 facile
2707 5108 2894 5162 passus
2928 5103 3031 5149 est.
3065 5095 3299 5149 MOnitus
3319 5094 3389 5149 ab
3419 5095 3566 5150 Afri-

1974 5167 2146 5233 canis,
2177 5168 2457 5236 rescripsit
2487 5168 2572 5221 die
2597 5166 2632 5218 ‘2
2662 5165 2842 5220 Martii
2871 5164 3051 5219 omnia
3069 5166 3246 5220 adhuc
3270 5165 3325 5236 in
3354 5167 3568 5235 integro

1975 5254 2101 5296 esse
2131 5257 2144 5294 :
2176 5235 2500 5308 elapsi’suat
2536 5237 2735 5306 aliquot
2775 5236 2923 5301 dies,
2954 5249 3239 5308 antequam
3269 5235 3569 5293 Ctelestius

1978 5324 2197 5366 causam
2241 5310 2424 5365 dicere
2464 5317 2768 5378 cogeretur,
2797 5318 2851 5362 et
2892 5307 2996 5361 sibi
3027 5308 3276 5378 conscius
3306 5308 3439 5363 urbe
3480 5308 3567 5363 fu-

1977 5392 2149 5451 geret,
2182 5389 2236 5435 et
2252 5380 2501 5451 Zosimns
2524 5377 2700 5451 ipsum
2725 5379 3027 5451 damnaret.
3054 5377 3138 5433 Nil
3160 5379 3357 5434 mirum
3379 5378 3567 5449 igitur.

1979 5448 2050 5519 si,
2078 5452 2252 5507 inscio
2276 5448 2557 5522 pontiﬁce,
2577 5450 2760 5522 datum
2802 5448 2881 5522 sit
2910 5452 3246 5522 rescriptum
3274 5448 3573 5519 imperato-

1980 5523 2119 5578 rium
2151 5522 2222 5577 50
2258 5520 2480 5592 Aprilis,
2513 5522 2594 5576 vel
2616 5521 2813 5592 saltem
2840 5520 2885 5574 si
2913 5521 3120 5589 priores
3160 5521 3319 5591 hujus
3347 5522 3576 5592 damna:

1983 5594 2152 5650 tionis
2192 5588 2500 5648 tribuantur
2531 5601 2712 5663 partes
2747 5588 3045 5663 Africanis,
3073 5588 3269 5663 quibus
3302 5604 3390 5646 res
3423 5588 3576 5645 cordi

1986 5665 2195 5741 {aiunt
2223 5673 2452 5741 testatur
2481 5662 2753 5741 Prosper,
2774 5662 2942 5741 etalii
2972 5672 3189 5741 negant.
3236 5662 3397 5716 Basn.
3518 5729 3555 5741 Α.

2058 5735 2459 5813 d_Repon_enda
2481 5734 2856 5813 Valentiniani
2877 5733 3283 5813 nata_liti_a_anno
3304 5733 3579 5813 sequenti,

1982 5817 2047 5866 ut
2086 5803 2431 5867 Marcellinus
2474 5814 2530 5865 et
2574 5805 2786 5865 Idacius
2828 5804 3031 5864 ferunt.
3073 5803 3375 5860 Discrimen
3419 5803 3585 5860 etiam

3189 5892 3269 5959 23
