4038 6410
547 316 656 376 7η

1241 311 1334 370 AD
1372 304 2284 372 EUSEBIWHIERONYMIANUM
2322 307 2722 370 CHBONICON
2761 308 3132 370 APPENDIX.

3738 315 3840 376 728

551 433 726 506 τεύχη
748 435 1006 508 Χρονικῶῖ
1032 428 1258 508 κανόνων
1286 426 1884 508 symmetriam-rapiat;
1913 431 1999 483 καὶ
2028 430 2147 483 τού-

2254 425 2387 482 varii
2413 408 2514 496 ipsi
2543 424 2961 508 canones-apud
3001 424 3318 508 Eusebium.
3367 426 3505 484 Hinc
3550 426 3838 508 intelliges,

551 499 950 578 τωείἳπιέομῄν.
989 503 1156 578 ΙίιοιιιΔ
1184 502 1324 572 apud
1371 499 1735 570 Sophronium
1766 499 2142 570 interpretem

556 578 808 634 Graecum
832 573 1180 646 'Hieronymi.

631 649 694 702 Et
749 648 1005 718 quoniam
1040 639 1258 718 propria
1304 644 1652 718 acprimaeva
1683 641 1976 712 appellatio
1996 639 2145 696 vide-

552 729 643 774 tur
673 714 1152 782 ista,utdicautur
1192 714 1436 769 Chronici
1483 729 1726 775 canones.
1777 729 1872 768 seu
1923 728 2146 766 canones

552 789 954 852 Chronicorum,
978 804 1086 843 non
1117 787 1250 840 levis
1273 787 1447 840 oritur
1466 785 1780 846 difﬁcultas,
1813 799 1932 854 qua:
1955 784 2024 838 sit
2051 782 2148 837 ho-

557 877 680 916 rum
705 859 942 930 genuina
966 857 1365 927 interpretatio.
1395 859 1528 930 llum
1565 857 1709 930 enim
1733 855 1825 910 illa
1845 870 1944 910 vox
1976 871 2146 930 canon

553 940 664 986 tam
696 924 837 1000 apud
878 924 1182 998 theologos,
1214 937 1283 1000 iet
1311 927 1751 1000 iurisconsultos,
1800 941 1960 1000 quam
2007 924 2149 1000 apud

553 1003 690 1057 alios
733 996 808 1055 'ad
864 1001 1009 1056 varia
1059 996 1407 1068 signiﬁcanda
1456 996 1800 1068 applicetur,
1846 996 2149 1066 cujusmodi

554 1072 938 1139 exemplorum
971 1072 1113 1140 pleni
1143 1083 1268 1126 sunt
1305 1069 1544 1124 thesauri
1596 1070 1877 1140 utriusque
1918 1068 2145 1140 _lingum,

551 1159 661 1199 non
695 1138 811 1198 leve
840 1138 1063 1197 dubium
1093 1141 1323 1212 emergit
1346 1156 1462 1205 qua:
1502 1141 1574 1195 sit
1611 1139 1711 1193 hoc
1737 1141 1856 1212 loco
1880 1138 2000 1208 ejus
2023 1152 2149 1205 pro-

553 1215 670 1281 pria
700 1215 1045 1283 signiﬁcatio.
1096 1213 1204 1267 Nos
1252 1210 1362 1282 quo
1395 1212 1615 1283 brevius
1649 1210 2024 1281 expediamus,
2055 1224 2154 1283 pu-

557 1279 732 1340 tamus
751 1279 1062 1340 Chronicos
1091 1279 1333 1339 canones
1356 1283 1430 1337 nil
1459 1281 1603 1336 aliud
1636 1279 1778 1346 esse,
1813 1296 1973 1351 quam
2003 1279 2154 1333 tabu-

555 1357 638 1409 las
665 1356 896 1426 aliquas,
929 1357 979 1410 id
1011 1365 1096 1411 est
1123 1357 1333 1410 diversa
1365 1355 1537 1422 spatia
1593 1353 1834 1426 dimensa
1886 1351 2042 1426 lineis
2090 1365 2155 1406 ac

555 1423 859 1494 laterculis,
880 1442 999 1497 quae
1024 1427 1302 1482 continent
1329 1439 1588 1479 numeros
1619 1423 1723 1478 sibi
1758 1423 2055 1497 oppositos
2087 1437 2154 1476 ex

555 1497 813 1560 adverso,
845 1494 1040 1566 quibus
1067 1497 1372 1552 indicantur
1396 1506 1636 1564 tempora
1670 1509 1768 1549 seu
1798 1497 1921 1548 anni
1947 1494 2154 1566 diviso-

555 1583 677 1622 rum
710 1564 895 1638 regum
921 1569 1150 1624 invicem
1176 1576 1564 1623 concurrentes
1614 1580 1710 1620 seu
1736 1564 2150 1638 concordantes,

557 1648 613 1693 et
634 1653 707 1693 ex
738 1635 966 1708 quorum
985 1641 1274 1694 collatione
1311 1653 1406 1694 seu
1446 1639 1854 1707 comparatiOne
1883 1635 2156 1703 colligitur

559 1713 821 1764 canonica
848 1725 942 1764 seu
974 1711 1261 1781 regularis,
1284 1719 1339 1765 et
1363 1720 1508 1781 certa
1541 1717 1859 1781 temporum
1897 1715 2157 1774 supputa-

2290 513 2359 570 uo
2387 511 2548 552 sensu
2574 497 2780 570 scribat
2801 497 3165 570 Hieronymus
3193 499 3352 552 initio
3373 514 3486 554 suae
3504 497 3839 570 appettdi'cis,

2310 586 2373 622 uc
2397 584 2559 641 usque
2577 568 2853 641 historiam
2877 569 3052 641 scribit
3093 568 3371 634 Eusebius,
3390 587 3498 624 non
3523 568 3668 641 quod
3688 584 3842 628 vocet

2247 637 2556 696 Chronicon
2588 638 2808 695 Eusebii
2840 638 3147 706 historiam,
3176 650 3235 695 ut
3255 650 3501 696 autumat
3530 637 3620 696 vir
3644 641 3843 697 doetis-

2250 712 2451 776 simus,
2485 711 2638 780 quia,
2671 711 2873 781 inquit,
2918 709 3180 766 Eusebius
3209 713 3264 766 in
3303 730 3400 766 suo
3428 711 3686 768 Chronico
3712 716 3844 768 scri-

2253 783 2411 852 pserit
2441 782 2778 855 prolixiorem
2806 798 2986 855 rerum
3029 792 3288 852 gestarum
3325 785 3680 838 narrationem
3705 788 3842 855 (qua:

2253 863 2430 923 postea
2451 870 2483 906 a
2508 854 2736 925 librariis
2767 854 3008 925 mutilata
3045 854 3142 925 est)
3175 871 3329 924 quam
3359 855 3580 924 simplex
3620 854 3841 910 Chroni-

2251 941 2346 979 con
2370 924 2738 996 postulat;sed
2753 924 2893 996 quod
2913 924 3132 979 nomine
3146 925 3385 980 historia:
3409 927 3672 996 intelligat
3693 927 3838 983 illam

2254 995 2464 1064 partem
2489 996 2740 1050 Cbronici
2771 995 3086 1065 Eusebiani,
3113 1012 3234 1065 qua:
3255 1012 3343 1052 res
3368 1008 3548 1063 gestas
3576 995 3840 1054 coittinet.

2255 1065 2535 1136 Signiﬁcat
2559 1079 2740 1121 autem
2776 1065 3068 1121 Eusebium
3100 1083 3203 1122 non
3222 1067 3514 1137 deduxisse
3566 1084 3734 1137 usque
3775 1069 3842 1124 ad

2254 1135 2454 1193 annum
2479 1138 2550 1192 20
2573 1137 2912 1193 Constantini
2944 1153 3182 1195 canones
3221 1135 3544 1202 Chronicos,
3573 1135 3845 1195 desierant

2253 1210 2400 1264 enim
2425 1210 2598 1263 multo
2617 1217 2742 1262 ante
2771 1208 2839 1262 ab
2868 1223 3012 1263 anno
3039 1211 3073 1262 ι).
3099 1208 3438 1277 Vespasiani,
3497 1210 3592 1266 sed
3639 1211 3847 1265 solum-

2255 1280 2418 1336 modo
2442 1278 2728 1352 historiam
2757 1278 3105 1347 Chronicam,
3141 1279 3192 1334 id
3219 1290 3303 1334 est
3353 1296 3473 1350 qum
3502 1293 3585 1336 est
3624 1296 3844 1352 compa-

2256 1362 2370 1406 rata
2399 1366 2494 1406 seu
2524 1351 2790 1422 applicata
2820 1367 2940 1422 cum
2969 1358 3082 1414 sola
3121 1353 3280 1405 unius
3316 1353 3530 1420 generis
3577 1355 3717 1408 serie
3750 1351 3846 1422 per

2257 1424 2636 1490 imperatores.
2659 1421 2934 1492 Intelliges
2955 1423 3119 1477 etiam
3160 1437 3268 1492 quo
3297 1438 3459 1478 sensu
3487 1424 3626 1478 idem
3653 1421 3845 1478 lliero-

2257 1508 2452 1565 nymus
2477 1492 2680 1565 scribat
2701 1491 2766 1546 ad
2797 1491 3004 1565 calcem
3043 1491 3286 1560 ejusdem
3314 1494 3700 1563 supplementi,
3725 1494 3849 1549 Col-

2259 1563 2438 1636 ligitur
2460 1564 2624 1618 omnis
2645 1579 2811 1636 canon
2835 1564 2897 1636 ab
2915 1563 3196 1636 Abraham,
3215 1575 3349 1630 etc.,
3366 1579 3488 1619 cum
3513 1567 3564 1619 in
3592 1565 3710 1620 aliis
3723 1581 3847 1634 epo-

2257 1635 2376 1690 citis
2431 1650 2526 1690 seu
2582 1635 3018 1701 collectionibus,
3070 1635 3324 1689 videlicet
3372 1637 3414 1690 Α
3436 1638 3660 1690 secundo
3705 1653 3848 1690 anno

2259 1705 2433 1774 Darii,
2459 1719 2589 1772 etc.,
2620 1715 2670 1761 et
2704 1705 2821 1760 aliis
2845 1705 3174 1773 hujnsmodi,
3209 1722 3315 1760 non
3347 1715 3531 1761 utatur
3575 1723 3704 1762 voce
3759 1724 3850 1760 ra-

560 1783 636 1835 tio
659 1781 1000 1838 etcolleetio.
1039 1776 1162 1866 Ἰξιῖν
1224 1782 1394 1835 lineas
1426 1776 1669 1866 intelligo
1698 1779 1793 1832 illa
1826 1778 2154 1866 lineamenta
2188 1805 2232 1866 Β
2261 1779 2454 1860 nonis;
2495 1778 2639 1866 idem
2686 1778 2831 1832 enim
2873 1787 2976 1858 est.
2997 1776 3150 1866 quasi
3181 1776 3406 1842 diceret,
3434 1778 3715 1861 Qolligitur
3736 1789 3848 1834 tota

557 1860 708 1906 recta
732 1869 761 1906 a
784 1867 996 1907 summo
1026 1853 1092 1907 ad
1123 1853 1310 1916 imum,
1362 1867 1495 1921 quas
1525 1851 1714 1919 vulgus
1761 1848 2030 1921 columnas
2061 1863 2154 1902 vo-

557 1933 665 1990 cat,
722 1932 778 1978 et
829 1939 962 1992 quas
1005 1919 1459 1992 Hieronymusiin
1495 1925 1704 1991 prtel'at.
1729 1919 1963 1989 appellat
1993 1919 2155 1973 lineas

556 2005 1021 2060 numerorum,aut
1052 1996 1255 2048 numeri
1284 2010 1379 2049 seu
1423 1995 1633 2046 ordines
1693 2006 2021 2045 numerorum
2063 1999 2155 2044 aut

557 2066 766 2118 numeri
787 2064 868 2133 (ut
892 2075 1082 2121 auctor
1106 2067 1346 2120 incertus
1369 2067 1421 2119 in
1449 2078 1689 2118 canones
1715 2062 1970 2130 Evangel.
1999 2071 2156 2115 vocat

561 2135 764 2205 figuras
784 2135 1186 2207 columnarias),
1217 2151 1446 2206 qumquu
1491 2135 1736 2191 continet
1781 2133 2004 2196 seriem,
2036 2146 2154 2198 seu,

559 2217 621 2259 ut
653 2207 796 2260 idem
832 2208 1198 2278 Hieronymus
1251 2208 1514 2276 loquitur,
1564 2207 1823 2278 tramitem
1877 2219 2154 2278 regnorum

563 2285 610 2330 et
637 2278 870 2331 ordinem
902 2275 1230 2334 numerorum
1275 2279 1534 2347 cujusque
1563 2279 1739 2346 regni.
1794 2275 1898 2347 Per
1922 2276 2157 2347 latercu-

560 2347 665 2410 los,
699 2349 818 2402 illas
845 2349 1016 2405 lineas
1044 2361 1417 2416 transversas,
1450 2346 1568 2403 seu
1597 2346 1937 2403 collaterales
1964 2362 1991 2397 a
2022 2346 2155 2400 dex-

564 2428 645 2492 tra
668 2419 733 2474 ad
758 2420 1052 2488 sinistram,
1087 2435 1223 2492 quas
1249 2422 1363 2490 ipse
1411 2419 1772 2492 Hieronymus
1793 2427 1950 2471 vocat
1980 2416 2157 2492 virgu-

563 2490 666 2554 las,
697 2498 753 2544 et
779 2505 878 2546 nos
903 2489 1192 2561 aliquando
1217 2489 1379 2546 etiam
1411 2489 1629 2561 strigas,
1655 2499 1708 2545 ct
1727 2504 1848 2559 qua:
1875 2489 2157 2561 continent

566 2575 673 2614 non
715 2562 961 2617 ordinem
994 2559 1107 2618 seu
1156 2565 1356 2618 seriem
1411 2559 1560 2631 regni
1589 2577 1683 2615 seu
1709 2574 2024 2631 regnorum,
2059 2559 2156 2614 sed

563 2635 780 2686 unicum
825 2650 1108 2688 numerum
1140 2650 1237 2689 seu
1265 2629 2016 2702 annum'cujusqueordinis
2067 2644 2158 2685 re-

567 2717 795 2776 gnorum
823 2723 835 2758 :
867 2705 940 2758 ita
964 2715 1022 2760 ut
1053 2706 1127 2760 illi
1149 2719 1340 2761 omnes
1363 2703 1713 2776 nttmeri,:qui
1741 2703 1939 2776 suntin
1967 2702 2155 2776 singu-

567 2771 634 2826 lis
681 2774 972 2842 laterculis,
1027 2777 1072 2832 si
1129 2777 1290 2832 simul
1348 2771 1790 2840 considerentur,
1836 2785 1891 2828 et
1920 2772 2154 2827 invicem

565 2855 955 2914 comparentur
984 2857 1042 2903 ut
1072 2848 1334 2917 Oppositi,
1365 2857 1629 2901 vocentur
1681 2859 1941 2917 canones.
1970 2843 2156 2917 _Alter

563 2913 710 2969 enim
741 2917 898 2972 alteri
929 2913 1121 2974 lucem
1148 2913 1306 2974 all‘ert
1335 2927 1390 2974 et
1419 2917 1578 2972 [idem
1618 2915 1891 2972 conciliat.
1953 2915 2024 2968 At
2047 2913 2156 2968 his-

566 2986 728 3056 toria,
751 3005 873 3056 qua:
902 3001 985 3043 est
1013 2992 1111 3044 sita
1143 2990 1210 3044 ad
1232 2991 1380 3044 illum
1409 2989 1752 3050 laterculum,
1775 2995 1831 3040 et
1856 3001 1975 3055 qua:
1995 3000 2157 3052 pecu-

563 3055 780 3128 liariter
807 3060 1041 3128 pertinet
1067 3061 1133 3116 ad
1166 3077 1329 3116 unum
1361 3075 1430 3114 ex
1452 3062 1690 3114 numeris
1713 3059 1857 3113 illius
1882 3057 2152 3119 laterculi,

565 3127 762 3184 dicitur
806 3127 1097 3188 convenire
1150 3141 1206 3188 et
1239 3131 1572 3188 concordare
1593 3131 1646 3185 in
1678 3131 1772 3184 illo
1801 3144 2030 3194 canone,
2056 3143 2152 3183 seu

566 3198 619 3250 itt
651 3199 742 3254 illo
762 3216 1032 3258 concursu
1060 3178 1114 3259 et
1149 3178 1546 3273 etimpositione
1597 3215 1861 3273 annorum
1905 3178 2150 3256 diverso-
2181 3178 2227 3242 (ἶ

565 3283 686 3342 rum
718 3286 926 3341 regum.
969 3274 1047 3329 Ex
1098 3275 1189 3329 illa
1232 3272 1374 3328 enim
1423 3272 1762 3342 oppositione
1793 3273 2039 3341 exsurgit
2069 3287 2155 3328 re-

563 3339 684 3415 gula
712 3339 856 3415 certa
890 3347 1288 3415 supputationis
1329 3339 1652 3415 temporum,
1705 3357 1773 3397 ex
1799 3358 1901 3415 qua
1937 3339 2154 3415 tandem

566 3410 627 3491 ﬁt
657 3412 784 3467 unio
805 3424 861 3469 et
886 3410 1197 3472 conciliatio
1223 3416 1417 3472 calculi
1443 3410 1634 3491 'Biblici
1651 3429 1774 3468 cum
1801 3410 2010 3468 calculo
2036 3414 2154 3491 eth-

569 3485 836 3555 nicorum,
871 3502 1030 3555 quam
1064 3499 1336 3554 tamquam
1368 3485 1697 3555 praecipuum
1740 3499 1962 3555 scopum
2015 3495 2068 3540 et
2090 3487 2154 3540 li-

567 3566 703 3628 nem
723 3553 973 3628 ltickliber
996 3557 1102 3612 sibi
1130 3553 1400 3628 prOponit.

642 3623 776 3680 llinc
797 3623 1158 3699 Hieronymus
1197 3623 1298 3684 tria
1333 3628 1616 3698 distinguit
1661 3636 1719 3682 ut
1750 3627 2056 3682 necessaria
2085 3627 2152 3682 ad

565 3712 804 3753 canones
858 3699 1157 3755 Chronicos
1189 3741 1206 3767 ,
1252 3701 1414 3754 lineas
1465 3716 1585 3770 quae
1627 3699 1908 3754 continent
1951 3699 2150 3753 seriem

566 3782 831 3841 annorum
848 3785 942 3824 seu
969 3785 1316 3825 numerorum
1346 3789 1360 3824 :
1420 3772 1649 3841 virgulas
1695 3785 1816 3840 qua:
1837 3779 1961 3825 sunt
1986 3771 2152 3825 inter-

566 3847 729 3895 texta:
759 3840 864 3894 illis
887 3841 1172 3897 numeris:
1221 3853 1275 3898 et
1322 3842 1614 3909 historiam,
1659 3857 1780 3911 quae
1823 3842 2147 3911 assignatur,

567 3924 665 3964 seu
694 3911 870 3986 ut_ille
899 3912 1162 3982 loquitur,
1198 3912 1497 3986 applicatur
1521 3915 1610 3968 uni
1645 3927 1710 3986 ex
1747 3911 1856 3967 illis
1883 3913 2148 3986 numeris,

567 3996 664 4053 seu
695 3981 853 4053 etiam
879 3981 1028 4038 certo
1053 3981 1282 4051 tempori
1322 3985 1404 4039 vel
1430 4002 1571 4039 anno
1603 3985 1750 4039 illius
1780 3985 2002 4053 virgula:
2051 3999 2150 4040 seu

564 4051 834 4125 laterculi.
861 4054 1042 4125 Itaque
1070 4056 1122 4109 in
1144 4071 1351 4111 canone
1379 4055 1652 4110 Chronico
1695 4071 1802 4110 non
1836 4051 1943 4109 tam
1973 4057 2152 4109 consi-

565 4121 803 4178 deranda
828 4137 910 4179 est
929 4121 1121 4192 series,
1163 4143 1258 4181 seu
1283 4126 1418 4181 ordo
1446 4135 1627 4182 rectus
1653 4142 2021 4191 numerorum,
2051 4141 2148 4181 seu

564 4207 851 4268 annorum,
880 4212 1038 4267 quam
1067 4197 1333 4268 oppositio
1363 4213 1711 4254 numerorum
1761 4212 1858 4252 seu
1879 4213 2146 4253 annorum

564 4264 913 4320 diversorum
939 4264 1211 4324 ordinum.

636 4334 776 4416 Hinc
805 4338 859 4416 l_it
882 4339 1317 4416 utliieronymus
1355 4349 1513 4395 vocet
1547 4340 1854 4416 Chronich
1901 4339 2141 4408 Eusebii,

565 4406 916 4460 omnimodaut
981 4406 1251 4464 historiam
1313 4427 1569 4466 canonum
1622 4411 2042 4475 (ihronicorum;
2093 4406 2148 4468 at

566 4489 748 4550 suum,
779 4475 1067 4534 ChronicOn
1115 4481 1424 4536 omnimodte
1480 4483 1729 4536 historice.
1773 4482 1957 4550 Neque
1999 4483 2142 4538 enim

2259 1858 2315 1904 et
2345 1847 2674 1903 universalis
2705 1847 3014 1917 supputatio
3061 1847 3198 1904 laeta
3229 1864 3325 1917 per
3345 1851 3545 1904 seriem
3581 1847 3849 1904 annorum

2257 1920 2327 1973 ab
2351 1920 2646 1986 Abraham,
2674 1929 2728 1974 et
2757 1933 2854 1988 per
2873 1919 3330 1988 comparationem
3357 1921 3663 1984 cumannis
3687 1923 3852 1976 modo

2260 1990 2630 2061 Assyriorum,
2666 1991 2828 2044 modo
2859 1989 3158 2061 Medorum,
3183 1989 3348 2045 modo
3378 1991 3604 2046 aliorum
3637 2007 3851 2061 regum,

2259 2060 2422 2119 modo
2455 2065 2840 2132 imperatorum
2874 2060 2982 2114 illis
3026 2062 3459 2123 succedentium.
3513 2077 3634 2133 quac
3685 2060 3854 2119 liabet

2256 2134 2367 2188 vim
2395 2133 2714 2188 certissimzn
2759 2146 2965 2186 normze
3009 2146 3107 2188 seu
3154 2134 3400 2187 canonis.
3445 2133 3514 2190 At
3561 2135 3604 2189 si
3673 2149 3851 2192 canon

2260 2205 2400 2259 idem
2433 2213 2578 2258 esset
2599 2217 2664 2257 ac
2689 2203 3261 2274 simplexgsupputatiu
3293 2213 3622 2274 temporum,
3656 2206 3852 2262 eodem

2258 2275 2524 2401 vOfabulo
2548 2289 2676 2330 usus
2704 2275 2896 2330 luisset
2922 2273 2978 2329 in
3002 2275 3127 2330 aliis
3144 2273 3561 2332 collectionibus
3593 2292 3687 2331 seu
3724 2280 3855 2333 arti-

2258 2361 2324 2401 cu
2358 2361 2421 2400 ts.

2258 2361 2421 2402 CUIIS.

2330 2418 2467 2473 Hinc
2497 2431 2710 2488 quoque
2751 2416 2808 2471 lit
2849 2425 2906 2471 ut
2940 2432 3062 2472 cum
3110 2417 3292 2486 basis,
3339 2427 3395 2474 et
3441 2419 3854 2478 futulamentum

2259 2490 2521 2552 historiae,
2553 2503 2617 2544 ac
2664 2489 2964 2558 prmsertim
3012 2489 3254 2545 historia:
3301 2488 3585 2546 Chroniczc
3627 2492 3702 2548 sit
3745 2495 3855 2549 cir—

2257 2561 2586 2617 eumstantia
2609 2561 2867 2630 temporis
2911 2574 3006 2616 seu
3036 2561 3199 2615 anni:
3236 2560 3640 2618 fundamentum
3687 2565 3854 2619 etiam

2257 2647 2526 2687 canonum
2570 2631 2963 2686 Cbronicorum
3011 2631 3082 2686 sit
3123 2647 3446 2698 concursus,
3496 2644 3552 2690 et
3581 2637 3856 2704 oppositio

2258 2704 2598 2759 diversorum
2645 2717 2992 2758 numerorum
3040 2716 3136 2757 seu
3180 2719 3445 2759 annorum
3474 2747 3488 2769 ,
3544 2706 3599 2758 in
3656 2706 3855 2773 quibus

2259 2774 2401 2830 inest
2429 2790 2684 2830 numerus
2726 2773 3045 2846 illiusanni,
3079 2774 3144 2828 ad
3174 2790 3333 2846 quem
3363 2775 3588 2832 historia
3615 2776 3706 2831 illa
3734 2793 3856 2845 per-

2259 2847 2427 2906 tinet;
2464 2862 2694 2916 cumque
2735 2845 3006 2916 principua
3056 2845 3175 2899 libri
3196 2845 3454 2902 Cbronici
3502 2847 3643 2902 ratio
3671 2853 3857 2904 consi-

2257 2925 2364 2972 stat
2390 2933 2500 2973 non
2528 2919 2578 2971 in
2609 2916 2936 2990 exhibenda,
2969 2931 3064 2990 seu
3093 2917 3176 2987 (ut
3196 2916 3431 2986 loquitur
3461 2918 3851 2990 Hieronymus)

2257 2987 2886 3061 explanandaltistoria,
2916 2988 3003 3061 vel
3030 2991 3352 3061 esponenda
3397 3005 3458 3044 re
3485 2987 3685 3060 aliqua,
3733 2987 3853 3061 quae

2257 3061 2476 3125 accidit,
2529 3059 2624 3132 sed
2669 3060 2721 3114 in
2767 3073 2911 3132 anno
2929 3058 3292 3132 designando,
3335 3077 3442 3130 quo
3471 3063 3559 3116 illa
3578 3058 3848 3132 contigit:

2257 3133 2486 3202 proinde
2513 3131 2643 3186 dum
2671 3145 2738 3185 ex
2767 3129 3053 3198 principali
3079 3145 3239 3186 causa
3264 3129 3461 3200 petitur
3491 3148 3717 3198 nomen,
3742 3129 3850 3188 sci-

2260 3205 2385 3258 licet
2413 3221 2440 3258 a
2486 3217 2694 3260 canone
2736 3202 3028 3264 Chronico,
3071 3211 3127 3255 et
3153 3217 3258 3257 non
3290 3203 3358 3257 ab
3405 3203 3651 3268 historia,
3704 3203 3767 3258 lit
3797 3215 3851 3260 ut

2259 3274 2400 3330 liber
2428 3285 2650 3329 vocetur
2670 3274 2848 3342 potius
2876 3271 3163 3327 Chronicon
3187 3288 3282 3328 seu
3321 3291 3542 3330 canones
3580 3272 3847 3343 Chronici,

2256 3361 2415 3416 quam
2450 3347 2667 3400 historia
2687 3343 2965 3410 Chronica,
2998 3358 3094 3398 seu
3119 3346 3346 3401 annalis.

2329 3419 2464 3473 Hinc
2491 3419 2618 3471 unio
2647 3431 2742 3488 seu
2775 3416 3066 3488 concordia
3094 3427 3324 3486 quatuor
3361 3419 3844 3488 evangelistarum,

2255 3505 2376 3558 qua:
2406 3490 2475 3546 ab
2522 3487 2756 3542 Eusebio
2803 3485 3134 3542 describitur
3181 3502 3275 3556 per
3319 3485 3626 3559 hujusniodi
3669 3485 3847 3546 lineas

2256 3570 2455 3627 rectas,
2481 3571 2534 3617 et
2565 3571 2922 3625 transversas,
2950 3573 3072 3628 quae
3101 3559 3531 3628 complectuntur
3552 3571 3759 3629 certos,
3794 3572 3848 3617 et

2255 3630 2500 3688 diversos
2524 3646 2778 3686 numeros
2809 3629 3035 3702 invicem
3063 3630 3162 3685 sibi
3185 3631 3494 3702 oppositos,
3527 3632 3730 3702 quibus
3758 3635 3844 3687 itt-

2255 3703 2504 3758 dicantur
2531 3704 2742 3757 diversa
2773 3702 2972 3773 capita,
3019 3701 3072 3756 in
3103 3701 3305 3769 quibus
3346 3703 3446 3770 ipsi
3491 3701 3845 3773 evangelista:

2255 3777 2605 3839 conveniunt,
2633 3788 2852 3844 canones
2877 3769 3176 3844 Evangelici
3205 3769 3457 3830 dicuntur
3482 3775 3621 3844 apud
3635 3769 3845 3831 'llit-ro-

2255 3863 2476 3920 nymum
2507 3857 2638 3920 tom.
2672 3859 2746 3910 tx,
2777 3843 2869 3920 ubi
2900 3843 3170 3913 praeeipue
3208 3853 3290 3898 est
3307 3843 3704 3920 consideranda
3737 3862 3844 3902 non

2253 3914 2449 3986 series,
2479 3918 2576 3973 sed
2620 3914 2894 3983 oppositio
2922 3930 3273 3970 numerorum
3317 3932 3412 3972 seu
3454 3919 3840 3987 capitulorum,

2252 4007 2375 4061 qu:e
2402 3989 2620 4047 conﬁcit
2641 3986 2792 4061 illam
2820 3987 3193 4061 ttniqnemrseu
3225 3986 3692 4043 conciliationem.

2326 4063 2405 4118 Eo
2433 4079 2596 4119 sensu
2625 4058 2877 4114 videntur
2917 4056 3092 4112 Graeci
3125 4074 3310 4113 vocem
3343 4062 3480 4114 hanc
3521 4062 3685 4115 κάνων
3718 4076 3838 4115 mu-

2253 4137 2384 4212 tuati
2413 4136 2480 4212 ab
2502 4133 2766 4212 Hebrzeis,
2797 4143 2920 4212 cum
2961 4129 3103 4212 apud
3129 4145 3224 4212 eos
3259 4140 3377 4212 me,
3408 4148 3556 4212 cana,
3601 4131 3748 4186 idem
3771 4134 3841 4188 sit

2251 4224 2315 4263 ac
2345 4208 2529 4264 basis:
2561 4202 2756 4260 titubat
2782 4203 2927 4256 enim
2961 4201 3262 4266 historiam,
3301 4207 3426 4255 dum
3475 4201 3655 4258 minus
3685 4214 3837 4260 certa

2251 4290 2333 4335 est
2363 4279 2620 4348 temporis
2670 4273 3076 4348 circumstantia
3107 4289 3121 4327 :
3165 4289 3270 4328 non
3303 4280 3484 4328 autem
3519 4274 3715 4348 utvult
3755 4276 3838 4330 vir

2247 4343 2494 4430 eruditus
2514 4353 2707 4430 amp,
2735 4344 2881 4416 quod
2921 4343 3495 4430 calamumnrnensurte
3535 4345 3836 4430 significat,

2251 4421 2396 4478 unde
2447 4414 2708 4490 origine'm
2752 4414 2984 4490 sumpsit
3038 4430 3144 4470 vox
3179 4414 3382 4490 Gallica
3406 4414 3604 4490 canna
3644 4415 3836 4490 itaque

2249 4493 2492 4547 omnium
2528 4483 2730 4561 optime
2770 4486 3002 4561 Budaeus
3033 4500 3289 4561 canones
3319 4483 3615 4561 Chronicos
3653 4483 3834 4561 inter-

565 4545 709 4599 istud
744 4550 1005 4616 continet,
1034 4560 1095 4634 ut
1114 4553 1384 4621 superius,
1423 4564 1502 4608 tot
1539 4545 1926 4634 concurrentes
1953 4569 2143 4634 nume.

2254 4545 2494 4633 pretatur
2524 4545 2693 4616 annos
2739 4558 3113 4634 συγχρόνουςε
3173 4569 3229 4613 et
3277 4557 3680 4634 hallucinantur
3723 4560 3832 4634 viri

562 4631 679 4683 ros,
707 4633 804 4673 seu
835 4635 1006 4675 annos
1033 4623 1365 4678 diversorum
1390 4641 1596 4695 regum,
1621 4625 1713 4680 sed
1748 4625 1920 4678 solam
1943 4627 2140 4680 seriem

560 4702 937 4766 humanorum,
970 4708 1069 4766 seu
1105 4708 1371 4766 annorum
1392 4688 1799 4766 irbvperatorum.
1829 4701 1892 4750 At
1917 4695 2138 4766 historia

558 4759 703 4827 apud
736 4761 1025 4834 Eusebium
1059 4765 1129 4819 ita
1157 4781 1216 4820 se
1258 4765 1418 4822 habet
1450 4759 1517 4822 ad
1547 4783 1784 4823 canones
1812 4765 2134 4834 Cltrouicos,

561 4839 620 4882 ut
643 4832 868 4899 pendeat
899 4835 968 4888 ab
997 4835 1102 4891 illis
1131 4877 1146 4901 ,
1205 4837 1256 4892 id
1287 4848 1368 4894 est
1399 4853 1429 4892 a
1454 4841 1860 4907 comparatione
1895 4832 2140 4893 diverso-

556 4914 1036 4985 rutn'temporum,
1063 4922 1466 4985 seuannorum,
1505 4911 1613 4985 _qui
1638 4913 1707 4985 _in
1735 4909 1960 4978 singulis
1990 4911 2138 4964 colu-

556 4974 838 5051 mellis,_et
869 4974 1358 5048 laterculisjacent.
1412 4974 1520 5051 Ipsi
1543 4974 1705 5036 'euitu
1754 4974 1988 5035 canones
2009 4992 2134 5038 Sunt

555 5044 722 5122 veluti
767 5047 925 5104 bases
949 5044 1588 5122 qumdatn,isuper'qnas
1609 5052 1858 5106 universa
1891 5051 2132 5108 historia:

557 5118 732 5194 moles
771 5121 1049 5189 consurgit
1085 5139 1097 5174 :
1154 5121 1249 5194 sed
1305 5118 1446 5192 apud
1472 5118 1878 5194 Hieronymum
1909 5121 2131 5178 historia

554 5183 756 5251 pendet
803 5183 1455 5264 nona'temporibus'seu
1494 5209 1522 5247 a
1563 5183 1967 5264 comparatione
1996 5203 2134 5249 tem-

554 5268 770 5322 porum,
802 5258 897 5312 sed
933 5274 962 5334 a
1005 5258 1270 5332 tempore,
1306 5264 1358 5317 id
1381 5272 1465 5319 est
1485 5280 1513 5319 a
1537 5258 1997 5334 serie'peraouos
2027 5265 2129 5320 im-

553 5336 907 5406 peratorum:
951 5331 1022 5384 ita
1053 5331 1237 5388 ut’res
1285 5347 1467 5404 gestas
1505 5331 1781 5391 contineat
1831 5337 1943 5391 sola
1987 5339 2131 5394 serie

551 5395 756 5478 annali,
785 5409 1092 5478 nouantem
1117 5417 1244 5478 cum
1260 5395 1408 5478 AsErie
1429 5409 1688 5462 canonica
1718 5423 1812 5462 seu
1834 5424 1930 5477 per
1965 5423 2132 5464 cauo-

551 5479 670 5552 nes,
691 5471 809 5524 sive
840 5484 934 5538 per
954 5471 1196 5552 ordinem
1217 5474 1558 5552 diversorum
1581 5495 1645 5532 an
1657 5471 1887 5552 norum,
1909 5494 2130 5552 eorum-

549 5551 657 5618 que
695 5547 1152 5621 comparationem
1187 5585 1203 5612 ,
1250 5547 1406 5601 sicuti
1451 5548 1511 5602 lit
1557 5551 1696 5620 apud
1730 5549 2045 5614 Eusebium,
2077 5554 2123 5606 si

550 5611 730 5690 minus
763 5611 989 5681 ubique,
1027 5615 1220 5690 saltem
1253 5621 1306 5670 ln
1351 5621 1540 5688 majori
1594 5611 1749 5690 parte
1789 5621 1936 5675 libri.
1994 5611 2123 5678 Ideo

547 5677 932 5762 l‘lieronynttis,
966 5692 1025 5762 u_t
1051 5683 1282 5762 diximus
1303 5726 1344 5762 ._
1369 5677 1474 5744 noir
1516 5677 1668 5746 voéat
1697 5706 1853 5746 suum
1899 5677 2122 5762 supple-

544 5751 786 5834 mentum
823 5751 1114 5834 C-hronieon
1163 5758 1394 5834 historia;
1435 5777 1712 5834 canonum,
1762 5763 1867 5834 sed,
1906 5751 2114 5818 tantum

537 5817 827 5878 Chronican
851 5824 1100 5884 historice.
1158 5827 1278 5884 Jarn
1309 5830 1452 5887 enim
1478 5831 1648 5887 multo
1685 5817 1811 5888 ante
1839 5817 2116 5892 desierant

2248 4628 2416 4697 docti,
2442 4651 2547 4688 non
2580 4633 2751 4686 solum
2800 4628 2903 4699 qui
2932 4628 3210 4698 exponunt
3257 4643 3495 4684 canones
3524 4628 3833 4685 Chronicos

2249 4707 2324 4761 nil
2356 4705 2498 4760 aliud
2538 4719 2659 4760 esse
2713 4703 2814 4756 nisi
2855 4702 3290 4770 supputationem
3334 4710 3662 4772 temporum,
3709 4717 3832 4772 qua

2245 4781 2486 4832 omnium
2515 4774 2858 4830 historiarum
2885 4775 2956 4826 sit
2979 4772 3142 4844 veluti
3171 4787 3379 4838 norma,
3411 4772 3508 4828 sed
3535 4771 3706 4826 etiam
3730 4771 3830 4844 qui

2247 4849 2385 4904 hanc
2411 4847 2804 4918 expositionem
2837 4842 3052 4918 caeteris
3075 4846 3384 4918 prasterunt.

2316 4913 2582 4975 Caeterum
2631 4933 2737 4971 non
2765 4915 2901 4970 levis
2944 4926 3066 4970 nata
3109 4925 3191 4970 est
3235 4913 3544 4980 difﬁcultas,
3585 4929 3825 4971 censen-

2245 4990 2418 5046 dnsne
2446 4992 2516 5045 sit
2542 4989 2630 5044 hic
2658 4987 2813 5050 liber,
2855 5000 3014 5054 quem
3051 4985 3412 5056 aggredimur,
3443 4985 3558 5041 sola
3598 4984 3828 5041 historia

2235 5064 2528 5118 omnintoda
2541 5062 2612 5117 Ch
2620 5056 2911 5114 ronicorum
2925 5073 3196 5124 canonum,
3206 5059 3287 5112 vel
3307 5057 3482 5124 ipsum
3496 5056 3828 5124 Chronicon;

2233 5150 2300 5190 au
2329 5135 2491 5187 etiam
2524 5133 2638 5188 sola
2682 5147 2860 5186 eorum
2906 5127 3163 5201 Epitome,
3213 5145 3305 5201 alr
3325 5142 3454 5201 vero
3499 5137 3822 5199 utrumque,

2235 5220 2357 5262 cum
2385 5205 2767 5276 Hieronymus,
2802 5199 3164 5276 Sophronius,
3191 5209 3244 5255 et
3274 5199 3470 5276 Suidas
3518 5209 3820 5276 testentur,

2236 5274 2527 5331 Eusebium
2549 5268 2851 5344 séripsisse.
2882 5268 2942 5327 et
2977 5271 3243 5326 historiam
3270 5269 3616 5344 omnimodam
3646 5268 3823 5327 Chro-

2235 5349 2490 5409 nieorum,
2518 5358 2566 5402 et
2589 5341 2763 5401 eorum
2785 5342 3076 5411 Epitonten,
3094 5353 3255 5412 atque
3282 5343 3412 5396 illud
3433 5341 3523 5410 (et)
3546 5357 3718 5397 unum
3749 5349 3820 5397 ab

2233 5420 2408 5474 altero
2448 5418 2770 5487 distinguat.
2825 5415 3072 5487 Joannes
3109 5413 3385 5487 Currterius
3419 5413 3496 5487 __in_
3549 5413 3816 5487 epistola,

2234 5505 2397 5559 quam
2433 5483 2661 5557 pra-ﬁxit
2691 5485 3254 5559 fragmentis_Eusebii
3285 5486 3338 5539 in
3369 5483 3611 5559 editione
3641 5484 3822 5540 libro-

2233 5554 2350 5616 rum
2378 5554 2631 5615 Historiae
2660 5554 2975 5615 Ecclesiast.
2997 5556 3242 5620 Eusebii,
3261 5570 3404 5609 anno
3426 5554 3585 5621 1571,
3615 5559 3820 5613 asserit

2227 5631 2396 5686 solam
2428 5631 2712 5701 Epitomen
2744 5629 2900 5684 nobis
2929 5642 3234 5697 superesse,
3285 5625 3601 5701 Cbronicos
3621 5637 3814 5701 autem

2227 5697 2489 5757 canones
2509 5701 2798 5766 excidisse,
2831 5709 3149 5768 argumento
3177 5707 3392 5770 sumpto
3426 5711 3495 5751 ex
3526 5697 3633 5770 illis
3666 5699 3815 5770 frag-

2226 5775 2444 5843 mentis,
2467 5789 2588 5843 qua:
2617 5775 2854 5827 citantur
2881 5773 2949 5825 ab
2985 5770 3271 5843 Anastasio
3298 5768 3554 5843 episcopo
3583 5768 3812 5843 Νίσᾳ)ῄο

2223 5842 2319 5898 lib.
2349 5838 2540 5915 qutest.
2569 5845 2621 5899 in
2646 5845 2702 5899 S.
2725 5843 3056 5912 Scripturam
3080 5856 3145 5894 ex
3161 5840 3392 5898 Eusebio
3417 5840 3468 5895 in
3493 5838 3807 5911 Chronicis,
