4136 6420
314 315 424 373 729

1243 316 1358 374 AR.
1401 312 1698 375 PONTACI
1735 314 2285 384 CASTIGA'I'IONES
2323 321 2412 379 ET
2449 319 2684 380 ΝΟΤᾸΞ.

3487 329 3594 390 ’130

310 429 1124 517 sie_utltabeiitrtoin.yl5acra§
1141 429 1692 517 Bibliotheeaep.
1714 430 1904 517 pte-imae
1929 429 1984 495 ’Δ
2009 435 2281 517 ῥιιμξὸετᾳιιιιἸ
2305 437 2494 492 titulus
2523 439 2611 494 hic
2639 437 2935 517 Chrgnicon
2963 440 3174 497 Eusebii
3191 442 3590 517 complectitur,

309 502 589 576 editionis.
617 504 825 576 thuia
861 504 951 560 illa
979 518 1084 576 no_n
1110 502 1377 558 habentur
1417 503 1469 557 in
1504 501 1906 576 nostristro-

309 575 451 629 nicis
485 574 733 638 Eusebii,—
773 577 868 631 sed
919 576 1010 629 illa
1038 574 1336 645 fragmenta
1383 574 1752 629 commentitia
1777 589 1904 630 esse

308 645 758 719 manifeStissime
784 655 1010 719 apparet
1039 662 1104 702 ex
1130 661 1217 714 eo,
1249 645 1393 716 quod
1426 660 1548 700 cum
1573 646 1902 719 pracipuum

307 717 718 788 fundamentum
757 717 942 774 eorum
975 727 1221 773 sumatur
1241 733 1307 772 ex
1338 732 1424 783 eo,
1453 717 1593 788 quod
1626 717 1895 771 Eusebius

306 787 362 842 in
392 788 681 845 (Ibronicis
709 791 858 846 dicat
881 788 1155 846 Christum
1175 796 1357 842 natttm
1379 787 1501 842 esse
1526 803 1669 843 anno
1685 788 1753 840 ab
1771 788 1903 844 orbe

313 858 460 914 5500
488 861 706 916 evoluto
739 871 793 916 et
817 861 1080 928 impleto;
1123 869 1330 915 certum
1364 869 1543 914 tamen
1590 869 1696 923 est,
1727 873 1900 928 quan-

307 939 421 983 tum
479 940 743 988 teSIantur
789 941 896 987 tam
945 946 1134 986 omnes
1182 930 1305 985 libri
1369 931 1529 1000 hujus
1607 929 1898 996 Chronici,

303 1016 469 1074 quam
498 1003 589 1057 alii
621 1004 868 1074 plerique
892 1011 1166 1067 auctores,
1195 1000 1485 1057 Eusebium
1514 1001 1616 1056 hoc
1646 1003 1698 1056 iit
1731 1003 1902 1074 hlaro-

304 1073 472 1127 nicho
527 1073 791 1140 sensisse,
839 1073 1119 1129 Christum
1176 1084 1356 1127 natum
1404 1089 1494 1128 an.
1541 1073 1690 1128 orbis
1735 1073 1897 1128 5l99.

302 1140 496 1213 Neque
542 1145 647 1200 ulla
687 1145 898 1201 ratione
953 1143 1330 1212 recipiendum
1377 1145 1590 1198 videtur
1642 1143 1896 1198 eumdem

307 1212 606 1270 Eusebium
633 1217 736 1272 sibi
772 1217 942 1271 fuisse
966 1217 1297 1271 contrarium
1332 1216 1383 1268 in
1409 1229 1468 1269 re
1503 1225 1607 1268 tam
1640 1216 1804 1281 seria,
1845 1225 1898 1269 et

302 1300 427 1352 qua:
458 1297 541 1340 est
572 1286 717 1342 basis
757 1288 922 1342 totius
952 1287 1228 1353 Cltronici,
1263 1298 1317 1340 et
1347 1284 1607 1354 historim,
1637 1296 1695 1338 ut
1729 1301 1894 1340 unum

302 1358 588 1425 scripserit
617 1359 670 1412 in
698 1359 971 1427 Epitome,
1002 1368 1057 1411 et
1084 1360 1311 1412 alterum
1338 1359 1388 1410 in
1419 1358 1730 1411 CltrOnieo:
1757 1359 1896 1411 unde

301 1437 684 1497 argumentum
721 1442 804 1485 est
834 1441 926 1484 aut
964 1429 1054 1483 illa
1095 1427 1391 1498 fragmenta
1425 1428 1557 1482 falso
1585 1427 1752 1482 luisse
1794 1431 1893 1481 im-

300 1501 478 1567 posita
510 1501 743 1555 Eusebio
773 1509 979 1566 nostro,
1016 1509 1113 1553 aut
1139 1498 1444 1554 Chronicon
1489 1499 1619 1552 illud
1654 1499 1721 1552 ab
1746 1501 1894 1553 Atta-

299 1571 483 1623 stasio
533 1569 757 1626 citatum
796 1571 1137 1626 tribuendum
1168 1586 1290 1626 esse
1320 1571 1474 1624 alteri
1513 1569 1757 1636 ejusdem
1795 1585 1892 1622 no-

299 1640 494 1707 minis,
523 1657 682 1712 quam
713 1644 952 1698 Eusebio
981 1640 1326 1704 Carsariensi,
1361 1643 1502 1712 sicut
1531 1640 1582 1692 in
1614 1640 1774 1712 epist.
1799 1641 1890 1707 59,

301 1725 430 1779 qua:
459 1711 716 1783 estinter
758 1716 1016 1782 epistolas
1056 1713 1365 1783 Augustini,
1402 1711 1458 1764 fit
1492 1717 1694 1766 mentio
1721 1711 1892 1766 Chro-

299 1783 406 1834 nici
460 1782 669 1838 Eusebii
710 1782 1291 1851 ConstantinOpolitani.
1334 1782 1489 1837 Licet
1530 1783 1602 1836 ibi
1631 1783 1889 1838 mendose

295 1853 568 1922 scriptum
625 1855 874 1911 videatur
925 1854 1513 1922 Constantinopolitani
1565 1869 1662 1924 pro
1716 1852 1892 1908 Cresa-

294 1923 485 1980 riensis
507 1967 522 1990 ,
553 1927 738 1994 utjam
768 1926 1006 1981 diximus
1037 1927 1092 1979 in
1123 1925 1455 1993 prmfatione.

372 1995 454 2050 llli
503 2007 682 2053 tamen
736 1998 977 2067 opinioni
1024 1996 1241 2052 videtur
1297 1998 1482 2052 favere
1533 1995 1886 2062 Trithemius,

294 2064 430 2120 dum
451 2067 545 2138 lib.
568 2068 637 2125 de
656 2064 857 2138 Scri'pt.
887 2067 1092 2124 Eccles.
1117 2068 1509 2138 EusebiiOpera
1539 2082 1886 2134 enumerans,

294 2145 462 2209 locat
498 2137 598 2192 hoc
651 2137 825 2208 ipsum
856 2155 992 2209 opus
1033 2140 1252 2193 Eusebii
1299 2155 1404 2193 non
1437 2137 1760 2209 ghronieou,
1793 2139 1888 2194 sed

299 2206 580 2275 Epitomeu
604 2206 916 2270 Chronicaz}
939 2231 942 2233 '
966 2213 1044 2266 sic
1074 2213 1218 2264 enim
1266 2209 1392 2278 ille,
1427 2208 1690 2278 Epitomes
1723 2209 1889 2263 Chro-

295 2281 434 2352 nine
457 2281 583 2334 liber
613 2299 743 2336 unus
772 2300 886 2336 cum
926 2283 1022 2336 hoc
1066 2282 1234 2345 initio,
1289 2280 1505 2351 Moysen
1560 2282 1730 2352 gentis
1778 2280 1889 2334 He-

299 2349 512 2422 braicw,
542 2361 646 2407 etc.
675 2354 884 2408 Etenim
914 2354 982 2408 ab
1011 2352 1200 2406 iisdem
1224 2349 1404 2408 verbis
1432 2349 1617 2422 incipit
1644 2353 1887 2421 praefatio

296 2419 517 2477 Eusebii
554 2426 604 2477 in
623 2428 722 2479 hoc
751 2441 852 2479 suo
877 2424 1164 2479 Chronico.

374 2493 468 2546 Vir
497 2495 850 2550 doctissimus
880 2496 1155 2550 existimat
1179 2493 1488 2550 Chronicon
1511 2493 1651 2564 quod
1683 2503 1883 2562 exstat,

293 2579 404 2617 non
433 2579 556 2621 esse
586 2566 736 2621 illam
768 2568 834 2622 ab
870 2566 1101 2621 Eusebio
1130 2566 1429 2620 coniectant
1460 2566 1766 2634 Epitomeu,
1786 2581 1885 2622 nec

294 2635 687 2707 Hieronymum
721 2639 868 2693 illum
913 2637 1170 2692 vertisse:
1205 2637 1298 2690 sed
1341 2652 1463 2691 esse
1494 2651 1677 2690 verum
1709 2637 1882 2692 Chro-

293 2706 455 2760 nic-on
489 2706 749 2772 historiae,
777 2709 975 2764 factum
1009 2709 1076 2761 ab
1100 2709 1357 2773 Eusebio,
1389 2717 1442 2761 et
1474 2710 1791 2762 translatum
1815 2709 1884 2762 ab

293 2775 656 2849 Hieronymo,
692 2783 820 2836 licet
848 2782 899 2835 in
928 2780 1087 2834 aliam
1119 2779 1348 2834 fortnam
1382 2778 1658 2833 redactum
1683 2790 1737 2833 et
1767 2795 1885 2834 mu-

295 2847 537 2903 tilatuml
591 2851 744 2916 Quod
776 2852 846 2906 sit
883 2851 1213 2916 Chronicon,
1261 2865 1357 2904 seu
1391 2850 1618 2904 historia
1651 2850 1886 2905 Chroni-

291 2934 484 2974 corum
509 2935 782 2976 canonum
813 2931 869 2976 et
898 2938 1002 2976 non
1033 2921 1306 2990 Epitome,
1343 2921 1537 2992 probat
1580 2920 1682 2976 hac
1712 2923 1882 2976 ratio-

291 3005 386 3057 ne,
420 2993 545 3066 quia
580 2992 944 3066 Hieronymus
976 2995 1026 3047 in
1057 2992 1377 3066 prtefatione
1428 2992 1663 3066 loquitur
1693 2993 1760 3066 tle
1800 2993 1883 3048 lti-

290 3064 465 3116 storia
498 3066 760 3127 permixta
792 3063 1102 3123 Chronico,
1137 3073 1192 3118 et
1223 3064 1376 3119 initio
1421 3063 1736 3133 appendieis
1784 3081 1881 3118 no-

289 3133 467 3208 rniuat
496 3134 709 3190 Eusebii
733 3151 892 3208 opus,
924 3137 1213 3189 historiam.
1261 3133 1417 3190 Addo
1446 3137 1588 3208 quod
1621 3150 1742 3204 qua:
1765 3137 1880 3205 ipse

291 3203 679 3277 Hieronymus,
735 3199 892 3276 epist.
934 3207 1059 3275 lOl,
1095 3215 1324 3261 testatur
1374 3221 1434 3259 se
1463 3199 1799 3274 'scripsisse'
1823 3210 1874 3263 in
1905 3199 1952 3267 C

289 3277 612 3348 prafatioue
644 3277 710 3332 ad
757 3280 1066 3333 Chronicon
1103 3277 1317 3332 Eusebii
1366 3279 1666 3346 prmntissa,
1721 3293 1875 3348 repe-

286 3347 510 3418 riuntur
553 3351 742 3403 eadem
799 3351 852 3403 in
910 3348 1258 3418 pra-latione,
1317 3366 1436 3417 qua:
1489 3350 1575 3403 ltic
1626 3347 1871 3405 habetur.

288 3417 447 3486 Quod
478 3431 657 3474 autem
690 3421 852 3476 fuerit
879 3417 930 3473 in
964 3420 1124 3474 aliam
1174 3421 1401 3474 formant
1455 3430 1737 3483 mutatum,
1774 3421 1875 3477 hoc

286 3491 447 3554 satis,
479 3490 674 3560 inquit,
707 3492 1040 3563 dignoscitur
1064 3506 1129 3546 ex
1159 3492 1272 3563 ipsa
1316 3493 1547 3563 lectione
1577 3500 1632 3546 et
1659 3507 1869 3562 compa-

294 3563 513 3616 ratione
537 3562 996 3634 tampraz'fatiOnis
1027 3562 1336 3634 Hieronymi
1363 3577 1522 3633 quam
1546 3563 1735 3617 fornae
1761 3565 1876 3618 edi-

289 3641 496 3704 torum.
556 3633 660 3704 Sed
709 3635 851 3704 quod
895 3635 966 3689 sit
1009 3633 1312 3688 mutilatum
1359 3643 1412 3688 et
1463 3633 1802 3689 decttrtatum
1843 3650 1874 3689 a

288 3702 557 3768 librariis,
611 3702 751 3760 idem
809 3708 892 3760 vir
930 3706 1280 3760 doetissitnus
1338 3707 1452 3760 vult
1522 3706 1752 3773 probare
1808 3721 1876 3760 ex

287 3787 380 3837 eo,
427 3775 570 3845 quod
614 3777 714 3843 ipsi
764 3777 968 3830 librarii
1009 3795 1021 3830 :
1059 3775 1275 3830 Pertaesi
1327 3779 1574 3830 varietate
1619 3777 1876 3846 ejusmodi

287 3847 701 3909 distinctionum,
725 3848 1012 3902 litterarum
1038 3858 1082 3901 et
1101 3848 1354 3914 colorum,
1384 3864 1497 3916 qua:
1529 3847 1874 3918 Hieronymus

287 3920 513 3989 requirit
542 3919 594 3970 in
628 3920 956 3989 prwfatione,
987 3918 1149 3972 multa
1172 3937 1237 3973 ea:
1269 3919 1446 3972 eodem
1476 3918 1727 3972 Chronico
1758 3920 1877 3972 sub-

288 3987 576 4053 duxerint;
627 4001 682 4043 et
728 3987 932 4059 colligit
966 3991 1068 4044 hoc
1115 3998 1472 4060 argumento,
1523 3992 1666 4058 quod
1696 3991 1743 4043 si
1771 4007 1876 4044 non

287 4060 396 4114 nisi
408 4075 523 4127 qum
543 4069 758 4121 exstant,
774 4062 980 4129 fuerant
1004 4061 1185 4116 ordine
1207 4071 1492 4129 temporum
1516 4060 1872 4131 disponendae,

286 4145 384 4184 cur
409 4132 542 4184 adeo
570 4133 1042 4195 [uiuebat-nudum
1088 4131 1432 4202 Hieronymo,
1481 4142 1535 4185 ut
1585 4142 1654 4185 tot
1701 4132 1871 4202 lineis,

287 4210 367 4255 tot
388 4202 648 4256 coloribus
671 4203 916 4257 adhibitis
945 4203 1252 4269 di/Ierentiis
1290 4203 1578 4257 auditorem
1610 4204 1872 4274 fatigaret,

283 4289 415 4346 quae,
439 4284 608 4346 tamen
635 4274 764 4328 adeo
793 4277 1086 4329 necessaria
1112 4275 1271 4346 fuisse
1297 4283 1512 4328 testatur
1537 4273 1800 4341 librarius,
1832 4277 1875 4330 si

286 4345 452 4416 taedio
478 4344 637 4398 rictus
666 4346 866 4416 aliquid
897 4344 1302 4414 prtetern'tiserit,
1351 4346 1598 4399 inlexe-ret
1636 4362 1737 4399 non
1769 4357 1875 4401 tam

284 4414 760 4488 Chroniconrquam'
801 4416 1153 4488 labyrinthum
1200 4417 1409 4471 erroris.
1441 4416 1782 4483 Quamobrem
1811 4419 1873 4473 ob

285 4487 452 4559 paulo
473 4487 804 4559 prolixiorem
828 4487 998 4544 rerum
1027 4497 1285 4559 gestarum
1316 4489 1687 4552 narrationem,
1719 4506 1875 4556 quam

284 4556 532 4632 simple;
563 4556 876 4632 Chronicon,
896 4556 1125 4628 postulat
1149 4602 1164 4623 ,
1199 4559 1453 4630 ejusmodi
1505 4577 1631 4632 opus
1666 4559 1875 4616 Eusebii

281 4629 429 4711 idem
461 4629 808 4711 Hieronymus
862 4631 916 4684 in
964 4633 1180 4685 exordio
1223 4649 1331 4686 sua:
1377 4629 1678 4702 appendicis
1709 4633 1872 4688 histo-

283 4717 425 4755 nam
451 4713 704 4755 nominat.

365 4772 474 4827 Nos
498 4783 675 4826 tamen
695 4773 959 4827 sentimus
975 4787 1098 4827 cum
1117 4772 1538 4828 LudovicoVive
1570 4775 1624 4828 in
1645 4774 1869 4842 August.

284 4842 550 4915 libixvnt
582 4843 652 4898 de
694 4842 929 4898 Civitate
961 4845 1053 4899 Dei
1082 4860 1202 4914 eap.
1250 4847 1304 4913 8,
1339 4854 1621 4915 utrumque
1659 4857 1873 4902 exstare

286 4925 344 4968 et
373 4914 706 4977 Chronicon,
732 4924 785 4969 et
810 4915 1116 4985 Epitomeu,
1158 4927 1214 4970 et
1258 4917 1359 4971 hoc
1389 4914 1562 4984 ipsum
1592 4931 1714 4972 esse
1740 4918 1870 4972 illud

284 5000 449 5055 opus,
483 4986 628 5056 quod
656 4987 916 5040 habemus
945 5003 1058 5056 pra:
1086 4987 1357 5051 manibus,
1388 4998 1442 5040 et
1471 4987 1614 5056 quod
1650 4997 1871 5042 vocatur

281 5056 356 5110 ab
388 5057 718 5128 Hieronymo
746 5066 801 5113 et
830 5058 948 5112 aliis
972 5057 1260 5112 Chronicon
1291 5057 1521 5111 Ειιειὺὶι.
1547 5059 1701 5124 Quod
1725 5063 1867 5114 enim

281 5130 358 5182 sit
386 5128 518 5182 illud
548 5130 744 5198 ipsum,
778 5129 878 5182 hoc
905 5129 1208 5184 certissime
1251 5131 1658 5184 demonstratur
1683 5147 1750 5185 ex
1780 5146 1870 5199 eo,

282 5199 431 5274 quod
463 5199 738 5274 ineodem
786 5202 996 5274 iegatur
1037 5199 1178 5254 idem
1227 5201 1367 5274 quod
1411 5209 1466 5254 et
1514 5201 1872 5274 Hieronymus

282 5270 606 5346 ἔριδι-ιρι,
631 5281 688 5346 et
709 5270 976 5346 inLDaniel
998 5287 1115 5339 cap.
1141 5287 1216 5337 tx,
1240 5271 1512 5346 (lettrenus
1537 5270 1865 5346 smpe,'Aug.

281 5341 382 5396 lib.
408 5358 422 5397 ι
446 5342 515 5397 de
536 5341 726 5414 Mirab.
757 5343 931 5412 Scrip.
964 5357 1081 5410 cap.
1107 5346 1196 5406 ‘18,
1229 5354 1282 5399 et
1330 5343 1574 5414 plerique
1606 5341 1692 5400 alii
1727 5341 1870 5401 refé-

283 5423 418 5468 runt
446 5429 516 5468 ex
535 5413 803 5469 Chronico
850 5415 1088 5481 Eusebii,
1124 5431 1220 5468 seu
1252 5431 1316 5469 ex
1359 5413 1657 5472 cauenihus
1699 5417 1871 5473 Chro-

284 5485 447 5556 nicis.
481 5485 634 5552 Quod
665 5487 737 5540 sit
764 5487 922 5556 etiam
965 5485 1050 5539 illa
1084 5487 1351 5553 Epitome,
1401 5502 1503 5541 nec
1550 5489 1664 5556 ipsa
1709 5489 1873 5545 fuerit

283 5555 428 5630 liber
478 5558 766 5612 distinctus
813 5573 843 5612 a
877 5555 1468 5630 Chronico.colligitnr
1498 5555 1683 5627 exeo,
1728 5563 1871 5630 quod

285 5627 470 5682 nullus
496 5644 752 5698 umquam
776 5639 1017 5685 veterum
1057 5628 1110 5683 id
1152 5629 1372 5694 dixerit,
1409 5644 1583 5698 neque
1640 5627 1871 5699 usquam

286 5699 504 5767 legatur
532 5702 694 5754 citata
727 5700 841 5755 sola
876 5702 1140 5769 Epitome,
1169 5701 1270 5755 nisi
1302 5701 1432 5756 dum
1464 5701 1604 5757 idem
1636 5703 1874 5759 refertur

284 5771 428 5842 quod
456 5771 684 5826 habetur
714 5773 764 5825 in
791 5771 1081 5827 Chronico.

357 5842 582 5913 Insuper
608 5843 652 5900 si
671 5844 791 5914 quis
820 5851 1072 5900 accurate
1099 5843 1371 5900 examinet
1390 5847 1483 5908 τὰς
1509 5845 1748 5918 δυνάμεις
1770 5855 1872 5906 τῶν
1935 5862 1942 5874 ’

2007 507 2065 562 et
2095 507 2394 585 bisteriamA
2419 524 2689 585 canonum
2733 511 3156 585 Chronicorum.
3197 526 3250 569 et
3306 507 3589 585 Epitomeu

2009 578 2354 659 eorumdem,
2380 579 2432 634 id
2464 592 2544 635 est
2576 584 2956 653 compendium
2994 595 3100 659 tam
3139 578 3403 656 histori:e,
3426 603 3588 659 quam

2007 650 2245 730 ipsorum
2296 667 2604 730 canonum:
2635 650 2756 708 cuin
2813 650 3468 730 etiamrllieronymus'e't
3498 660 3588 716 alii

2007 721 2338 791 distinguunt
2363 722 2635 778 historiam
2653 743 2908 782 canonum
2931 721 3308 784 Chronicorum
3328 731 3398 785 ab
3413 747 3592 786 eorum

2006 789 2268 870 Epitonie,
2294 793 2402 870 illis
2427 796 2604 870 verbis
2623 813 2726 870 non
2747 808 2852 852 tam
2875 802 3182 869 exprimuat
3207 802 3416 856 titulum
3441 801 3585 870 libri,

2004 864 2839 944 uuam.ipsius_t_lesctiptionem
2881 864 2976 938 per
3017 871 3413 944 periphrasint;
3462 864 3584 944 quia

2005 932 2286 1008 historiam
2321 979 2336 1003 ,
2393 936 2443 991 id
2505 932 2748 994 est—rent
2809 932 3030 1008 gestam.
3066 932 3214 1000 brevi
3277 932 3586 1001 narratione

2003 1007 2218 1060 exhibet
2248 1008 2655 1077 agglutinatam,
2687 1007 2839 1065 velut
2876 1015 2984 1066 basi
3016 1030 3078 1068 ac
3109 1031 3206 1070 suo
3235 1014 3585 1071 fundamento

2003 1077 2133 1156 ipsis
2157 1079 2455 1156 canonilnis
2476 1085 2750 1156 succincte
2775 1084 3076 1153 descriptis.
3102 1086 3233 1141 Nam
3260 1087 3310 1140 in
3334 1087 3505 1156 prima
3529 1095 3584 1144 et

2003 1150 2193 1227 utajori
2220 1161 2371 1218 parte
2401 1152 2518 1206 libri
2553 1153 2930 1221 complectitur
2954 1150 3004 1210 in
3032 1158 3256 1227 singulis
3278 1150 3581 1214 columellis

2001 1217 2238 1299 breviter
2259 1231 2306 1274 et
2325 1235 2612 1299 pernotas,
2631 1217 2816 1299 annos
2856 1217 3190 1299 singttlortfm
3235 1244 3443 1299 regum,
3486 1246 3581 1298 per

1999 1306 2137 1359 quos
2159 1295 2213 1345 lit
2229 1308 2334 1369 non
2358 1296 2528 1348 solum
2543 1295 2818 1369 dedumio,
2840 1295 3113 1368 sed,'quod
3129 1311 3208 1354 est
3225 1295 3578 1369 praecipuum,

1999 1366 2333 1435 comparatio
2367 1377 2691 1435 temporum.
2737 1367 2874 1434 Quid
2919 1366 3064 1425 enim
3095 1366 3313 1426 brevius
3331 1366 3406 1426 et’
3433 1366 3583 1426 cont-

1998 1433 2310 1502 pendiosius
2337 1433 2491 1512 pingi
2508 1448 2683 1512 potest
2709 1433 2767 1492 et
2791 1441 2895 1495 dici
2927 1442 2981 1495 in
3007 1443 3324 1507 eanonibus,
3349 1459 3507 1512 quam
3530 1442 3578 1498 si

1999 1519 2104 1586 non
2140 1514 2344 1559 tantum
2376 1507 2522 1586 ipsos
2553 1511 2708 1586 solos
2731 1526 2984 1567 numeros
3007 1529 3074 1567 ne
3089 1513 3310 1586 quidem
3341 1507 3572 1586 scribas,

1998 1575 2093 1653 sed
2139 1580 2524 1653 compendiose
2558 1581 2828 1650 exprimas
2860 1599 2958 1653 per
2989 1575 3227 1643 notulas.
3260 1575 3364 1639 ‘sed
3412 1575 3572 1639 etiam

1996 1647 2140 1722 solas
2178 1651 2390 1704 notulas
2431 1667 2554 1706 eum
2602 1647 2800 1708 n‘otulis
2846 1647 3129 1722 compares
3169 1658 3288 1710 sine
3321 1655 3428 1710 ulla
3468 1657 3573 1710 alia

1994 1719 2282 1794 scriptura,
2312 1730 2472 1794 atque
2503 1728 2544 1777 si
2569 1724 2766 1779 seriem
2797 1719 3057 1781 annorum
3082 1726 3150 1780 ab
3180 1727 3449 1781 Abraham
3480 1741 3575 1794 per

1923 1824 1969 1884 Β
1995 1789 2422 1884 stilus-decedas",
2453 1810 2548 1878 seu
2577 1795 2755 1878 potius
2793 1799 3007 1884 notulas
3030 1799 3370 1884 'dece‘nnales
3409 1789 3575 1868 appo-

1996 1875 2114 1934 nas,
2143 1863 2280 1916 sicut
2309 1861 2411 1918 fttit
2439 1861 2670 1934 primum
2701 1867 3001 1922 institutum
3028 1869 3266 1924 Eusebii.

2067 1932 2254 2008 Posset
2286 1932 2450 2008 etiam
2489 1936 2675 1993 forsan
2720 1939 2829 1993 dici
2862 1955 2955 2008 per
2987 1941 3130 1996 illam
3165 1940 3444 2008 Epitomeu
3477 1954 3569 1994 ca-

1992 2006 2438 2080 nonumintelligi
2467 2022 2586 2064 eam
2617 2010 2836 2067 brevem
2865 2006 3062 2066 seriem
3089 2006 3389 2080 temporum
3411 2027 3570 2080 quam

1991 2084 2115 2128 ante
2147 2074 2451 2151 Chronicos
2473 2095 2730 2148 canones,
2763 2097 2858 2137 seu
2886 2098 3085 2138 annum
3116 2074 3355 2148 bii-Nini,
3389 2074 3442 2138 et
3465 2082 3574 2151 pri-

1990 2161 2138 2222 mum
2187 2148 2422 2222 Abrahae
2467 2151 2738 2207 Eusebius
2768 2157 3054 2222 praemisit,
3112 2154 3256 2209 facto
3308 2148 3478 2209 initio'
3507 2155 3575 2210 ab

1987 2216 2224 2284 Adamo;
2251 2221 2347 2276 sed
2372 2224 2520 2292 prior
2550 2216 2818 2278 sententia
2851 2226 3022 2295 magis
3042 2216 3246 2294 placet.

2060 2299 2201 2367 Quid
2235 2301 2386 2377 en_im_
2411 2303 2562 2377 aliud
2578 2303 2844 2377 significat
2872 2305 2986 2375 ipse
3032 2306 3418 2377 Hieronymus,
3447 2322 3569 2360 cum

1988 2371 2216 2444 loquens
2272 2372 2341 2428 de
2375 2373 2476 2429 hoc
2527 2371 2798 2430 Chronico
2829 2371 3083 2444 explicat,
3137 2389 3194 2432 ιιι
3242 2371 3566 2443 Ηὶχὶμίηιιιι

1989 2443 2120 2521 nihil
2140 2456 2282 2521 _essc
2319 2445 2465 2521 aliud
2526 2461 2684 2521 qu_am
2728 2443 3076 2521 Breviarium
3104 2460 3412 2521 temporum,
3466 2447 3571 2503 nisi

1985 2517 2107 2588 quia
2139 2513 2190 2567 itt
2223 2529 2288 2588 eo
2318 2513 2554 2572 breviter
2579 2517 2846 2573 Eusebius
2877 2521 3091 2587 attingit
3133 2513 3374 2588 singulas
3405 2520 3574 2574 histo-

1987 2585 2095 2659 [ᾔεις
2126 2585 2448 2659 etsingulos
2473 2603 2647 2642 annos
2679 2591 2907 2659 regum?
2931 2585 3066 2657 Quid
3098 2585 3421 2646 aliudetiaut
3455 2592 3570 2656 ipse

1989 2656 2274 2719 Eusebius,
2307 2661 2432 2713 dum
2484 2660 2537 2713 iu
2584 2656 2856 2715 Prominio
2885 2656 2974 2714 lib.
3007 2678 3023 2715 ι
3079 2662 3325 2717 Historiae
3357 2662 3566 2716 Eccles.

1985 2729 2060 2800 ait
2086 2743 2146 2782 se
2166 2729 2513 2800 constituisse
2541 2731 2825 2800 Epitomeu
2875 2747 3086 2793 eorum.
3138 2749 3257 2798 quae
3290 2734 3570 2788 centinent

1986 2797 2106 2853 libri
2138 2798 2221 2853 sui
2264 2801 2515 2856 l-liStoria:
2540 2797 2933 2858 Ecclesiasticae
2953 2848 2967 2870 ,
2993 2820 3116 2859 cum
3145 2797 3444 2858 Chronicos
3475 2819 3569 2858 ca-

1985 2884 2158 2924 nones
2194 2883 2547 2947 componeret
2595 2892 2606 2925 :
2654 2874 2747 2933 ἥδη
2771 2916 2786 2939 ,
2815 2875 3046 2947 inquit,
3085 2876 3303 2947 κανόσιν.
3327 2877 3572 2947 ἐπιτομὴν

1985 2945 2399 3021 κατεστῃσάμηνζ
2423 2947 2776 3021 πληρεστάτην
2808 2945 2852 3021 δί’
2869 2941 2962 3000 οὖν
2981 2947 3117 3017 ὅμως
3137 2950 3228 3018 μὲν
3253 2943 3344 3021 οὗν-
3376 2941 3569 3002 τούίτων

1983 3016 2069 3067 καὶ
2097 3014 2346 3094 πρότερον
2376 3019 2425 3071 ἐν
2451 3014 2951 3094 οἷξδιετυπωσάμην
2989 3014 3252 3094 Χρονικοῖς
3292 3019 3471 3094 οιύτῷν-
3485 3021 3571 3073 ἐπὶ

1982 3091 2075 3162 toﬁ
2115 3087 2629 3162 uapéaroecbpuribnv
2652 3095 2744 3162 tiri}
2794 3087 3045 3162 omnes;
3076 3089 3572 3157 «atriaaaeat.'_Qttte

1982 3111 2075 3139 του
2115 3111 2366 3162 παροντος
2393 3111 2629 3160 ωρμησην
2652 3111 2744 3148 την
2794 3112 2892 3161 υφη
2929 3111 3045 3149 ησιν
3076 3111 3570 3157 ποιησασυαι.,υιιω

1982 3156 2060 3210 sic
2084 3160 2317 3215 reddidit
2345 3160 2616 3213 Masculus
2643 3178 2654 3212 :
2689 3157 2823 3213 Cum
2854 3111 3136 3215 Clronicos
3177 3176 3397 3214 canones
3429 3175 3570 3214 com-

1981 3244 2244 3299 ponerem.
2274 3227 2547 3296 Epitomeu
2573 3231 2789 3284 istorum
2820 3233 3087 3286 constitui.
3121 3229 3309 3285 Verum
3335 3232 3572 3297 plenissi-

1983 3316 2121 3352 mam
2153 3302 2366 3355 illorum
2383 3301 2741 3356 narrationem
2787 3304 2841 3356 in
2870 3305 3110 3372 praesenti
3141 3305 3400 3356 adornare
3425 3303 3570 3372 cogi-

1981 3373 2106 3441 tari.
2139 3377 2207 3426 At
2226 3372 2754 3441 Christophorsonus
2781 3377 2952 3430 multo
2979 3375 3213 3430 clarius:
3240 3373 3367 3427 Jam
3387 3375 3572 3428 veroin

1978 3440 2086 3495 illis
2109 3441 2278 3508 libris,
2321 3440 2460 3510 quos,
2502 3444 2566 3516 de
2608 3453 2893 3516 temporum
2926 3447 3108 3500 ordine
3151 3444 3570 3512 conﬁciebamus,

1977 3529 2235 3583 quaquam
2257 3517 2382 3568 istas
2403 3531 2483 3568 res
2497 3515 3042 3589 breviterstrictimque
3055 3518 3572 3587 percensuintus,etc.

2053 3595 2324 3652 Eusebius
2349 3595 2516 3666 enim
2547 3595 2829 3666 distinguit
2869 3599 3037 3653 libros
3087 3595 3334 3651 Historiae
3385 3595 3575 3651 Eccle-

1979 3666 2213 3738 siasticm
2263 3683 2291 3720 a
2334 3665 2624 3733 Chronico,
2660 3665 2802 3736 quod
2839 3671 2889 3723 itt
2945 3670 3050 3724 illis
3080 3669 3318 3738 plenius,
3357 3667 3408 3719 in
3467 3667 3569 3721 hoc

1979 3736 2228 3809 brevius;
2261 3739 2312 3792 in
2343 3739 2447 3792 illis
2479 3738 2815 3809 singillatim,
2849 3740 2902 3795 in
2937 3740 3038 3794 hoc
3066 3736 3398 3805 summatim,
3425 3745 3482 3791 et
3517 3746 3576 3792 ut

1980 3808 2094 3880 ipse
2126 3809 2363 3878 loquitur
2382 3825 2480 3880 per
2508 3808 2807 3880 Epitomeu,
2839 3821 2893 3866 et
2923 3813 2990 3865 ita
3013 3811 3313 3880 Chronicos
3333 3823 3568 3880 canones

1980 3887 2034 3934 et
2063 3879 2350 3948 Epitomeu
2405 3879 2715 3949 idem’opus
2747 3896 2866 3936 esse
2898 3883 3057 3936 docet
3104 3879 3568 3934 manifeStissime.

2051 3961 2206 4017 Unde
2227 3971 2432 4016 tantum
2450 3962 2604 4017 abest
2623 3971 2680 4018 ut
2703 3963 2904 4017 ofﬁciat
2937 3961 3231 4016 auctoritas
3256 3961 3567 4026 Trithemii,

1978 4041 2039 4088 ut
2063 4034 2240 4099 potius
2263 4034 2549 4088 eonlirmet
2573 4045 2809 4088 nostram
2834 4035 3184 4089 sententiam.
3215 4032 3400 4101 Neque
3423 4031 3570 4087 enim

1980 4104 2108 4159 facit
2137 4104 2452 4159 Chronicon
2498 4106 2777 4160 diversum
2809 4107 2878 4159 ab
2911 4107 3174 4175 Epitome,
3213 4105 3306 4158 sed
3353 4106 3570 4158 unicum

1979 4184 2187 4230 tantum
2212 4177 2500 4242 exprimit:
2531 4185 2586 4232 et
2614 4179 2738 4231 dunt
2769 4178 2858 4232 alii
2891 4174 3085 4230 vocant
3113 4174 3427 4239 Chronicon,
3453 4175 3570 4244 ipse

1981 4256 2253 4314 nuncupat
2277 4245 2551 4316 Epitomeu
2580 4247 2872 4307 Chronicw.
2901 4248 3099 4316 quibus
3127 4246 3395 4317 significet
3424 4247 3566 4302 idem

1979 4333 2100 4374 esse
2127 4330 2180 4372 et
2211 4319 2536 4374 Chronicam
2561 4329 2614 4373 et
2645 4319 2955 4390 Epitomeu.

2049 4399 2203 4468 Quod
2240 4399 2402 4454 etiam
2431 4399 2631 4456 clarius
2661 4401 2862 4456 indicat
2910 4397 3213 4454 Cedrenus.
3248 4395 3380 4452 Nam
3416 4405 3570 4464 post-

1978 4486 2137 4542 quam
2164 4472 2449 4540 profitetur
2470 4487 2529 4526 se
2559 4487 2846 4528 numerare
2867 4485 3023 4541 reges
3053 4469 3227 4542 Syriae
3254 4478 3375 4542 post
3404 4468 3568 4542 Alex-

1979 4539 2208 4619 antlrunt
2237 4559 2310 4619 ex
2337 4551 2450 4619 τοῖς
2487 4539 2954 4619 Χρρνικρῐςῇκανόσι
2987 4539 3422 4619 Ευξζιιίἱθιείίξιιιί
3465 4542 3568 4619 ipsi

1982 4630 2134 4682 reges
2160 4615 2209 4668 in
2236 4614 2344 4668 illis
2372 4611 2539 4685 etiam"
2571 4615 2729 4668 hodie
2761 4615 3035 4685 leguntur,
3071 4611 3341 4685 Eusebius,
3370 4612 3564 4685 inquit,

1977 4687 2028 4742 ἐν
2057 4687 2268 4759 ἐπιτομῇ
2307 4683 2429 4742 τάδε
2458 4689 2628 4758 φησὶν,
2657 4685 2707 4740 id
2745 4682 2852 4741 est:
2893 4684 3252 4754 compendiose
3281 4683 3392 4736 Ita’c
3418 4682 3564 4735 dicit.
3642 4732 3645 4734 _

2049 4776 2161 4831 Nec
2187 4778 2426 4837 obstant,
2445 4791 2565 4844 quae
2594 4777 2661 4830 de
2686 4777 2949 4830 varietate
2962 4775 3204 4828 colorum
3223 4783 3275 4828 et
3299 4771 3563 4826 linearum

1977 4846 2048 4924 ab
2073 4847 2408 4924 Hieronymo
2446 4847 2817 4924 requiruntur.
2849 4845 2980 4899 Cum
3014 4845 3158 4924 enim
3209 4851 3380 4924 totum
3412 4857 3566 4924 opus

1976 4919 2164 4972 fuisset
2194 4917 2262 4972 ab
2281 4914 2448 4972 initio
2477 4918 2547 4971 ita
2585 4926 2952 4984 compactum,
2983 4923 3044 4968 ut
3074 4924 3186 4968 t0ta
3234 4914 3459 4968 historia
3491 4914 3566 4967 si-

1978 4989 2091 5043 mul
2135 4990 2186 5042 in
2233 5005 2421 5054 unum,
2468 4997 2522 5043 et
2553 4989 2948 5057 subsequenter
2977 4997 3162 5057 esset:
3193 4987 3562 5057 numerivcro

1978 5069 2361 5114 mutuoessent
2375 5061 2474 5114 sibi
2491 5060 2722 5128 oppositi
2739 5055 2806 5114 in
2831 5058 3060 5112 diversis
3073 5056 3375 5128 columellis
3397 5055 3565 5127 Assy-

1981 5133 2209 5194 riorum,
2265 5127 2667 5202 Egyptiorutn,
2730 5131 3104 5202 Hebraeorum,
3138 5137 3268 5192 etc.,
3319 5127 3562 5202 historia;

1979 5203 2124 5256 nulla
2145 5198 2360 5257 ratione
2375 5198 2639 5267 distingui
2675 5210 2943 5270 poterant,
2973 5211 3030 5254 ut
3057 5199 3457 5254 discerneretur
3492 5198 3561 5252 ad

1980 5275 2120 5342 quod
2171 5289 2396 5343 regnum
2454 5283 2506 5328 et
2536 5274 2599 5327 ad
2651 5289 2808 5342 quem
2858 5287 3056 5326 annum
3113 5273 3258 5340 regis
3303 5271 3566 5340 quaelibet

1979 5344 2204 5399 historia
2243 5347 2465 5399 deberet
2514 5343 2726 5409 referri,
2757 5344 2858 5398 nisi
2890 5344 3065 5398 lcetor
3111 5343 3375 5398 varietate
3404 5343 3557 5396 colo-

1978 5432 2098 5471 rutn
2125 5417 2429 5485 iuvaretur.
2463 5417 2611 5472 Alias
2641 5418 2786 5471 enim
2831 5415 3126 5485 evenisset,
3177 5424 3236 5467 ut
3274 5412 3415 5484 quod
3445 5422 3563 5468 erat

1978 5484 2361 5558 assignandum
2413 5489 2674 5555 Hebraeis,
2733 5488 3060 5558 tribueretur
3087 5484 3347 5558 Assyriis,
3382 5494 3443 5558 ut
3467 5499 3562 5558 es-

1982 5554 2302 5629 plieabimus
2332 5559 2492 5626 paulo
2521 5569 2664 5630 post,
2685 5569 2754 5630 iet
2783 5561 2860 5613 sic
2889 5557 3064 5626 potius
3096 5554 3285 5630 fuisset
3311 5554 3560 5630 confusio

1976 5625 2137 5700 quam
2169 5631 2306 5684 Ordo
2328 5625 2657 5701 teniportun.
2677 5625 2923 5685 Universa
2942 5630 3085 5683 enim
3103 5627 3328 5701 historici
3347 5625 3559 5701 titubat,

1977 5698 2065 5754 ubi
2085 5703 2300 5772 confuse
2347 5705 2412 5757 de
2444 5698 2781 5772 itemporibus
2833 5702 3108 5766 scribitur,
3168 5701 3243 5754 ait
3289 5698 3559 5753 Eusebius

1978 5773 2072 5829 lib.
2105 5791 2141 5829 x
2171 5775 2238 5828 de
2270 5774 2560 5844 Prteparat.
2593 5789 2714 5845 cap.
2748 5775 2799 5828 5.

2050 5856 2291 5926 Denique
2319 5867 2525 5914 tantum
2557 5857 2732 5923 abest,
2768 5864 2825 5910 ut
2847 5854 3156 5911 Chronicon
3182 5848 3404 5908 Eusebii
3433 5865 3526 5920 per
3548 5880 3570 5892 -
