4038 6410
486 327 594 385 735

489 505 876 572 animadvertit
904 505 1027 567 cum
1056 510 1335 576 superiore
1359 506 1618 562 methodo
1647 505 1894 576 quemvis
1926 507 2079 562 brevi

493 594 768 643 momento
808 583 912 638 hoc
950 583 1125 653 ipsum
1158 593 1318 650 posse
1346 581 1599 653 assequi,
1642 595 1775 634 neve
1804 581 1967 653 etiam
2003 587 2081 633 tot

490 656 935 727 supputationum
971 650 1373 724 appositionem
1413 650 1696 706 librarium
1736 659 1791 706 et
1821 650 2078 706 lectorem

491 728 782 787 oneraret?

566 801 692 855 llaec
713 799 854 854 dicta
883 797 991 852 sint
1021 795 1088 850 de
1108 793 1398 851 Chronicis
1420 791 1638 848 Eusebii
1668 800 1722 846 et
1747 791 2078 863 Hieronymi.

492 870 646 927 Nunc
661 885 839 938 operm
865 871 1093 935 pretium
1120 867 1279 922 fuerit
1300 865 1544 935 qumdam
1562 864 1629 938 de
1644 863 1894 931 Prosperi
1909 862 1987 930 Ch
1997 880 2084 938 ro-

494 943 619 998 nico
647 935 953 1008 subjicere;
1006 954 1131 994 nam
1163 939 1259 992 tria
1290 944 1534 1006 prostant
1561 935 1822 1008 Chronica
1861 937 2082 991 nomine

491 1007 1006 1079 Prosperidiversa.
1050 1011 1144 1064 Est
1187 1009 1460 1078 vulgatum
1491 1049 1505 1073 ,
1534 1007 1674 1074 quod
1706 1007 1964 1062 hactenus
1987 1008 2085 1079 fuit

492 1078 802 1140 subtextum
847 1079 1498 1153 Hieronytni_Chr0tii_co,
1549 1092 1673 1153 cum
1712 1081 1814 1153 hoc
1846 1079 2001 1153 titulo
2029 1078 2081 1133 in

491 1155 748 1212 Omnibus
768 1150 1123 1219 editionihus,
1158 1151 1410 1217 Prosperi
1433 1150 1744 1219 Aquitanici,
1772 1150 1914 1204 nulla
1939 1150 2083 1204 facta

489 1228 769 1282 mentione
808 1225 870 1280 S.
923 1223 1187 1295 Episcopi
1214 1222 1506 1292 Regieusis.
1563 1222 1653 1295 _At_
1684 1221 1734 1272 in
1776 1219 1870 1295 Fa.
1901 1231 1957 1295 et
1986 1221 2082 1278 L0.

490 1297 675 1353 nullus
700 1306 786 1352 cst
818 1291 1038 1351 titulus:
1072 1291 1124 1350 in
1147 1293 1242 1348 Fa.
1281 1291 1460 1347 tamen
1491 1292 1596 1347 sub
1625 1291 1788 1345 ﬁnetn
1827 1291 2082 1358 habetur,

494 1367 600 1437 Hic
647 1369 762 1436 [init
793 1367 1022 1437 Prosper
1052 1375 1165 1437 post
1195 1364 1596 1437 Hieronymum.
1639 1362 1934 1437 llursusjin
1981 1365 2084 1417 hoc

492 1433 764 1494 Chronico
785 1433 1026 1493 instituta
1050 1433 1130 1492 est
1153 1433 1489 1492 enumeratio
1512 1433 1794 1488 consulum
1819 1435 1886 1488 ah
1909 1435 2083 1489 Auso-

487 1509 606 1571 nio.
630 1526 800 1578 usque
822 1509 887 1564 ad
908 1509 1344 1565 Valentinianum
1368 1521 1438 1559 v1.
1457 1506 1697 1578 Alterum
1721 1505 2028 1578 eSt_cditum
2052 1521 2081 1558 a

490 1576 908 1651 diligentissimo
937 1592 992 1636 et
1018 1579 1354 1651 antiquita_tis
1385 1577 1634 1651 studi0s_o_
1666 1576 1896 1651 Henrico
1927 1577 2086 1651 (Iani-

491 1652 577 1707 sio
593 1645 734 1707 ’.1.0.
763 1667 886 1708 cum
921 1652 1022 1707 hoc
1049 1651 1228 1714 titulo,
1253 1648 1544 1704 Chronicon
1574 1646 1781 1700 Tironis
1810 1645 2080 1718 Prosperi,

491 1723 633 1789 quod
665 1732 823 1778 vocat
851 1722 1197 1780 Ulricianum.
1224 1720 1314 1774 tthi
1338 1719 1680 1773 deducuntur
1711 1733 1929 1786 quoque
1953 1734 2083 1773 con-

492 1794 801 1878 s‘ulespsed
830 1795 910 1877 ab.
931 1795 1174 1878 Ausonio
1203 1793 1269 1845 ad
1302 1789 1654 1878 Ardabirent;
1691 1805 1786 1878 nec
1813 1801 1897 1878 est
1923 1792 2082 1878 alteri
2116 1818 2163 1878 Β

489 1863 776 1928 dissimile,
812 1865 1086 1936 nisiquod
1113 1873 1195 1918 est
1225 1861 1688 1936 compendiosius.
1720 1870 1776 1914 ut
1806 1860 1994 1936 videre
2021 1861 2086 1915 li-

492 1946 579 1990 cet
607 1937 658 1990 in
692 1938 853 1991 notis.
889 1930 1131 1990 Te'rtium
1163 1942 1248 1990 est
1280 1933 1482 1987 editum
1508 1949 1536 1985 a
1564 1931 1776 1988 PillltBO
1811 1930 1930 1986 J.C.
1961 1949 2081 1987 cum

492 2005 595 2061 hoc
627 2007 802 2072 titulo,
845 2008 1138 2062 Chronicon
1174 2005 1421 2076 Prosperi
1461 2003 1664 2076 Tironis
1703 2003 1969 2076 Aquitani,
1999 2004 2085 2058 cui

493 2087 671 2144 exstat
709 2081 993 2147 exemplar
1023 2074 1434 2146 poi-sitnilc'tam
1469 2076 1521 2128 in
1553 2075 1887 2147 bibliotheca
1907 2074 2088 2147 \ficto-

496 2149 634 2212 riua,
659 2165 818 2220 quam
843 2145 892 2203 in
916 2145 1196 2220 Oisellina,
1217 2147 1404 2220 _statim
1431 2156 1551 2214 post
1578 2145 1890 2220 Hieronymi
1915 2145 2084 2199 Chro-

493 2216 690 2284 nicon,
713 2223 814 2274 nisi
839 2222 981 2289 quod
1007 2222 1059 2274 in
1087 2219 1174 2273 his
1199 2218 1408 2272 duobus
1431 2220 1721 2289 postremis
1749 2216 1978 2270 habetur
1998 2233 2087 2272 so-

494 2289 824 2364 lumpomen
856 2287 1123 2364 Prosperi,
1149 2289 1401 2364 videlicet
1421 2289 1480 2364 in
1513 2287 1689 2364 initio,
1715 2289 1844 2353 Qua:
1863 2305 2087 2364 sequun-

491 2369 574 2415 tur
606 2360 831 2428 Prosper
870 2357 1113 2431 digessit,
1154 2370 1210 2415 et
1246 2360 1311 2412 ad
1351 2361 1586 2424 calcem,
1633 2357 2086 2431 [lucusque’Pro-

494 2434 631 2498 speri
659 2430 1096 2504 chronographia.
1129 2431 1367 2504 Alterius
1396 2430 1945 2504 similis_ex_empl_aris_
1981 2446 2084 2504 ms.

496 2503 602 2558 nisi
632 2506 773 2572 quod
801 2501 885 2560 est
914 2508 1072 2574 paulo
1097 2503 1340 2564 auctius,
1383 2502 1632 2556 meminit
1655 2501 1875 2574 Josopli.
1915 2502 2088 2574 scali-

491 2589 586 2642 εθι-
609 2575 645 2628 l.
672 2591 722 2630 vt
746 2576 814 2631 de
838 2572 1118 2631 Etiiendat.
1155 2584 1390 2641 tempor.
1427 2583 1632 2639 poster.
1660 2572 1850 2627 editio.
1878 2589 1934 2643 p.
1958 2573 2083 2627 574.

495 2643 591 2700 Est
616 2655 794 2703 autem
827 2647 1169 2702 l’ithmannm
1199 2645 1300 2698 hoc
1330 2645 1451 2699 aliis
1483 2645 1720 2709 brevius,
1750 2651 1806 2697 et
1834 2643 1949 2698 sine
1981 2646 2086 2698 ulla

491 2718 776 2772 consulunt
819 2719 1127 2788 adjectione
1160 2733 1175 2773 :
1206 2717 1299 2771 scd
1320 2726 1536 2788 tantum
1570 2731 1691 2788 cum
1720 2715 1861 2770 serie
1889 2730 2083 2788 annor.

492 2802 591 2856 per
619 2786 976 2856 imperatores
1005 2790 1074 2844 ab
1099 2806 1226 2843 ann.
1263 2789 1284 2841 1
1315 2786 1609 2841 Theodosii
1640 2787 1780 2854 Mag.
1812 2802 1980 2856 usque
2018 2787 2084 2840 ad

489 2872 581 2912 an.
607 2858 641 2913 5
669 2859 1050 2925 Valentiniani,
1073 2876 1169 2915 seu
1197 2859 1262 2914 ad
1289 2859 1515 2912 Romam
1537 2870 1751 2922 captam
1783 2873 1876 2925 per
1901 2857 2087 2913 Geisc-

494 2929 702 3003 nicum;
736 2933 1064 3003 omninoque
1087 2947 1199 3003 non;
1222 2931 1395 2986 solum
1426 2927 1689 3003 dissimile
1711 2928 1840 3003 aliis
1876 2929 2088 2984 duobus

491 2998 782 3072 Chronicis
823 2998 1037 3072 vulgato
1076 3015 1130 3058 et
1159 3001 1459 3062 Ulriciauo,
1489 3009 1545 3072 et
1569 2999 1756 3054 verbis
1785 3009 1840 3054 ct
1869 3010 2090 3055 senten-

492 3071 601 3141 tiis,
634 3073 728 3128 sed
755 3071 1214 3130 etiam’diversum
1245 3083 1301 3128 et
1322 3071 1628 3141 oppositum
1655 3075 1704 3125 in
1730 3072 1935 3135 multis,
1962 3072 2088 3126 licet

494 3140 692 3214 habeat
719 3146 1005 3212 nonnulla,
1034 3162 1154 3214 qua:
1191 3140 1437 3198 videntur
1475 3151 1688 3210 sumpta
1733 3158 1801 3197 cx
1843 3143 2082 3214 vulgato.

1166 319 1259 376 AD
1298 317 2212 380 EUSEBIO-HIERONYMIANUM
2249 320 2641 383 CHRONICON
2679 321 3051 380 APPENDIX.

488 445 588 500 tuit
616 443 685 510 is,
711 439 915 506 fateor;
942 437 1071 510 quid
1093 436 1140 493 si
1164 445 1342 491 tamen
1368 436 1620 510 consulto
1644 434 1933 510 praeteriit,
1951 435 2075 510 quia
2105 439 2159 498 Α
2183 437 2426 510 vulgato,
2470 437 2631 494 sicuti
2652 446 2796 510 sunt
2818 437 2987 510 Averbi

3675 319 3792 381 736

3032 436 3202 509 gratia
3222 479 3237 503 ,
3255 451 3330 509 ea
3368 450 3487 509 qurc
3525 437 3790 506 leguntur

2181 507 2324 563 circa
2353 523 2530 564 annos
2557 509 2691 569 385.
2727 508 2866 574 586,
2897 509 3038 572 596,
3071 507 3209 568 406.
3239 507 3538 575 418ζ427.
3579 510 3685 565 453
3719 520 3788 566 et

2181 579 2338 634 alios.
2397 581 2551 648 Quod
2605 581 2800 636 attinet
2852 579 2919 633 ad
2977 579 3317 645 ﬂarianum,
3374 582 3555 648 utique
3609 592 3666 637 et
3718 585 3782 636 in

2181 651 2404 720 singulis
2455 653 2566 707 fere
2616 654 2770 705 annis
2824 652 2986 705 habet
3033 651 3235 722 aliquid
3281 653 3658 721 depromptum
3702 654 3782 708 ad

2186 724 2411 778 vcibum
2464 739 2530 778 ex
2581 722 2846 792 Prospero
2893 723 3128 791 vulgato.
3184 723 3290 778 Pro
3334 740 3440 794 quo
3484 725 3642 780 etiam
3695 724 3793 780 fa-

2182 795 2258 847 cit
2297 795 2591 849 auctoritas
2631 794 2936 857 editorum,
2979 803 3033 849 et
3072 795 3215 864 quod
3254 794 3629 859 Cassiodorus,
3677 796 3792 850 lsi-

2183 863 2384 933 dorus,
2437 866 2742 930 Marianos,
2791 865 3146 935 Sigebertus,
3185 866 3539 929 Contractus,
3587 878 3645 922 et
3686 867 3791 921 alii

2183 938 2350 991 multa
2406 937 2653 994 referunt
2707 937 2774 991 ad
2821 938 3041 992 verbum
3099 953 3165 991 ex
3211 938 3303 993 illo
3344 938 3650 1004 Chronico,
3695 940 3794 993 vel

2184 1007 2311 1063 dum
2355 1009 2681 1079 proﬁtentur
2724 1023 2784 1064 se
2825 1024 2919 1062 sua
2965 1009 3218 1078 colligere
3255 1025 3318 1064 ex
3362 1009 3652 1075 Prospero,
3695 1011 3792 1064 vel

2183 1080 2345 1134 etiam
2403 1084 2529 1134 dum
2580 1080 2740 1134 silent
2795 1095 2822 1132 a
2878 1094 3007 1150 quo.
3057 1079 3394 1136 Pithmanum
3446 1096 3576 1136 vero
3623 1080 3791 1136 vide-

2187 1158 2274 1204 tur
2317 1150 2484 1206 fuisse
2522 1151 2627 1204 illis
2673 1151 2926 1205 omnibus
2975 1152 3187 1220 penitus
3231 1153 3506 1217 ignotum,
3543 1161 3634 1207 aut
3674 1153 3797 1207 sal-

2187 1229 2293 1275 tem
2347 1223 2536 1290 majori
2594 1222 2766 1290 parti;
2818 1223 2956 1276 sicut
2999 1223 3158 1277 etiam
3209 1224 3520 1278 Marcellino
3557 1224 3787 1289 comiti,

2184 1293 2276 1361 qui
2321 1294 2538 1355 scripsit
2586 1297 2726 1347 circa
2778 1309 2868 1347 an.
2916 1293 3116 1348 Christi
3161 1296 3284 1351 530.
3312 1294 3445 1350 Nam
3494 1295 3621 1349 licet
3665 1295 3794 1363 ipse

2185 1363 2270 1435 bis
2297 1369 2626 1419 mentionem
2657 1365 2818 1418 finiat
2851 1365 3103 1435 Prosperi
3135 1376 3240 1421 tam
3270 1369 3414 1420 circa
3439 1367 3792 1420 consulatum

2187 1433 2479 1489 Theodosii
2515 1452 2600 1489 xvi
2633 1445 2687 1490 et
2719 1435 2923 1503 Fausti,
2954 1433 3114 1505 quam
3139 1438 3346 1492 Vibiani
3372 1447 3426 1492 et
3447 1437 3663 1499 Felicis,
3686 1438 3792 1507 qui

2186 1515 2271 1560 cst
2300 1507 2499 1560 Christi
2531 1507 2635 1561 464
2657 1548 2674 1573 ,
2704 1518 2754 1562 el
2786 1507 3068 1563 biennium
3109 1519 3234 1563 ante
3273 1511 3392 1576 ejus
3429 1509 3632 1562 obitum
3655 1550 3671 1572 ,
3713 1521 3792 1562 ac

2187 1578 2353 1631 multa
2385 1576 2628 1647 proferat
2655 1594 2773 1645 qua:
2815 1578 2881 1632 ad
2915 1579 3138 1647 verbum
3165 1589 3289 1635 sunt
3318 1580 3507 1634 eadem
3536 1593 3657 1634 cum
3691 1579 3788 1644 iis,

2187 1663 2308 1717 qua:
2352 1639 2402 1702 in
2450 1639 2682 1717 vulgato.
2699 1649 2970 1716 Prospero
3009 1639 3301 1715 habentur,
3337 1651 3469 1705 nihil
3505 1650 3663 1704 habet
3688 1639 3793 1703 eo;

2187 1735 2309 1772 ruun
2335 1736 2456 1791 qum
2487 1729 2611 1773 sunt
2642 1721 2693 1773 in
2729 1720 3031 1776 Pitlimano.
3075 1721 3219 1777 Idem
3249 1730 3428 1791 potest
3456 1722 3559 1775 dici
3586 1719 3789 1791 ἀθηνί-

2187 1798 2339 1862 ctore
2365 1790 2740 1862 Tunnuneusi,
2767 1793 2856 1861 qui
2885 1791 3105 1862 scripsit
3130 1790 3275 1847 circa
3299 1809 3386 1847 an.
3415 1792 3615 1848 Christi
3648 1790 3788 1854 560,

2189 1861 2317 1916 dum
2360 1862 2513 1916 initio
2555 1863 2633 1916 sui
2663 1860 2916 1918 ChrOnici
2961 1860 3032 1917 ita
3073 1865 3289 1931 scribit,
3321 1882 3354 1918 a
3378 1865 3572 1918 decimo
3601 1873 3790 1917 octauo

2187 1931 2789 2006 consulatu_TIteodosii
2828 1935 3059 2006 junioris
3112 1933 3286 1989 Victor
3326 1934 3790 2006 episc0pus71:un-

2186 2002 2655 2078 nunensisEccles.
2674 2002 2866 2074 Africae
2885 2005 3157 2060 historiam
3178 2002 3524 2078 prosequitur.
3541 2005 3628 2058 ubi
3648 2003 3792 2058 Pro-

2187 2092 2306 2139 sper
2350 2076 2576 2141 reliquit.
2624 2076 2756 2130 Cum
2801 2078 2945 2131 enim
2997 2076 3242 2132 meminit
3287 2077 3601 2134 consulatus
3650 2091 3789 2130 xvttt

2188 2145 2502 2214 Theodosii,
2527 2147 2688 2201 docet
2711 2149 3035 2218 Prosperqu
3057 2149 3347 2204 deduxisse
3365 2163 3520 2203 suum
3544 2146 3788 2203 Chroni-

2187 2231 2310 2272 cum
2354 2220 2674 2290 pergseriem
2705 2221 3024 2284 consulum,
3059 2235 3161 2290 qua
3193 2230 3341 2275 caret
3376 2221 3545 2275 codex
3577 2219 3791 2274 Ρὶιιιω·

2187 2303 2345 2344 anus.
2377 2287 2546 2344 Video
2571 2297 2746 2344 tamen
2779 2291 2923 2345 viros
2951 2287 3371 2355 eruditissimos,
3397 2293 3448 2346 in
3474 2290 3669 2356 quibus
3696 2297 3790 2344 est

2188 2358 2253 2431 Υ,
2287 2359 2349 2414 C.
2379 2359 2600 2431 AJoseph
2641 2361 2904 2431 Scaliger,
2949 2361 3260 2417 existimare
3301 2362 3410 2416 duo
3451 2362 3540 2416 illa
3581 2375 3791 2431 genera

2187 2428 2583 2503 Chronicorum
2605 2473 2620 2497 ,
2658 2442 2712 2486 et
2744 2428 3018 2503 vulgatum
3037 2474 3052 2498 ,
3092 2442 3147 2488 et
3176 2434 3515 2489 Pithmanum
3544 2428 3666 2487 esse
3693 2446 3788 2486 re-

2189 2516 2314 2576 vera
2339 2501 2590 2569 Prosperi
2613 2501 2918 2572 Aquitanici
2940 2505 3178 2574 episeOpi
3209 2505 3491 2576 regiensis,
3515 2503 3605 2558 sed
3635 2503 3790 2576 nullo

2189 2571 2353 2626 modo
2383 2576 2634 2628 aSsentiri
2667 2571 2747 2629 eis
2773 2571 2994 2646 possum
3018 2617 3032 2641 ,
3065 2571 3207 2641 quod
3246 2571 3411 2631 multa
3453 2575 3702 2645 legantur
3731 2574 3791 2646 in

2189 2651 2425 2714 utroque
2450 2646 2588 2699 inter
2608 2661 2666 2700 se
2692 2645 2905 2711 penitus
2926 2647 3217 2712 contraria,
3242 2663 3340 2702 nec
3364 2649 3432 2701 sit
3455 2662 3585 2701 vero
3605 2645 3792 2700 simile

2189 2728 2256 2768 ex
2283 2716 2475 2768 eodem
2503 2733 2598 2770 ore
2619 2717 2856 2770 calidum
2878 2726 2932 2772 et
2958 2717 3204 2787 trigidum
3231 2733 3501 2773 manasse.
3530 2716 3785 2776 Exempli

2189 2787 2360 2859 gratia
2393 2791 2473 2854 (et
2503 2787 2601 2842 hoc
2625 2787 2732 2842 erit
2754 2789 2924 2842 instar
2945 2787 3210 2859 omnium)
3235 2790 3286 2843 in
3313 2788 3657 2859 pontiﬁcibus
3681 2787 3795 2859 Ro:

2191 2857 2396 2931 manis,
2431 2860 2702 2931 vulgatum
2733 2861 3016 2914 constituit
3044 2857 3251 2914 initium
3286 2857 3480 2931 Syricii
3519 2859 3586 2914 ad
3630 2874 3720 2912 an.
3753 2857 3790 2912 6

2189 2927 2507 3001 Theodosii,
2533 2942 2587 2982 at
2610 2930 2950 2984 Pitlimanum
2973 2931 3038 2985 ad
3062 2947 3151 2986 an.
3177 2931 3270 2996 ης
3297 2927 3572 3001 volgatum
3600 2931 3796 2984 tribuit

2192 2998 2404 3070 Syricio
2429 3015 2612 3072 annos
2632 3001 2719 3065 t7,
2746 3001 3086 3058 Pithoeanum
3110 3018 3198 3057 an.
3226 3004 3258 3057 7
3285 3021 3299 3070 ;
3331 2998 3603 3072 vtdgatum
3635 3001 3794 3069 ponit

2192 3072 2402 3124 initium
2426 3071 2570 3127 sedis
2592 3071 2895 3126 Innocentii
2929 3089 3078 3141 papa:
3102 3074 3168 3128 ad
3192 3090 3282 3128 an.
3305 3076 3335 3129 7
3362 3071 3578 3129 Arcadii
3601 3081 3658 3126 ct
3685 3073 3797 3124 llo-

2193 3142 2368 3214 norii‘,
2405 3142 2746 3197 Pithmanum
2779 3145 2843 3198 ad
2875 3159 2962 3198 an.
2999 3148 3068 3210 5;
3106 3147 3377 3214 vulgatum
3406 3145 3498 3199 dat
3522 3144 3796 3198 Innocen-

492 3212 856 3272 Nihilomiuus
900 3207 1079 3272 tamen
1123 3217 1206 3271 vir
1247 3215 1337 3269 ille
1368 3207 1616 3270 eruditus
1645 3207 2084 3269 contenditillud
2115 3207 2162 3272 C
2195 3213 2269 3267 tio
2301 3211 2369 3267 15
2394 3228 2590 3280 annos,
2623 3224 2677 3270 et
2705 3215 2914 3284 aliquot
2941 3207 3261 3280 menses,‘ct
3282 3217 3419 3281 dies,
3446 3216 3631 3284 illique
3655 3228 3793 3269 con-

491 3299 614 3358 csse
635 3289 809 3342 solum
833 3304 1152 3358 germanum
1177 3286 1487 3358 Chronicon
1511 3284 1786 3358 Prosperi,
1810 3285 1972 3348 idque
1991 3285 2091 3358 du-

495 3356 620 3481 plici
643 3355 863 3414 nomine
887 3377 900 3416 :
933 3359 1166 3429 primum
1191 3373 1258 3414 eo
1279 3357 1423 3426 quod
1446 3358 1656 3410 desinat
1681 3357 1733 3410 in
1759 3366 1968 3417 captam
1991 3355 2094 3411 Ur-

539 3442 623 3481 em
651 3444 681 3481 a
715 3429 969 3481 Vandalis
989 3474 1002 3481 -
1032 3440 1088 3481 et
1113 3431 1236 3481 ideo
1263 3429 1511 3481 videatur
1536 3444 1643 3481 esse
1671 3427 1955 3481 membrum
1981 3444 2090 3480 am-

539 3442 623 3482 em
651 3444 681 3482 a
715 3427 969 3487 Vandalis
989 3474 1002 3496 ,
1032 3440 1088 3485 et
1113 3431 1236 3485 ideo
1263 3429 1511 3484 videatur
1536 3444 1643 3481 esse
1671 3427 1955 3482 membrum
1981 3444 2090 3480 am-

497 3499 681 3568 plioris
723 3505 858 3573 ejus,
902 3502 1042 3572 quod
1080 3503 1244 3573 ipsius
1285 3501 1488 3573 nomine
1523 3498 1586 3573 a__b
1626 3499 1743 3552 orbe
1778 3501 1984 3573 condito
2023 3499 2093 3573 ad

497 3520 681 3568 pirorts
723 3520 858 3573 ejus,
902 3520 1041 3572 quoa
1080 3520 1094 3553 1
1137 3520 1244 3554 ειιιδ
1285 3520 1488 3553 ηοηιιηε
1523 3520 1586 3551 ao
1626 3520 1743 3552 OTUC
1778 3520 1984 3551 εοηυηο
2023 3520 2091 3552 αα

495 3581 704 3638 captam
735 3589 767 3626 a
801 3572 1053 3628 Vanitatis
1090 3520 1303 3626 Iiomam
1334 3569 1636 3626 Gennadius
1656 3571 1918 3640 presbyter
1941 3586 1995 3623 se
2021 3571 2093 3623 le-

497 3641 631 3712 gisse
659 3651 874 3699 testatur
904 3661 922 3699 :
952 3645 1044 3700 sed
1079 3643 1162 3697 his
1189 3641 1453 3698 satisl'acit
1481 3642 1623 3712 liber
1641 3641 2006 3704 Lodouensis,
2038 3643 2090 3696 in

495 3727 606 3835 Ἇυυ
635 3712 865 3769 habetur
885 3714 1192 3770 Chronicon
1220 3714 1322 3769 sub
1349 3713 1571 3769 nomine
1598 3711 1846 3778 Prosperi
1868 3714 2094 3781 episcopi

546 3784 715 3835 enini.
744 3787 886 3835 (lllml
915 3786 1118 3835 incinit.
1144 3786 1312 3835 Adam
1343 3801 1461 3835 cum
1489 3793 1616 3835 esset
1645 3800 1830 3835 amtor.
1860 3783 1987 3835 250.
2007 3801 2094 3835 ae-

546 3784 685 3856 egini
701 3825 715 3849 ,
744 3787 886 3854 quod
915 3786 1119 3854 incipit,
1144 3786 1312 3840 Adam
1343 3801 1461 3839 cum
1489 3793 1830 3856 essetanuor.
1854 3783 1987 3856 7239,
2006 3801 2094 3856 ge-

497 3854 609 3927 nuit
651 3855 799 3911 Setlt.
839 3858 967 3913 Seth
997 3875 1114 3913 cum
1151 3865 1281 3912 esset
1317 3873 1503 3910 annor.
1537 3855 1663 3920 205,
1703 3855 1883 3927 genuit
1927 3854 2090 3909 Eubs.

498 3922 859 3998 Euosnutem,
883 3939 988 3985 etc.
1007 3971 1020 3993 ,
1052 3939 1107 3984 et
1133 3928 1474 3998 persequitur
1497 3922 1752 3998 usquead
1775 3926 2094 3998 descriptio-

500 4009 626 4068 nem
649 3997 812 4054 Urbis
851 4010 1020 4068 capta:
1054 4018 1144 4067 per
1172 3997 1506 4054 Geisericum
1537 4007 1592 4053 et
1619 3997 1958 4053 consulatum
1992 3997 2095 4051 Va-

497 4065 784 4124 lentiniani
820 4065 994 4125 vm'ct
1024 4065 1318 4126 Anthemii.
1361 4069 1495 4124 Nam
1521 4085 1644 4124 cum
1669 4069 1796 4123 illttd
1820 4068 2097 4123 contineat

501 4141 684 4193 omnia
718 4157 874 4210 pene,
908 4158 1028 4208 qua:
1056 4152 1181 4197 sunt
1211 4143 1265 4195 in
1291 4140 1566 4195 Chronico
1584 4140 1799 4196 Eusebii
1827 4148 1882 4194 et
1905 4140 2096 4194 Hiero-

499 4210 680 4279 nymi,
735 4224 855 4278 post
912 4214 1056 4266 illam
1113 4211 1355 4266 ultimam
1411 4212 1694 4280 periodum
1747 4211 2092 4281 Hieronymi,

503 4281 842 4350 lacrgnmbile
873 4283 1062 4337 bellum
1091 4285 1144 4336 in
1169 4281 1414 4347 Thracia,
1446 4296 1550 4336 etc.
1577 4323 1591 4346 ,
1621 4292 1675 4336 ct
1703 4282 1792 4336 illa
1823 4294 2096 4351 postrema

503 4352 690 4425 verba,
720 4356 986 4424 sepultura
1003 4371 1206 4425 quoque
1232 4353 1425 4420 curuit,
1447 4354 1695 4425 continet
1723 4355 1886 4425 etiam
1913 4353 2094 4425 omnia

501 4420 716 4494 eadem,
743 4420 863 4491 qua;
893 4420 1024 4478 sunt
1051 4428 1103 4479 in
1123 4420 1374 4494 vulgato,
1406 4423 1508 4477 nisi
1541 4423 1628 4477 ubi
1659 4423 1901 4492 peccavit
1932 4424 2095 4478 libra-

503 4491 639 4557 rius,
672 4504 726 4548 et
752 4504 946 4562 praeter
971 4496 1060 4549 illa
1088 4497 1192 4549 alia
1225 4491 1343 4560 qua:
1372 4503 1499 4548 sunt
1524 4509 1552 4547 a
1578 4491 1877 4549 Consulatu
1906 4496 2097 4550 Valen-

507 4563 694 4637 tiniani
717 4580 772 4620 vt
798 4581 969 4637 usque
999 4567 1065 4622 ad
1093 4567 1293 4623 Urbem
1323 4575 1534 4635 captam
1559 4581 1587 4637 a
1615 4565 1894 4624 Vandalis.
1930 4568 2100 4621 Acce-

503 4633 967 4709 ditContractus,
1009 4639 1101 4709 qui
1148 4633 1430 4706 postquam
1477 4636 1644 4709 multa
1684 4637 1988 4709 desumpsit
2035 4654 2101 4694 ex

502 4704 775 4780 Prospero
810 4704 1046 4780 vulgato",
1095 4704 1246 4763 addit
1275 4704 1416 4780 eirea
1449 4724 1574 4762 anu.
1605 4706 1809 4780 Christi
1839 4704 1966 4773 450,
1996 4723 2102 4777 quo

507 4776 679 4850 Ijoma
709 4776 927 4848 Capitur
951 4797 980 4835 a
1009 4780 1310 4846 Geiserico,
1358 4779 1646 4850 Hucusque
1689 4778 1916 4843 Prosper
1944 4776 2102 4850 suum

504 4846 818 4921 Citronicam
843 4853 1104 4921 perduxit.
1139 4851 1292 4916 Adeo
1320 4861 1376 4904 ut
1408 4866 1512 4905 non
1545 4846 1723 4905 minus
1750 4850 1819 4904 de
1842 4864 1909 4904 eo
1930 4847 2105 4907 Chro-

506 4920 974 4994 nicoiLodoncnsi
1019 4922 1404 4994 intelligendus
1445 4923 1514 4976 sit
1551 4921 1903 4994 Gennadius,
1940 4937 2098 4990 quam

507 4990 786 5064 dc‘altero
827 4994 1023 5052 Pithmi
1065 5012 1079 5052 :
1117 4990 1262 5050 etde
1292 4993 1601 5064 huiusmodi
1632 4993 1769 5048 libro
1795 4991 2103 5051 Lodonensi

507 5061 722 5118 videtur
746 5065 956 5120 locutus
987 5067 1286 5132 Gesnerus,
1307 5061 1434 5120 dum
1457 5065 1553 5131 ait,
1580 5065 1786 5120 Alicubi
1809 5067 1993 5136 legitur
2015 5083 2103 5121 ea:-

506 5140 645 5210 stare
669 5136 857 5210 librum
887 5137 1134 5210 Prosperi
1165 5137 1230 5193 de
1262 5137 1574 5205 temporibus
1602 5137 1666 5191 ab
1692 5136 1912 5201 Adamo,
1942 5153 2102 5209 usque

508 5204 578 5280 ad
600 5207 850 5280 siccatum
874 5204 1043 5263 suum'.
1063 5209 1226 5280 Quod
1258 5204 1471 5280 spectat
1499 5213 1564 5263 ad
1589 5209 1812 5263 alteram
1839 5204 2101 5264 rationem

511 5271 709 5350 Pithon
748 5279 982 5350 scilicet,
1024 5271 1147 5334 Non
1172 5271 1504 5350 antiquorum
1532 5297 1682 5334 moao
1723 5281 2102 5346 exemplarium

510 5345 824 5423 [idemlsed
843 5359 890 5423 et
915 5351 1190 5423 Sigeberti,
1219 5352 1270 5406 Μ
1278 5345 1552 5423 nriauique
1570 5352 1858 5404 testimonia
1876 5345 2104 5406 asserere

506 5415 646 5491 illud
667 5415 960 5474 Chronicon
980 5415 1270 5490 "Prospero,
1307 5415 1478 5479 fateor
1507 5423 1876 5491 Sigebertum,
1901 5437 1995 5476 seu
2019 5423 2104 5479 Si—

507 5488 774 5559 gibertnm
791 5490 1100 5565 (utrumque
1117 5488 1264 5548 enim
1281 5497 1498 5565 legitur)
1520 5488 1716 5549 habere
1743 5494 2021 5558 nonnulla,
2047 5494 2101 5549 li-

509 5573 793 5635 cetpauca
816 5603 836 5635 ,_
861 5577 980 5635 qum
1012 5564 1262 5632 leguntur
1294 5568 1346 5619 in
1377 5564 1748 5635 illo'Prosperi
1784 5566 1977 5620 Pithosi
1999 5607 2012 5629 ,
2046 5576 2102 5620 ut

509 5633 663 5705 verbi
700 5633 874 5705 gratia
916 5633 1046 5688 dum
1085 5650 1226 5689 anno
1258 5636 1459 5691 Christi
1499 5637 1601 5692 402
1631 5633 1818 5692 scribit
1850 5655 1862 5690 :
1892 5646 2100 5692 sanctus

513 5703 776 5780 Martinus
815 5706 912 5759 hoc
952 5722 1094 5780 anno
1133 5706 1255 5760 obiit
1299 5708 1578 5780 secundum
1617 5706 1970 5780 Prospcrum,
2011 5710 2102 5780 qui

506 5778 711 5848 scripsit
751 5793 868 5832 cum
908 5779 1091 5832 abiisse
1129 5794 1265 5832 anno
1296 5781 1328 5833 5
1355 5777 1570 5831 Arcadii
1608 5789 1654 5833 et
1695 5777 1959 5845 Honorii,
2003 5779 2099 5834 sed

510 5846 656 5901 idem
685 5849 855 5904 multo
881 5851 1033 5920 plura
1067 5851 1227 5906 refert
1267 5866 1387 5921 qua:
1415 5850 1480 5906 ad
1511 5850 1734 5905 verbum
1767 5850 2102 5921 resiiondent

2195 3284 2369 3340 stituit
2407 3283 2681 3339 Zosimum
2728 3283 3099 3342 successorem
3147 3306 3158 3339 :
3204 3283 3554 3342 Pithmanum’
3597 3285 3798 3340 tribuit

2195 3354 2511 3410 Innocentio
2541 3372 2712 3410 annos
2738 3358 2832 3422 ‘24,
2867 3369 2922 3413 et
2947 3360 2997 3414 ei
3027 3358 3302 3413 substituit
3325 3358 3534 3415 Sixtum
3560 3372 3660 3426 pro
3682 3355 3794 3410 Zo-

2195 3426 2364 3497 simo;
2392 3427 2669 3497 vulgatum
2695 3439 2812 3497 post
2832 3429 3203 3484 Innocentium
3227 3431 3465 3483 nominat
3484 3428 3793 3490 Zosimum,

2194 3496 2555 3565 Bonifaciuin,
2590 3496 2806 3554 Sixtum
2833 3511 2886 3556 et
2915 3501 3154 3556 Leonem
3184 3519 3198 3557 :
3236 3501 3575 3557 Pithoaannm
3607 3509 3794 3553 autem

2194 3569 2340 3640 solos
2368 3569 2578 3624 Sixtum
2602 3581 2655 3625 et
2674 3571 2941 3636 Leonem;
2972 3575 3245 3640 vulgatum
3277 3572 3557 3627 constituit
3581 3570 3794 3624 initium

2193 3638 2394 3696 Leonis
2415 3641 2501 3693 ad.
2529 3656 2616 3696 an.
2646 3643 2711 3696 17
2735 3643 3025 3698 Theodosii
3046 3638 3427 3700 :Pithteanum
3451 3642 3517 3696 ad
3543 3657 3670 3695 ann.
3698 3639 3794 3705 16;

2196 3712 2470 3783 vulgatum
2508 3722 2756 3786 numerat
2781 3713 3018 3786 Leonem
3049 3732 3176 3770 xuu
3202 3717 3516 3786 episcopum
3543 3731 3556 3766 :
3589 3712 3793 3786 Pitth-

2198 3797 2360 3837 anum
2390 3799 2477 3856 su.
2509 3783 2714 3856 Omitto
2748 3785 3018 3853 ejusmodi
3065 3787 3168 3840 alia
3216 3783 3414 3850 multa,
3449 3799 3677 3856 quorum
3711 3783 3801 3838 di-

2195 3854 2531 3927 screpantias
2575 3855 2747 3927 lector
2790 3871 2884 3925 per
2925 3872 2984 3912 se
3022 3859 3196 3927 ipsum
3239 3859 3442 3926 poterit
3470 3854 3795 3911 advertere.

2197 3924 2471 3980 Praeterea
2497 3930 2547 3978 in
2577 3924 2860 3981 Pithteauo
2889 3924 3157 3983 habentur
3179 3924 3285 3982 ista
3309 3927 3375 3982 ad
3403 3944 3528 3983 ann.
3555 3927 3590 3980 4
3617 3927 3801 3980 Theo-

2197 3995 2334 4070 dosii
2371 4015 2381 4048 :
2420 3995 2668 4070 Priamus
2695 3999 2908 4066 quidam
2933 4008 3113 4070 regnat
3150 4001 3199 4053 iu
3234 3998 3495 4064 Francia,
3528 4008 3799 4070 guantum

2197 4068 2356 4122 altius
2383 4067 2624 4142 colligere
2645 4071 2926 4135 potuimus.
2952 4067 3018 4126 Αἰ
3042 4071 3314 4142 quomodo
3337 4071 3500 4142 homo
3523 4067 3795 4142 Francus,

2197 4153 2295 4194 seu
2326 4141 2680 4207 Aquitanicns
2711 4143 2883 4208 potuit
2915 4140 3186 4210 ignorare,
3217 4151 3309 4196 aut
3337 4141 3587 4195 dubitare
3613 4140 3684 4195 de
3709 4155 3805 4194 re-

2199 4224 2264 4282 ge
2281 4209 2654 4265 Francorum?
2674 4210 2826 4266 Adde
2846 4209 2988 4282 quod
3015 4214 3160 4268 illius
3185 4222 3376 4267 auctor
3399 4213 3577 4282 prodit
3597 4227 3656 4266 se
3675 4226 3804 4266 csse

2201 4280 2496 4355 Hispanum
2517 4323 2532 4345 ,
2575 4283 2680 4355 ubi
2694 4280 2878 4338 subdit
2908 4301 2920 4336 :
2953 4283 3275 4338 Prudentius
3305 4280 3494 4355 lyricus
3528 4294 3674 4346 pacta
3699 4298 3804 4355 no—

2199 4360 2303 4406 ster
2335 4351 2626 4422 Hispanus.
2659 4353 2763 4409 Sed
2798 4356 2978 4410 forsan
3012 4364 3187 4419 potest
3212 4351 3488 4410 dici'duos
3517 4355 3679 4408 fuisse
3709 4353 3802 4405 di-

2202 4437 2389 4478 versos
2412 4438 2663 4496 auctores
2686 4425 2846 4496 hujus
2870 4426 3123 4491 nominis,
3141 4425 3410 4495 Prosperi,
3433 4437 3485 4480 et
3508 4436 3804 4492 utrumque

2200 4495 2603 4567 A_quitaui0um,
2629 4513 2861 4566 quorum
2894 4499 3035 4552 alter
3065 4498 3352 4567 cpiscopus
3373 4495 3659 4566 Regicnsis
3675 4496 3807 4567 fue-

2205 4565 2270 4619 rit
2297 4567 2452 4630 cujus
2477 4567 2554 4621 sit
2583 4565 2860 4636 vulgatum
2889 4567 3226 4630 Chronicon;
3257 4565 3402 4622 alter
3425 4565 3642 4621 numine
3667 4565 3808 4619 Pro-

2205 4639 2340 4710 speri
2355 4635 2568 4691 Tironis
2583 4635 2846 4706 Aquitani,
2866 4654 2960 4710 seu
2981 4637 3190 4693 Tironis
3219 4638 3466 4706 Prosperi
3481 4639 3628 4710 (nam
3649 4638 3806 4710 prius

2205 4705 2338 4778 illud
2370 4717 2456 4762 est
2486 4711 2536 4762 in
2571 4705 2868 4778 exetnplari
2904 4709 3124 4773 Pithmi,
3154 4705 3388 4764 alterum
3422 4705 3806 4777 in'escniplari

2208 4777 2505 4849 Ulriciano)
2526 4794 2621 4835 seu
2647 4777 2808 4836 etiam
2833 4779 3042 4835 Tironis
3071 4780 3393 4850 simpliciter
3417 4783 3495 4850 (ut
3521 4780 3663 4848 apud
3690 4779 3808 4834 Ma-

2205 4851 2441 4922 rianum)
2478 4851 2565 4906 cui
2601 4852 2669 4905 sit
2713 4851 3055 4907 tribuendum
3087 4852 3402 4908 Chronicon
3430 4850 3648 4906 P.tha:i.
3688 4852 3806 4922 ~Au-

2205 4934 2363 4992 getur
2393 4920 2507 4975 hinc
2538 4934 2722 4978 nosua
2755 4923 2994 4992 suspicio
3021 4926 3345 4979 auctoritate
3375 4923 3628 4985 Mariani,
3670 4920 3807 4974 dum

2205 5007 2349 5065 anno
2379 4993 2578 5065 Christi
2618 4994 2723 5049 578
2751 4995 3000 5049 meminit
3030 4995 3313 5065 utriusque
3339 4994 3554 5050 Tironis
3581 5001 3634 5048 et
3668 4992 3810 5065 Pro:

2208 5064 2376 5137 speri.
2410 5063 2674 5137 Excrth
2703 5065 2914 5137 (scribit
2953 5066 3010 5137 in
3048 5061 3264 5122 modum
3289 5065 3463 5137 tituli
3487 5075 3539 5118 et
3579 5061 3810 5137 indicis)

2211 5151 2275 5190 ea:
2324 5133 2594 5209 Chronicis
2637 5133 2844 5190 Tironis
2889 5146 2938 5190 et
2979 5136 3248 5209 P_rosperi_
3274 5135 3542 5209 Chronica:
3575 5133 3814 5209 Eusebii

2213 5208 2529 5274 temporibus
2571 5209 2958 5277 prwtcrmissis.
3004 5205 3138 5263 Cum
3164 5206 3308 5262 enim
3355 5206 3613 5275 disjungit
3642 5205 3811 5277 Tiro-

2212 5293 2334 5332 nem
2368 5292 2398 5331 a
2424 5276 2712 5348 Prospero,
2744 5279 3027 5334 manifeste
3058 5279 3216 5334 docet
3244 5293 3366 5334 esse
3392 5277 3644 5348 diversos
3667 5276 3816 5330 scri-

2213 5359 2427 5419 ptores,
2469 5358 2524 5403 et
2553 5347 2741 5405 ambos
2773 5352 3060 5419 scripsisse
3090 5351 3402 5405 ChrOnicon
3433 5366 3448 5401 :
3481 5347 3588 5402 dixi
3623 5357 3811 5419 tamen

2212 5418 2412 5491 forsan,
2443 5422 2565 5489 quia
2596 5421 2726 5474 nihil
2755 5418 3138 5478 animadverto
3164 5420 3218 5475 in
3246 5421 3510 5488 Mariano,
3540 5418 3684 5486 quod
3711 5432 3812 5491 sa-

2212 5487 2326 5562 piat
2353 5487 2680 5562 Prosperum
2716 5494 2946 5560 Pithmi,
2987 5493 3083 5547 sed
3125 5501 3335 5547 tantum
3379 5491 3675 5562 vulgatum.
3702 5487 3816 5562 ‘Sit

2210 5559 2343 5633 ergo
2374 5559 2620 5619 nostrum
2655 5559 2938 5634 vulgatum
2959 5563 3020 5620 S.
3053 5563 3298 5634 Prosperi
3327 5559 3818 5635 episcopi_Regien-

2208 5632 2313 5702 sis,
2353 5635 2476 5690 licet
2507 5637 2558 5689 in
2591 5632 2868 5690 nonnullis
2899 5645 3118 5691 auctum
3140 5675 3155 5701 ,
3191 5632 3517 5688 ‘sicut‘nota:
3559 5632 3819 5686 indicant

2207 5719 2308 5761 suo
2334 5721 2548 5776 quoque
2581 5707 2703 5761 loco
2722 5748 2735 5768 ,
2769 5716 2823 5760 et
2865 5711 2980 5777 ipse
3009 5706 3298 5761 character
3323 5703 3616 5777 cursivns,
3637 5711 3697 5756 ut
3727 5703 3822 5756 lo-

2207 5773 2480 5847 quuntur,
2522 5792 2618 5831 seu
2665 5773 2917 5849 Italicus,
2963 5793 3070 5849 quo
3094 5777 3186 5832 illa
3216 5788 3336 5830 sunt
3367 5789 3506 5849 nunc
3533 5773 3679 5829 edita
3705 5780 3822 5849 ,_et

2207 5844 2369 5904 etiam
2399 5849 2454 5902 in
2479 5849 2754 5905 nonnullis
2775 5844 3134 5914 decurtatum,
3153 5849 3354 5904 scilicet
3383 5847 3434 5901 in
3460 5846 3542 5900 his
3565 5859 3690 5916 quze
3714 5844 3823 5900 de-
