4136 6420
291 359 396 414 741

1224 347 1338 412 Alt.
1381 345 1677 414 poetam
1714 337 2265 415 cAS‘i‘lGATIONES
2306 357 2395 416 ET
2437 342 2668 418 nam.

3479 359 3584 424 τις

293 473 582 548 Chronieis
629 473 695 527 ab
733 469 926 529 eodem
956 470 1106 548 Ifetr.
1142 485 1230 546 an.
1276 471 1439 548 ιῖςδε,
1488 473 1896 548 ιηρηεελΜει-ιξιῑο
1921 473 1974 539 Α
2003 481 2292 548 scrutator,
2321 477 2521 546 quique
2549 489 2661 532 sum
2683 484 2942 547 spectatae
2964 477 3289 548 integritatis
3317 486 3372 534 et
3398 481 3583 539 erudi-

300 546 475 617 priori
509 544 586 600 illi
611 555 672 617 et
694 556 945 617 typorum
979 543 1173 607 forma,
1198 543 1253 598 et
1284 547 1490 617 paginae
1512 545 1892 617 magnitudine

297 615 439 686 pene
483 616 681 680 simile,
719 615 936 672 auctius
980 625 1159 672 tamen
1198 628 1279 670 est
1324 615 1524 686 duplici
1566 617 1762 672 indice.
1799 617 1894 673 His

296 703 718 744 annumerarem
762 689 1012 754 tertium,
1055 687 1209 758 cujus
1239 686 1515 758 Gesnerns
1554 686 1606 741 in
1643 689 1889 758 Epitome

297 776 413 814 suae
466 757 814 815 Bibliotheca:
858 758 984 814 facit
1035 756 1364 813 mentionem
1395 800 1408 824 ,
1461 757 1642 826 aitque
1690 756 1893 814 editum

296 831 470 887 fuisse
492 845 593 901 per
616 831 867 886 eumdem
889 827 1179 884 Henricum
1207 829 1429 884 Petrum
1459 846 1549 884 an.
1583 830 1741 898 1542,
1768 828 1894 901 quia

298 897 508 958 tamen'
533 897 598 956 ad
649 916 753 957 nos
786 917 892 956 non
927 901 1202 970 pervenit,
1233 909 1288 955 et
1326 913 1408 956 est
1447 897 1742 956 verisimile
1786 897 1893 958 non

297 989 424 1029 esse
451 972 668 1028 ca‘teris
691 973 976 1038 dissimile,
1007 971 1143 1026 illttd
1173 972 1381 1028 idcirco
1403 973 1889 1040 praetermittimus.

373 1044 472 1100 Fa.
529 1043 894 1099 Fabritianum
932 1059 1048 1114 νινε.
1103 1043 1507 1114 elegantissime
1563 1042 1893 1114 descriptum

298 1115 501 1170 litteris
549 1115 720 1182 nigris
773 1113 1159 1179 vermiculatis,
1195 1113 1270 1170 ’et
1316 1113 1562 1180 lazuleis,
1607 1113 1896 1170 continens

299 1187 406 1258 tria
434 1183 697 1241 Chronica
731 1184 980 1258 Eusebii,
1015 1182 1357 1258 ilieronymi,
1394 1193 1448 1239 et
1475 1184 1746 1258 Prospcri.
1769 1185 1896 1258 Hoc

300 1257 469 1311 habet
516 1258 790 1328 singulare
839 1255 982 1328 quod
1019 1258 1139 1312 vice
1184 1255 1456 1328 annorum
1502 1257 1570 1310 ab
1614 1255 1893 1328 'Abraham

300 1335 467 1399 atque
509 1344 534 1381 a
567 1325 812 1398 Christo,
842 1325 1008 1384 habet
1048 1341 1234 1399 annos
1262 1326 1330 1382 ab
1370 1325 1504 1399 orbe
1548 1327 1764 1382 condito
1799 1341 1898 1399 per

297 1395 559 1466 deradas,
614 1395 931 1470 nullumque
976 1408 1059 1453 est
1097 1398 1239 1470 quod
1291 1397 1517 1467 propius
1558 1395 1895 1454 accedat'ad

300 1471 471 1536 edita,
520 1475 626 1526 tam
668 1469 856 1540 quoad
893 1469 1200 1535 historiam,
1232 1484 1406 1540 quam
1442 1471 1617 1540 quoad
1662 1472 1898 1526 chrono-

298 1540 586 1614 grafihiam
615 1561 626 1594 :
657 1539 801 1614 quod
825 1541 1352 1614 demumiacceptum
1389 1539 1616 1614 ferimus
1651 1543 1712 1596 1).
1739 1541 1897 1597 Nico-

301 1614 391 1666 iao
418 1611 599 1669 Fabro
629 1611 865 1668 sénatori
895 1611 1193 1667 Parisiensi
1226 1626 1281 1666 ν.
1311 1627 1360 1667 c.
1395 1611 1485 1680 qui
1513 1613 1743 1681 pietate,
1774 1625 1898 1669 etu-

301 1681 511 1738 ditione
531 1695 588 1740 et
622 1685 962 1755 antiquitatis
991 1681 1344 1755 intelligentia
1375 1684 1523 1737 velut
1546 1683 1709 1753 jnbsr
1733 1695 1897 1741 crete-

301 1755 381 1809 ris
413 1754 766 1823 praelucens,
792 1756 892 1824 piis
923 1754 1174 1810 omnibus
1201 1768 1266 1810 ac
1295 1754 1553 1808 litteratis
1585 1764 1670 1811 est
1698 1755 1898 1812 charus

303 1834 360 1879 ct
390 1827 828 1894 commendatus,
876 1826 929 1882 in
971 1827 1167 1896 quibus
1211 1832 1295 1880 est
1339 1840 1585 1881 summus
1629 1826 1894 1884 Baronius

302 1896 472 1951 variis
495 1897 546 1952 in
577 1897 710 1952 locis
739 1917 752 1954 :
777 1897 881 1952 hoc
903 1898 948 1952 is
977 1897 1262 1962 benevole,
1287 1911 1395 1967 quo
1419 1910 1518 1951 nos
1540 1905 1596 1952 et
1621 1897 1894 1956 studiosos

304 1981 500 2038 omines
529 1968 734 2024 arctius
764 1969 864 2024 sibi
896 1969 1246 2038 astringeret,
1271 1967 1593 2038 mittendum
1617 1968 1784 2024 dedit.

377 2037 515 2093 Fux.
551 2038 794 2098 Fuamse
822 2055 920 2094 ms.
962 2036 1168 2095 habens
1196 2039 1308 2094 Sola
1359 2036 1627 2093 Chronica
1673 2039 1898 2098 Eusebii

302 2111 364 2184 et
387 2109 725 2184 iiigronymi,
749 2111 909 2184 quod
937 2109 1092 2184 nobis
1119 2127 1151 2166 θ
1181 2108 1382 2184 celebri
1410 2107 1742 2184 bibliotheca
1787 2113 1899 2167 col-

307 2179 430 2250 legii
458 2178 724 2238 Fuxénsis
748 2178 1044 2236 Tholosani
1072 2179 1300 2248 prodiit,
1319 2187 1375 2250 et
1389 2180 1645 2250 singulari
1673 2197 1899 2242 munere

306 2247 662 2323 alumnorum
699 2251 874 2323 illius,
925 2257 980 2309 et
1021 2247 1303 2323 diligentia
1353 2247 1600 2323 Joannis
1623 2250 1896 2311 Sabaterii

304 2326 584 2448 senatoris
608 2317 930 2394 Tholosani,
981 2317 1292 2379 chari‘ssimi
1337 2323 1549 2378 sororis
1576 2321 1675 2379 lilii
1701 2324 1767 2379 ad
1798 2337 1898 2382 nos

310 2407 530 2448 perveni
564 2437 575 2448 .

308 2407 575 2463 pervenit.

385 2463 454 2520 Η.
495 2464 868 2522 Henricianum
914 2481 1010 2522 seu
1061 2463 1358 2521 Basiliense
1397 2465 1458 2531 ‘5,
1508 2481 1764 2522 exeusum
1797 2466 1900 2524 Ba-

310 2533 482 2598 sileae,
515 2539 582 2592 ab
625 2539 817 2594 eodem
851 2537 1084 2594 Henrico
1110 2535 1273 2592 Petro
1295 2553 1423 2602 ann,
1453 2537 1614 2607 i570,
1645 2552 1747 2594 una
1773 2554 1898 2594 cum

309 2608 569 2679 operibus
595 2609 835 2677 Eusebii,
861 2609 1104 2675 ejusdem
1129 2609 1318 2664 formae
1345 2622 1466 2663 cum
1502 2609 1896 2679 superioribus,

309 2678 466 2737 cuius
495 2680 656 2735 etiam
689 2683 936 2737 meminit
963 2681 1236 2736 Gesnerus
1260 2681 1312 2735 in
1343 2678 1694 2736 Bibliotheca.

435 2790 447 2803 .
480 2749 837 2806 Lemovicense
858 2768 956 2806 ms.
980 2768 1100 2806 cum
1131 2752 1261 2806 solis
1289 2751 1569 2808 Chronieis
1594 2751 1812 2808 Eusebii
1844 2761 1896 2816 et

309 2815 648 2892 Hieronymi,
687 2823 872 2879 datum
912 2826 1040 2878 olim
1086 2822 1345 2878 utendum
1383 2838 1413 2878 a
1443 2821 1652 2880 Joanne
1693 2826 1898 2882 Aurato

311 2901 468 2960 poeta
499 2893 859 2965 celeberrimo
879 2909 944 2950 ac
964 2894 1136 2965 regio,
1156 2893 1386 2951 Lutetiae
1411 2892 1717 2950 litterarum
1747 2895 1896 2953 Gra-

312 2977 498 3038 carum
515 2963 838 3038 clarissimo
868 2963 1196 3038 professore,

381 3031 479 3089 Lo.
511 3033 821 3110 Lodoncnsg
847 3031 942 3092 ήισ.
974 3052 1095 3110 cum
1133 3037 1304 3110 tribus
1330 3033 1614 3110 Chronieis
1642 3036 1892 3110 Eusebii,

308 3103 647 3179 Hieronymi,
683 3116 750 3179 et
792 3107 1066 3179 Prosperi,
1097 3109 1320 3163 missum
1349 3103 1418 3163 ab
1453 3109 1694 3179 erudito,
1727 3119 1782 3165 et
1804 3103 1895 3179 pio

308 3175 432 3252 _viro
453 3175 766 3252 Alexandro
804 3175 1062 3252 Georgio,
1098 3179 1414 3252 provinciali
1459 3175 1735 3252 societatis
1765 3175 1895 3237 Jesu

309 3247 362 3323 in
390 3249 663 3323 provincia
688 3247 1041 3323 Aquitanica,
1065 3247 1114 3323 Δεξ
1145 3249 1473 3306 bibliotheca
1506 3251 1757 3307 eductum
1787 3253 1897 3308 coi-

307 3315 433 3389 legii
479 3315 888 3378 Lemoviee'nsis
926 3315 1172 3388 ejuSdem
1216 3323 1523 3386 societatis,
1567 3332 1724 3377 antea
1766 3338 1898 3380 casu

305 3401 586 3459 repertum
607 3393 658 3446 in
678 3394 892 3449 ofﬁcina
912 3393 1220 3462 hiinOpola:
1238 3393 1660 3448 Lemovicensis.
1683 3393 1898 3452 Dictum

308 3472 492 3534 autem
539 3479 566 3516 a
607 3465 759 3519 nobis
798 3472 890 3534 est
923 3464 1262 3529 Lodonensc,
1304 3466 1445 3532 qttod
1475 3465 1525 3518 in
1568 3466 1686 3534 ejus
1715 3467 1900 3524 limine

308 3533 408 3586 ista
437 3534 794 3602 praeferuntur
822 3554 832 3587 :
863 3533 972 3589 Iste
1009 3534 1136 3588 liber
1164 3545 1237 3589 est
1268 3536 1446 3604 fratris
1473 3533 1614 3589 Petri
1644 3535 1900 3593 Gnidonis

306 3605 509 3658 ordinis
538 3604 972 3677 Prwdiratorum,
1002 3623 1153 3677 quem
1183 3608 1361 3662 habuit
1408 3606 1468 3660 ab
1501 3608 1756 3662 avunculo
1802 3625 1898 3665 suo

306 3677 552 3747 episcopo
582 3676 895 3732 Lodonensi.

381 3747 490 3819 Lo.
514 3747 819 3804 Lodoncnse
851 3767 946 3802 ms.
976 3748 1222 3804 Alterum
1253 3763 1377 3804 cum
1406 3749 1686 3819 superiore
1715 3766 1898 3805 exem-

311 3817 449 3888 plari
479 3818 787 3890 Lodonensi
829 3819 1160 3890 consultum,
1199 3834 1319 3873 cum
1361 3817 1667 3890 hujusmodi
1708 3822 1900 3876 inscri-

305 3891 514 3957 ptione,
558 3889 814 3946 Chronica
846 3889 1091 3963 Prosperi
1123 3891 1414 3963 Aquitanici
1435 3889 1490 3944 'et
1535 3893 1762 3963 episc0pi
1791 3893 1896 3948 Re-

302 3963 436 4032 gini,
488 3964 775 4017 contincns
822 3961 990 4017 veluti
1025 3963 1260 4032 epitome
1302 3961 1553 4018 Chronici
1587 3961 1802 4018 Eusebii
1845 3972 1900 4020 ct

310 4032 667 4104 Hieronymi,
711 4035 872 4088 unico
919 4041 1173 4089 contextu
1220 4035 1339 4087 sine
1395 4033 1535 4089 serie
1585 4049 1892 4090 annorum:

304 4107 568 4160 nonnulla
613 4105 776 4160 etiam
821 4105 982 4160 habet
1009 4104 1228 4160 aliunde
1271 4105 1507 4172 adjecta,
1541 4105 1634 4160 sed
1667 4105 1898 4174 plurima

303 4175 549 4230 etiamin
578 4190 644 4231 eo
675 4185 799 4230 sunt
820 4176 1042 4230 omissa.
1072 4174 1203 4230 Nam
1241 4176 1372 4246 nihil
1404 4175 1549 4230 aliud
1578 4179 1689 4231 fere
1716 4192 1900 4246 perse-

301 4246 489 4316 quitur
516 4247 616 4301 nisi
647 4262 732 4311 ea,
779 4262 900 4316 quze
932 4245 1212 4302 historiam
1241 4245 1576 4313 Judteorum,
1624 4245 1897 4303 Romano-

299 4332 450 4384 rum,
493 4327 547 4373 et
575 4317 1008 4373 Christianorum
1051 4321 1344 4388 attingunt.
1379 4317 1486 4375 Sed
1513 4317 1582 4374 de
1623 4333 1686 4373 eo
1712 4319 1894 4389 plura,

299 4403 425 4442 cum
456 4389 664 4459 egimus
692 4389 758 4443 de
787 4389 1036 4458 Prosperi
1069 4389 1241 4445 libris.

376 4458 510 4513 Lut.’
535 4459 867 4514 Lntetiannm
892 4462 1217 4529 impressum
1247 4461 1316 4516 ab
1347 4461 1583 4516 ilenrico
1613 4458 1897 4532 Stephano

301 4531 533 4586 Lutetia:
564 4546 652 4586 an.
687 4532 848 4593 15i2.
877 4532 1068 4587 eodem
1096 4549 1236 4602 pene
1266 4532 1426 4587 modo
1451 4543 1503 4586 et
1535 4531 1728 4602 ﬁgura,
1753 4541 1805 4586 et
1836 4543 1896 4588 ut

301 4603 594 4684 plurimum
618 4618 739 4657 cum
770 4603 992 4686 totidem
1026 4619 1125 4658 nec
1161 4605 1405 4693 piurjbus
1431 4604 1714 4693 verbisnst
1733 4603 1892 4660 lineis
1917 4629 1970 4693 υ

304 4676 358 4727 in
401 4689 724 4745 unaquaque
780 4676 973 4745 pagina
1013 4691 1172 4744 quant
1207 4675 1403 4731 habeat
1441 4675 1608 4730 editio
1637 4674 1840 4745 Veneta
1873 4693 1885 4728 :

302 4743 588 4819 nisiquod
611 4743 666 4800 in
710 4743 983 4802 nonnullis
1022 4743 1301 4803 vocabulis
1329 4747 1674 4814 dissentiunt,
1703 4744 1886 4819 culpa,

301 4816 490 4877 credo,
521 4827 910 4874 correctorum.

373 4886 444 4942 Μ.
474 4886 744 4960 ρΙεῙάθηεε
783 4907 878 4943 ms.
927 4904 1050 4945 cum
1098 4889 1310 4945 duobus
1355 4890 1542 4960 primis
1572 4886 1885 4960 Chronieis,

300 4957 424 5030 sine
473 4958 762 5030 Prospero,
815 4961 947 5015 olim
991 4957 1392 5016 commodatum
1443 4977 1470 5013 a
1521 4959 1634 5014 ιιιι.
1679 4957 1891 5018 Joanne

295 5028 440 5085 Tilio
492 5028 750 5102 episcOpo
803 5031 1118 5104 Meldensi,
1157 5033 1311 5104 cujus
1375 5041 1558 5087 manet
1596 5032 1886 5104 ~celebris,

297 5109 357 5156 et
388 5101 653 5174 perennis
684 5101 942 5159 memoria
984 5103 1124 5174 apud
1155 5101 1348 5174 omnes
1367 5103 1486 5174 pios
1515 5112 1569 5157 et
1593 5101 1888 5160 litteratos.

425 5215 438 5226 .
492 5172 805 5230 Oiseilinnm
846 5193 943 5231 tm.
981 5172 1102 5230 cum
1155 5172 1391 5246 Eusebio
1441 5173 1792 5246 Hieronymo,
1837 5181 1894 5230 et

297 5244 464 5318 etiam
499 5261 620 5301 cum
655 5247 938 5318 _Chronico
968 5247 1184 5318 nomine
1210 5245 1486 5318 Prosperi,
1521 5244 1891 5318 rnon‘quidem

300 5315 540 5386 vulgato,
569 5315 672 5388 sed
703 5317 1020 5385 Pithteano;
1051 5319 1152 5374 hoc
1175 5315 1628 5388 habetsingniare
1653 5315 1761 5388 pra:
1785 5333 1894 5373 cte-

298 5385 465 5464 teris,
483 5385 540 5464 u_t
567 5385 717 5464 ineo
737 5389 919 5464 videas
943 5391 1258 5445 varietatem
1283 5390 1427 5464 illam
1447 5385 1691 5464 colorum
1716 5388 1891 5464 rubri,

299 5459 543 5528 caerulei,
589 5461 772 5516 viridis
802 5461 1172 5528 observatam,
1216 5461 1310 5516 sed
1342 5477 1450 5517 non
1498 5459 1764 5528 debitam,
1797 5459 1892 5518 aut

296 5545 408 5584 non
435 5545 558 5604 cum
585 5547 652 5604 eo
680 5531 882 5604 judicio
923 5543 975 5587 et
1035 5533 1272 5604 ratione,
1316 5549 1474 5603 quam
1527 5532 1888 5604 Hieronymus

296 5602 709 5669 praescribebat.
758 5603 929 5660 Habet
968 5603 1132 5661 etiam
1177 5602 1460 5659 historiam
1510 5602 1813 5671 separatam
1855 5619 1886 5662 a

294 5673 577 5730 canonicis
592 5673 898 5740 Chronieis,
920 5690 1016 5730 seu
1037 5675 1308 5730 columnis
1325 5689 1696 5743 numerorum,
1724 5675 1884 5731 sicuti

295 5758 463 5813 supra
494 5744 741 5813 pluribus
765 5745 1186 5802 declaravimus.
1211 5746 1444 5803 Oiselius
1482 5745 1601 5802 J.C.
1629 5757 1686 5801 et
1708 5749 1764 5802 in
1791 5762 1884 5803 su-

296 5829 482 5888 prema
512 5814 844 5888 Parlamenti
873 5817 1194 5874 Parisiensis
1241 5819 1391 5888 curia
1438 5827 1698 5888 patronus
1738 5815 1883 5874 cele-

288 5881 563 5946 berrimus
585 5897 640 5945 et
662 5883 1051 5948 disertissimus
1080 5898 1241 5960 atque
1260 5881 1570 5948 laboriosus
1595 5888 1880 5946 vetustatis

1925 1861 1972 1928 Β

2002 547 2165 602 tionis
2198 546 2526 619 luculentum
2558 548 2608 601 iu
2641 546 2927 619 Aquitania
2954 546 3138 604 nostra
3157 549 3308 605 dedit
3335 555 3580 608 testimo-

1997 621 2170 690 nium,
2198 631 2320 690 cutn
2361 617 2605 673 advocati
2631 617 2760 687 regii
2790 636 3015 675 munere
3043 620 3379 690 fungeretur,
3413 626 3464 678 in
3490 625 3578 681 illa

1995 688 2332 766 amplissima
2354 690 2908 766 decuriasenaiorum
2926 688 3310 766 Parisiensium
3340 695 3392 748 in
3419 697 3582 766 Aqui-

1997 759 2197 830 taniam
2229 773 2260 811 a
2289 774 2420 830 rege
2465 760 2530 814 ad
2577 762 2664 829 jus
2693 761 2984 818 dicendum
3027 765 3190 819 missa
3235 775 3365 819 ante
3410 759 3584 824 annos

1993 829 2098 896 25,
2129 841 2198 885 ne
2226 829 2616 899 rempublicam
2651 831 2971 888 litterariam
3013 835 3269 891 thesauro
3309 836 3403 892 ilio
3433 838 3582 894 frau-

1997 901 2176 964 daret,
2209 902 2511 956 liheraliter
2539 905 3001 960 transcribendum
3028 908 3469 963 communicarit.

2072 973 2128 1026 P.
2164 971 2587 1052 Ifuleqnumnms.
2621 977 2904 1052 continens
2921 976 3240 1052 Eusebiiet
3267 979 3582 1052 Hieronymi

1996 1043 2268 1098 Chronica
2286 1044 2409 1120 sine
2451 1045 2743 1120 Prospero,
2779 1047 2973 1120 multis
2995 1048 3046 1103 in
3075 1049 3211 1104 locis
3243 1043 3581 1120 preptcr've-

1999 1122 2252 1191 tustatem
2282 1113 2839 1191 fugientibuslitteris
2860 1129 2914 1191 et
2942 1119 3119 1174 lituris
3134 1113 3409 1187 refertum,
3436 1121 3580 1191 quod

1997 1186 2126 1240 olim
2172 1186 2538 1256 suppeditavit
2575 1187 2830 1242 Claudius
2874 1189 3142 1246 Puteanus
3169 1207 3220 1245 v.
3254 1207 3304 1247 c.
3338 1186 3466 1247 dum
3503 1193 3581 1247 vi-

1997 1267 2149 1312 veret
2175 1257 2521 1312 consiliarius
2554 1259 2730 1328 regius
2758 1259 2811 1313 in
2843 1275 3096 1328 suprema
3127 1263 3277 1317 curia
3308 1263 3578 1319 Parisien-

1997 1329 2041 1404 s_i
2059 1370 2073 1393 ,
2101 1329 2183 1404 vir
2208 1331 2352 1383 omni
2383 1330 2684 1404 litterarum
2714 1339 2766 1386 et
2805 1330 3060 1385 virtutum
3088 1347 3291 1403 genere
3316 1345 3580 1404 praestan-

2002 1400 2263 1462 tissimus,
2291 1415 2354 1454 ac
2386 1399 2528 1454 bono
2555 1409 2797 1455 veterum
2829 1399 3115 1457 auctorum
3146 1399 3322 1460 natus.

2069 1469 2186 1548 Pet.
2213 1469 2504 1548 Pe_t_rinn_m,
2539 1487 2634 1548 seu
2666 1469 3226 1548 Basiliegserquarlum
3254 1475 3456 1531 editum
3485 1491 3581 1548 per

1998 1541 2260 1614 eumdem
2279 1541 2565 1614 Henricum
2594 1542 2813 1614 Petrum
2861 1541 3085 1600 Basiieze
3113 1589 3128 1614 ,
3175 1559 3360 1602 mense
3389 1541 3580 1606 Martio

2004 1627 2134 1687 ann.
2164 1611 2325 1687 [549,
2354 1627 2458 1667 una
2487 1629 2606 1687 cum
2638 1612 2854 1687 Eusebii
2881 1611 3141 1683 operibus
3166 1659 3182 1684 ,
3213 1619 3355 1687 quod
3381 1619 3432 1671 in
3461 1633 3580 1674 om-

2000 1682 2158 1755 nibus
2181 1682 2294 1737 t‘ere
2322 1683 2612 1754 respondet
2633 1685 2854 1740 editioni
2871 1682 2998 1741 anni
3019 1682 3178 1755 159.9,
3203 1682 3366 1755 serie,
3391 1705 3581 1746 nume-

1998 1753 2349 1832 ro_linear_t_tm
2374 1753 2427 1832 ei
2455 1757 2801 1832 paginarum,
2819 1773 3049 1832 _ne_c_non
3084 1753 3333 1832 typorum
3354 1753 3572 1816 Torma.

2070 1823 2217 1880 Peta.
2245 1823 2548 1880 Patauinum
2580 1843 2678 1880 ms.
2702 1827 2868 1882 minio
2899 1823 3222 1884 illustraium
3253 1846 3374 1886 cum
3403 1833 3579 1886 Chro—

1999 1894 2136 1972 riicis
2178 1895 2395 1972 Eusebii
2443 1907 2504 1972 et
2543 1898 2889 1971 Hieronymi,
2918 1902 3038 1956 sine
3073 1902 3386 1967 Prospero,
3431 1902 3580 1972 quod

1999 1966 2065 2020 D.
2097 1967 2294 2022 Paulus
2320 1968 2574 2040 Petavius
2602 1985 2653 2024 ν.
2684 1966 2812 2024 «κἰιι
2845 1985 3096 2040 suprema
3125 1966 3580 2028 Parisiensicuria

1998 2045 2220 2114 senator
2245 2039 2426 2109 regius
2451 2040 2878 2114 eruditissimus,
2911 2039 2967 2096 et
2995 2042 3214 2099 sedulus
3243 2045 3581 2114 antiquitatis

1999 2108 2330 2184 indagator,
2352 2125 2415 2166 ac
2440 2108 3424 2184 veterumlibrorumpromptuariuin
3444 2156 3457 2180 ,
3484 2129 3582 2184 pro

2000 2193 2098 2257 suo
2127 2195 2258 2257 erga
2269 2181 2554 2257 litteratos
2583 2183 2786 2257 studio,
2826 2181 3050 2239 Parisiis
3078 2186 3146 2241 ad
3162 2181 3274 2241 nos
3301 2181 3580 2257 perferen-

1998 2250 2327 2376 gutrgdds‘dixt.
2361 2253 2474 2308 Hoc
2493 2253 2772 2324 exemplar
2795 2270 2905 2326 pra:
2931 2259 3146 2313 caeteris
3173 2250 3396 2329 propius
3423 2272 3584 2314 acce-

2039 2339 2051 2375 I
2237 2341 2267 2376 11
2313 2365 2327 2376 .

2039 2332 2078 2378 tt
2099 2332 2163 2376 ad
2193 2332 2327 2378 lt‘ttx.

2071 2392 2273 2448 Petavii
2288 2393 2617 2468 Fragmenta
2635 2411 2731 2450 ms.
2763 2397 2992 2456 Scltedte
3019 2399 3228 2468 aliquot
3266 2399 3582 2468 antiquissi-

1998 2477 2102 2518 mae
2135 2467 2564 2520 membranacea
2594 2468 2750 2522 unius
2777 2481 2869 2525 aut
2893 2467 3123 2526 alterius
3139 2485 3244 2526 ms.
3280 2467 3495 2526 Eusebii
3525 2479 3582 2528 et

2001 2535 2336 2608 Hieronymi,
2367 2552 2509 2606 qua,
2533 2537 2722 2592 codice
2750 2543 2894 2596 carie
2915 2549 2970 2597 et
2997 2549 3267 2598 vetustate
3289 2555 3581 2608 consump-

2001 2609 2431 2682 to,‘supcrs_tit_es
2459 2621 2804 2682 remansere,
2846 2613 3090 2682 ejusdem
3116 2628 3170 2666 ν.
3203 2627 3252 2668 c.
3276 2611 3451 2668 Paulii
3473 2613 3576 2669 Pe-

1997 2677 2128 2732 tavii
2155 2678 2419 2734 beneﬂcio
2447 2679 2514 2734 ad
2537 2694 2635 2734 nos
2661 2677 2877 2738 delatm.

2071 2749 2154 2803 Pi.
2180 2747 2510 2804 Pitluzamtm
2531 2767 2626 2805 ms.
2655 2766 2779 2806 cum
2809 2755 3094 2810 Chronieis
3123 2753 3344 2810 Eusebii
3372 2764 3430 2808 et
3456 2755 3583 2810 Hie-

2002 2821 2216 2891 ronymi
2243 2822 2359 2877 sine
2393 2821 2681 2890 Prospero,
2725 2838 2756 2879 a
2783 2822 3072 2880 Francisco
3101 2825 3315 2880 Pithiae
3344 2823 3462 2881 ιε.
3490 2841 3583 2880 ae-

1999 2899 2120 2968 tore
2149 2901 2434 2968 causarum
2465 2891 2672 2947 celebri
2699 2894 2752 2948 in
2783 2911 3033 2968 suprema
3053 2901 3196 2952 curia
3227 2897 3580 2963 Parlamenti,

1999 2960 2417 3036 diligentissimo
2441 2976 2827 3036 conservatore
2847 2960 3192 3036 antiquitatis
3209 3009 3222 3031 ,
3253 2968 3372 3022 viro
3399 2960 3583 3024 multis

1998 3033 2310 3090 nominibus
2346 3035 2781 3092 commendando
2807 3079 2821 3104 ,
2865 3033 3027 3104 atque
3074 3040 3217 3094 inter
3245 3046 3446 3093 caetera
3473 3053 3584 3094 non

1998 3106 2176 3176 solum
2197 3106 2340 3176 quod
2373 3105 2624 3162 habuerit
2671 3108 2892 3165 fratrem
2941 3105 3389 3165 litteratissimum
3429 3109 3584 3164 illum

1999 3174 2269 3250 quondam
2299 3176 2416 3233 Pet.
2446 3178 2716 3234 Pithtnum
2742 3180 3217 3250 jurisconsuitum,
3246 3181 3584 3250 antiquitatis

1926 3256 1973 3322 ο
2003 3247 2376 3323 indagatorem
2409 3247 2820 3323 sagacissimum
2842 3292 2857 3318 ,
2892 3267 3049 3323 quem
3093 3247 3209 3306 non
3233 3247 3414 3323 minus
3453 3267 3581 3306 san-

2003 3319 2650 3393 guinispropinquitate,
2683 3337 2842 3393 quam
2891 3319 3106 3378 morum
3133 3333 3192 3379 et
3231 3322 3492 3378 doctrinae
3520 3325 3588 3376 si-

2002 3389 2308 3465 militudine
2327 3389 2578 3462 attingit;
2605 3389 2874 3465 sedquod
2915 3410 3014 3463 pro
3035 3409 3131 3449 sua
3162 3408 3371 3448 summa
3402 3393 3588 3449 erudi-

2005 3462 2150 3534 tione
2177 3465 2326 3519 soius
2375 3479 2402 3515 a
2444 3477 2570 3534 rege
2592 3462 3055 3520 ChﬁsiianisSimo
3081 3466 3314 3520 selectos
3337 3465 3495 3520 fuerit
3518 3479 3586 3519 cx

2001 3531 2268 3589 immenso
2317 3534 2414 3589 illo
2445 3531 2592 3590 fonte
2649 3537 2814 3590 totius
2858 3537 3120 3591 doctrina:
3159 3549 3214 3591 et
3260 3536 3588 3591 eruditionis

2001 3603 2168 3677 shore
2219 3604 2600 3677 advocatorum
2654 3606 3080 3674 Parisiensium,
3138 3607 3227 3677 qui
3279 3607 3587 3660 collationis

2002 3674 2193 3730 Fontis
2215 3676 2440 3731 Eblaudi
2465 3678 2604 3732 inter
2624 3679 2936 3747 episcopum
2962 3674 3346 3734 Ebroicensem
3369 3688 3424 3732 et
3446 3678 3589 3732 Μοτο

2002 3761 2176 3800 meum
2204 3747 2482 3802 Plesscum
2514 3749 2720 3803 arbiter
2747 3751 2962 3804 sederet
2991 3765 3112 3803 cum
3145 3750 3295 3818 regni
3325 3748 3588 3803 cancella-

1999 3818 2105 3882 rio,
2139 3825 2193 3873 et
2218 3819 2334 3873 aliis
2369 3819 2640 3888 primariis
2663 3821 2823 3886 viris,
2860 3828 2919 3874 ut
2946 3820 3013 3874 ad
3045 3821 3146 3874 hoc
3173 3828 3417 3873 nostrum
3449 3831 3587 3888 opus

2000 3889 2306 3960 symbolam
2342 3903 2491 3944 suam
2522 3890 2794 3945 conferret
2816 3935 2830 3960 ,
2878 3890 3022 3946 hunc
3053 3890 3298 3946 codicem
3332 3890 3487 3947 nobis
3518 3891 3586 3944 lic

2001 3958 2254 4014 beraliter
2285 3963 2724 4016 communicavit.
2817 3958 2824 3960 ἡ
3336 4012 3337 4016 η

2071 4029 2152 4084 Ρὶ.
2182 4046 2400 4104 tutoque
2429 4031 2634 4104 indicat
2667 4034 2720 4085 in
2753 4034 2895 4088 notis
2925 4033 2990 4088 ad
3034 4034 3365 4103 Prosperum
3386 4076 3399 4099 ,
3442 4032 3587 4104 frag-

1997 4111 2183 4176 menta
2206 4103 2486 4176 Fastorum
2510 4103 2920 4176 Eousularium,
2949 4120 3070 4176 quae
3093 4105 3364 4160 habentur
3385 4105 3451 4160 ad
3477 4103 3588 4160 cai-

1999 4187 2118 4228 cem
2137 4173 2254 4243 ejus
2278 4173 2483 4229 codicis
2510 4174 2799 4230 Pithoeani.

2071 4244 2216 4318 Reg.
2237 4243 2455 4318 Regium
2479 4262 2572 4300 ms.
2605 4246 2746 4318 quod
2776 4247 2904 4302 olitn
2929 4247 3180 4302 exstabat
3211 4248 3264 4302 in
3296 4246 3588 4303 bibliothe-

1997 4328 2064 4388 ca
2090 4315 2573 4388 Cliristianissimzc
2603 4315 2908 4372 Camarina:
2935 4319 3206 4374 Medicinae
3243 4317 3444 4388 reginae
3474 4318 3586 4371 Ma-

1999 4386 2116 4447 tris,
2153 4386 2358 4460 habens
2380 4388 2646 4444 Chronica
2669 4389 2894 4444 Eusebii
2917 4401 2972 4446 et
2997 4386 3393 4460 Hieronymiet
3417 4403 3590 4444 annos

1997 4460 2206 4532 mundi,
2233 4458 2326 4532 se_d
2360 4475 2464 4515 non
2496 4460 2564 4532 ab
2591 4460 2862 4515 Abraham
2882 4503 2896 4527 ,
2927 4472 2980 4518 ct
3005 4462 3158 4532 cujus
3187 4458 3368 4532 varias
3397 4461 3588 4516 lectio-

1998 4544 2094 4583 nes
2118 4530 2258 4585 idem
2283 4529 2489 4585 Fronto
2513 4530 2738 4586 Ducaeus
2766 4529 3115 4600 observatas,
3147 4531 3311 4586 veluti
3343 4533 3587 4587 benevo-

1998 4601 2180 4726 leptiaa
2227 4613 2281 4657 et
2320 4602 2639 4658 eruditionis
2687 4618 2802 4658 suae
2827 4605 3105 4661 surculum
3133 4645 3146 4670 ,
3178 4603 3246 4658 ad
3277 4617 3376 4658 nos
3407 4612 3587 4658 trans-

1998 4687 2048 4726 m
2074 4681 2164 4726 Stt.

1996 4674 2164 4727 misit.

2069 4745 2129 4800 S.
2164 4744 2442 4800 δοκοίηοηὶ
2465 4744 2800 4802 Pistoriensis
2827 4746 3134 4802 Chronicon
3168 4760 3270 4801 ms.
3302 4745 3354 4799 in
3389 4743 3586 4814 quoad

1997 4817 2221 4871 verbum
2251 4816 2581 4885 descriptum
2611 4829 2691 4872 est
2713 4817 3019 4873 Chronicon
3050 4817 3293 4880 Eusebii,
3321 4829 3490 4884 usque
3517 4814 3586 4870 ad

1997 4887 2204 4959 olymp.
2248 4889 2371 4959 183,
2399 4889 2454 4942 in
2491 4888 2574 4943 his
2598 4905 2714 4958 qua:
2746 4889 3012 4958 pertinent
3034 4889 3102 4942 ad
3127 4887 3438 4959 historiam,
3461 4899 3586 4941 nam

1998 4957 2340 5014 desideratur
2360 4957 2538 5014 series
2564 4957 2772 5013 annalis
2799 4977 2811 5012 :
2844 4976 2941 5014 nos
2971 4959 3205 5029 legimus
3236 4958 3289 5012 in
3327 4958 3586 5013 Vaticana

1998 5029 2355 5097 Bibliotheca,
2392 5041 2445 5085 et
2469 5030 2745 5086 Gesnerus
2767 5031 2820 5084 in
2845 5045 2942 5086 sua
2966 5029 3296 5084 Bibliotheca
3329 5037 3581 5098 testatur,

1995 5115 2118 5225 leum
2158 5101 2441 5172 scripsisse
2476 5101 2718 5157 historia:
2758 5101 3081 5158 universalis
3123 5102 3452 5156 immensum
3485 5115 3582 5156 voc

2019 5187 2200 5225 nmen.

2019 5187 2175 5227 nmen
2188 5212 2200 5225 .

2065 5243 2123 5298 S.
2149 5242 2525 5299 Savaronicum
2549 5242 2862 5300 Chronicon
2893 5241 3134 5316 Eusebii,
3167 5241 3507 5316 Hieronymi,
3529 5251 3588 5300 et

1995 5313 2273 5384 Prosperi,
2300 5331 2561 5371 excusem
2589 5316 2815 5371 Basilece
2845 5331 2936 5370 an.
2973 5315 3131 5384 1556,
3161 5329 3270 5386 quo
3300 5313 3587 5370 continen-

1995 5394 2081 5440 tur
2111 5388 2498 5458 Dittographiae
2526 5429 2540 5452 ,
2571 5401 2704 5457 quas
2731 5403 2785 5442 ν.
2817 5402 2869 5443 c.
2899 5386 3136 5443 Joannes
3161 5386 3368 5442 Savaro
3396 5386 3584 5442 Claro—

1995 5459 2297 5515 montensis
2321 5460 2374 5514 in
2393 5458 2831 5515 Montisi’errandi
2859 5458 3224 5514 subsidiorum
3248 5459 3397 5512 curia
3427 5471 3586 5512 sena.

2000 5537 2104 5610 tor,
2129 5540 2183 5585 et
2204 5530 2713 5610 vice-cancellarius
2732 5531 3002 5610 excerpsit
3022 5546 3096 5610 ex_
3109 5530 3320 5610 duobus
3341 5543 3471 5610 mss.
3487 5528 3582 5610 Ille

1998 5601 2089 5656 ubi
2118 5600 2335 5657 rescivit
2377 5618 2476 5658 nos
2505 5603 2558 5657 in
2593 5600 2906 5658 excolendo
2935 5601 3172 5658 Eusebio
3203 5600 3489 5669 occupari,
3521 5603 3583 5654 ut

1994 5687 2150 5745 suum
2179 5674 2450 5741 studium,
2495 5689 2602 5744 quo
2632 5689 2758 5745 erga
2785 5675 3153 5730 venerandam
3200 5671 3577 5745 antiquitatem

1992 5743 2244 5818 afﬁcitur,
2260 5739 2526 5818 cujusque
2545 5756 2651 5800 tam
2672 5739 2900 5818 cclebrei
2916 5745 2968 5800 in
2993 5739 3346 5818 expurganda
3354 5739 3582 5818 Sidonio

1992 5811 2239 5894 populari
2263 5811 2361 5894 suo
2386 5811 2752 5894 testimonium
2781 5815 2948 5894 dedit,
2976 5811 3573 5894 magiseomprobaret,

1990 5885 2055 5943 ex
2085 5886 2340 5946 Arvernis
2371 5889 2436 5945 ad
2469 5904 2568 5945 nos
2600 5888 2907 5945 humaniter
2947 5885 3265 5942 transmisit.
