2068 3213
283 167 337 196 743

650 162 695 191 AD
713 162 1165 193 EUSEBIO-HIERONYMIANUM
1184 160 1379 191 CHBONICON
1398 161 1584 192 APPENDIX.

1876 163 1929 192 7“

319 225 367 254 So.
384 223 548 252 Sonnianum
561 221 722 256 impressum
738 228 753 248 a
765 221 895 249 lliicbaele
910 221 1014 250 Sonuio
1024 222 1078 250 Lu-
1089 223 1115 253 Α
1130 221 1218 249 tiones
1232 221 1265 249 ad
1281 221 1449 257 arguendam
1466 221 1696 257 typograpborum
1721 222 1868 254 inscitiam,
1882 222 1928 250 vel

284 261 357 289 telizr.
376 268 421 287 an.
440 258 543 286 Domini
560 257 627 285 l587
640 277 647 288 ,
669 265 729 284 cum
758 259 864 285 ctcteris
879 259 1008 293 operibus
1023 258 1076 285 Eu—

284 296 363 327 sebii,
379 295 423 322 tibi
436 302 496 322 cum
515 293 699 328 typograplius
710 298 846 321 assereret
866 294 953 321 virum
967 293 1076 321 doctum

284 331 432 366 castigasse
448 330 568 365 pluribus
580 330 606 366 in
616 329 685 366 locis
693 328 826 356 Chronica
836 329 960 366 Eusebii,
972 334 1000 357 et
1015 329 1077 366 llic-

283 364 401 402 ronyini.
417 371 443 393 et
458 373 518 393 cum
527 364 761 402 prmlixustitnlus
775 364 914 402 tirmfei'rct
924 365 1011 402 libros
1023 365 1077 402 Eu-

283 398 350 430 sebii
378 398 619 434 restitutos’opmi
653 398 763 426 Joannis
793 400 891 427 Dudrei
919 400 1076 428 Parisienst's

283 437 408 474 theologi,
425 441 536 471 rogatus
552 435 597 462 ille
613 442 660 474 per
675 436 779 463 litteras
793 443 808 462 a
826 436 913 467 nobis,
931 441 959 474 ut
973 436 1074 474 indica-

284 478 337 506 ret,
354 472 417 500 num
433 479 487 507 quo
503 472 688 507 inanuscripto
701 479 765 499 usus
778 476 860 504 esset,
873 472 1012 506 rescripsit
1028 480 1076 506 pro

284 516 331 536 sua
347 509 372 535 in
400 506 448 535 nos
464 506 653 534 benevolentia
675 514 705 534 se
727 506 835 541 quidem
863 508 1075 535 commentarios

284 544 382 580 Grynei
398 544 425 570 in
438 543 544 580 libarde
560 542 801 580 Prmpar._Evang.
818 550 945 577 purgasse
958 550 989 569 ac
1004 551 1073 577 prte-

283 577 383 607 cid’isse
396 579 527 606 nonnulla
539 599 546 611 ,
564 585 625 612 qua:
639 577 835 605 catholicorum
856 586 935 605 aures
951 583 1076 611 poterant

283 615 435 643 oll‘cndei'e:
451 618 549 642 caetera
569 620 636 649 vero
655 621 707 640 non
724 614 863 647 attigisse,
888 613 935 641 sed
952 618 1076 649 typogra-

283 652 336 685 plio
349 658 411 678 esse
426 649 581 677 tribuenda.
604 648 749 682 Postquam
764 653 853 676 autent
868 649 902 676 ad
916 656 965 676 nos
981 648 1076 684 perve-

282 687 323 714 nit
335 686 420 713 codex
432 685 587 713 Victorinus
596 705 604 715 ,
620 685 799 719 cognovimus
812 685 975 712 mutationes
986 706 993 716 ,
1014 693 1074 720 qua:

281 721 488 757 reperiuntnrin
501 719 695 757 hacSonniana
704 720 834 757 editione,
842 720 931 757 exilio
939 719 1034 748 codice
1045 726 1073 748 ut

282 755 427 793 plurimum
439 756 606 793 desiiinptas,
620 755 683 793 licet
694 755 824 793 non_satis
837 756 952 793 [eliciter
963 757 1072 793 ubique.

319 792 381 820 Tres
395 801 457 819 mss.
473 789 553 822 μαθέ,
568 799 614 817 seu
625 792 642 817 5
655 799 714 817 mss.
738 789 804 819 Fab.
824 791 944 825 ejusdem
967 789 1074 819 Nicolai

282 828 362 856 Fabri
375 837 400 855 v.
417 836 442 855 c.
459 827 611 854 Chronicon
624 826 742 856 Eusebii,
758 834 886 854 excusum
898 827 1011 854 Basilete
1026 835 1072 854 an.

283 863 364 896 1529,
386 862 508 898 plurimis
520 867 546 889 et
561 861 642 889 variis
657 861 818 889 lectionibus
830 863 955 895 ditatum,
971 870 1037 897 quas
1050 863 1073 890 is

281 906 387 927 summa
398 899 534 933 diligentia
549 901 736 932 excerpscrat,
753 902 781 924 et
796 903 934 925 notaverat
949 899 1071 925 collatio-

282 943 316 962 ne
332 935 400 962 facta
414 941 475 961 cum
498 933 585 960 tribus
600 940 664 959 uiss.
683 941 797 967 quorum
815 935 922 960 tertium
942 934 1073 962 habuerat

281 977 296 997 a
310 970 411 998 Jacobo
424 969 536 1004 Cujacio
547 969 803 1003 jurisconsultorum
823 969 906 995 nostri
923 969 1013 996 sicculi
1026 976 1070 996 co-

281 1008 401 1040 ryplmo.
419 1006 447 1032 In
462 1012 495 1032 eo
509 1004 696 1035 desideratur,
712 1004 783 1038 quod
806 1004 925 1037 pluribus
941 1005 967 1031 iu
987 1005 1070 1037 locis,

281 1042 319 1068 nil
340 1043 375 1069 sit
398 1046 576 1068 annotatuin:
602 1047 669 1072 opus
692 1040 747 1066 suis
773 1040 893 1067 numeris
918 1040 1070 1068 absolutum

281 1076 367 1104 videri
381 1081 503 1111 poterat,
519 1075 541 1102 si
556 1075 723 1108 perfecisset,
740 1079 767 1101 ιιι
782 1080 916 1109 cmperat.
930 1080 1019 1102 tantus
1030 1080 1071 1103 est

280 1112 307 1139 in
327 1110 387 1139 viro
405 1113 452 1139 illo
468 1112 566 1146 ingenii
588 1111 725 1146 splendor.
752 1110 807 1137 lloc
820 1118 927 1146 quoque
943 1119 994 1137 una
1009 1119 1069 1138 cum

279 1155 329 1175 suo
344 1147 485 1181 superiore
499 1145 680 1180 chirographo
700 1145 880 1174 libentissime
894 1146 1071 1174 deferendum

279 1185 384 1210 curavit
400 1191 447 1217 pro
461 1190 507 1209 sua
524 1182 764 1217 spei-.tataivirtuie.

314 1218 359 1252 V.,
378 1216 439 1251 Vin,
453 1218 525 1248 Vat.,
539 1216 626 1244 Vatic.
642 1216 702 1243 Ista:
713 1217 811 1244 littera:
823 1222 886 1244 sunt
900 1217 1002 1245 indices
1014 1225 1071 1245 ma-

278 1252 697 1289 nuscriptornmexemplarium,
719 1260 783 1289 qua:
795 1251 979 1289 liabenrturﬂin
998 1254 1071 1281 cele-

278 1286 468 1317 briori'totius
488 1286 747 1316 orbis’Bibliotheca
767 1286 860 1314 Roma:
881 1288 907 1315 in
927 1288 1068 1316 Vaticano.

276 1325 402 1360 Legimus
417 1324 525 1358 quidem
538 1331 588 1351 nos
600 1330 660 1360 cum
676 1322 711 1349 ibi
731 1330 884 1360 ageremus,
897 1328 951 1350 tres
962 1324 1070 1360 codices

274 1358 334 1388 cniii
347 1359 489 1388 Clironicis
502 1359 623 1393 Eusebii,
636 1358 804 1394 Hieronymi,
816 1364 842 1385 et
853 1358 991 1394 Prosperi,
1002 1368 1070 1393 quos

275 1396 481 1431 distinguendos
505 1395 668 1422 duxerauius
689 1393 731 1431 his
753 1393 838 1420 tribus
854 1395 924 1421 notis
948 1394 992 1431 Vi,
1007 1395 1068 1427 Va.,

276 1429 402 1465 Vat.,ita
415 1437 444 1459 ut
455 1431 487 1458 V.
503 1429 774 1465 indicaretiprimum
788 1430 943 1464 exemplar,
963 1430 1011 1457 Va.
1026 1438 1070 1458 se-

275 1464 404 1501 cundum,
419 1468 480 1494 Vat.
496 1465 616 1493 tertium.
633 1464 754 1501 Tandem
769 1469 857 1492 tamen
875 1473 935 1493 cum
951 1467 1069 1494 assecuti

275 1509 368 1529 sumus
383 1502 481 1529 multas
495 1506 522 1528 et
535 1501 625 1527 varias
635 1500 776 1534 lectiones,
791 1508 853 1535 quae
865 1502 999 1529 habentur
1014 1506 1068 1529 tam

276 1537 302 1564 in
321 1539 375 1565 illis
390 1560 398 1572 ,
418 1545 498 1572 quam
514 1537 541 1563 in
557 1537 666 1572 eteteris
687 1540 817 1570 quatuor,
840 1539 912 1572 quod
925 1537 974 1564 fuit
988 1538 1069 1572 paulo

274 1575 379 1605 serius,
392 1571 581 1608 'et’postquani
601 1571 689 1608 multa
704 1579 738 1599 ex
758 1571 862 1608 nostris
883 1573 954 1600 notis
975 1571 1068 1600 essent

1087 917 1111 947 B

1130 265 1221 285 eorum
1239 258 1285 292 qui
1301 258 1448 285 oscitanter
1463 258 1638 292 castigandos
1654 258 1739 285 libros
1754 260 1927 292 suscipiunt.

1128 292 1252 328 sciuntbi
1265 293 1344 328 quiin
1353 293 1471 320 lectione
1479 294 1725 328 manuscriptorum
1740 295 1840 321 versati
1852 300 1927 321 sunt.

1164 328 1207 356 Vi.
1235 327 1395 365 Victorinum
1418 336 1479 356 cum
1509 327 1625 365 Eusebio
1647 332 1675 356 et
1701 329 1882 365 Hieronymo,
1899 334 1928 357 et

1127 368 1261 398 prieterea
1276 372 1337 391 cum
1351 362 1487 391 Chronico
1506 364 1617 397 quidem
1641 365 1750 392 nomine
1775 362 1904 399 Pfosperi
1916 386 1925 398 ,

1127 399 1175 426 sed
1197 399 1305 426 diverso
1323 407 1338 427 a
1362 404 1457 426 nostro
1478 400 1585 433 vulgato
1598 420 1606 431 ,
1629 405 1656 427 et
1670 400 1766 428 eodem
1780 408 1842 427 cum
1859 400 1925 433 illo,

1127 434 1198 471 quod
1212 435 1296 471 edidit
1311 435 1367 471 Pet.
1382 434 1504 462 Pitlitnns
1520 439 1549 462 nt
1559 443 1729 469 germanum,
1744 436 1871 471 quodque
1881 435 1927 463 lia-

1128 470 1206 498 betur
1217 471 1244 497 in
1255 470 1398 503 Oisellino,
1409 471 1452 497 cui
1463 475 1504 498 est
1516 471 1628 504 pictura:
1636 478 1668 498 ac
1680 471 1801 498 colorum
1813 470 1926 505 elegan-

1128 505 1163 532 tia
1177 511 1204 533 et
1220 506 1368 538 varietate,
1383 513 1489 532 necnon
1506 506 1654 533 referenda:
1678 506 1799 534 historia:
1817 508 1924 535 ratione

1127 546 1201 568 extra
1217 542 1357 569 columnas
1384 548 1517 568 canonum
1543 549 1596 569 nou
1620 546 1724 569 tantum
1751 542 1924 574 simile,sed

1126 583 1196 617 pene
1211 577 1291 617 idem.
1309 576 1417 617 idvero
1428 576 1462 604 ad
1477 584 1526 604 nos
1540 578 1663 617 pervenit
1675 577 1923 617 depromptum,”

1127 611 1226 646 insigni
1242 613 1285 639 illa
1309 611 1477 639 Bibliotheca
1500 614 1656 640 monasterii
1674 613 1767 640 Sancti
1781 611 1900 641 Victoris
1911 635 1920 646 ,

1126 646 1152 684 i_u
1169 648 1317 684 suburbiis
1332 647 1546 684 Parisiensibus,
1563 648 1697 676 beneﬂcio
1720 649 1923 684 religiosissimi

1126 682 1284 720 Doloannis
1296 683 1431 720 llurtau_lt,
1445 683 1543 720 prioris
1556 683 1641 718 ipsius
1649 682 1783 720 cinnobii,
1792 691 1855 720 cum
1867 692 1923 720 quo

1127 719 1204 754 nobis
1219 718 1246 746 in
1261 718 1378 745 comitiis
1395 718 1567 746 Blcsensibus
1582 727 1627 746 an.
1644 719 1715 747 1588
1730 727 1826 754 magna
1843 718 1923 747 fami-

1127 753 1231 790 liaritas
1255 754 1468 790 intercesserat,
1488 762 1549 780 cum
1570 758 1644 782 esset
1659 762 1727 782 unus
1738 753 1922 790 ex’delegatis

1126 789 1190 816 cleri
1204 789 1381 821 Parisiensis,
1395 794 1423 816 et
1437 796 1486 816 nos
1499 789 1581 816 totius
1596 791 1744 824 provinciae
1764 789 1919 819 Auxiianze.

1163 826 1283 859 Denique
1294 829 1395 859 printer
1408 824 1452 851 illa
1463 825 1630 859 exemplaria
1642 826 1699 853 sive
1715 834 1781 853 mss.
1794 828 1853 854 sive
1866 827 1920 854 im-

1126 867 1238 894 pressa,
1255 868 1308 895 quo
1324 860 1480 887 triumviros
1503 864 1611 888 nostros
1635 861 1763 889 cultiores
1787 861 1920 895 haberes,

1127 896 1294 931 placiiiteitrn
1309 896 1411 931 aliquot
1424 895 1485 922 aliis
1493 896 1648 923 auctoribus
1660 898 1796 931 conferre,
1813 903 1843 925 ut
1856 905 1920 925 cum

1126 931 1264 965 Eutropio,
1275 930 1383 963 Oi-osio,
1400 930 1516 963 Isidoro,
1526 932 1631 964 Adone,
1646 932 1729 966 Beda,
1741 930 1919 966 Carisiodoro,

1124 966 1258 997 Mariano,
1273 967 1392 998 Othone,
1410 966 1580 1001 Frecnlplio,
1602 966 1742 1001 Cedreuo,
1772 968 1921 996 Lamberto

1124 1001 1386 1036 Schaiuaburgensi,
1409 1001 1583 1037 Rheginone,
1610 1002 1769 1031 Marcellino
1792 1004 1918 1037 Comite,

1123 1037 1278 1072 Coutracto,
1293 1036 1405 1064 Alberto
1419 1036 1518 1065 abbate
1533 1037 1670 1073 Stadensi,
1685 1038 1731 1073 qui
1743 1039 1854 1073 scripsit
1869 1036 1919 1068 an}

1123 1073 1207 1106 1256,
1224 1073 1323 1106 ldiicio,
1336 1073 1484 1104 Jornande,
1497 1073 1651 1106 Vincentio,
1667 1074 1782 1102 Martino
1796 1074 1919 1108 Polouo,

1122 1108 1158 1171 iis
1173 1109 1282 1142 scripsit
1294 1117 1339 1134 an.
1361 1108 1441 1144 1278)
1457 1108 1605 1142 Αιιιοιιιιιο,
1620 1109 1737 1137 Historia
1753 1110 1920 1138 scholastica

1136 1144 1298 1171 ‘omestoris.
1312 1143 1414 1171 Jacobo
1429 1145 1600 1171 Bertzomate.
1622 1149 1649 1171 et
1661 1146 1724 1171 aliis
1735 1146 1836 1171 multis.
1849 1154 1920 1171 ano—

1136 1144 1298 1181 iomestoris,
1312 1143 1414 1181 Jacobo
1429 1145 1601 1181 Bergomate,
1622 1149 1649 1172 et
1661 1146 1724 1172 aliis
1735 1146 1837 1179 multis,
1849 1154 1921 1181 quo—

1122 1187 1181 1206 rum
1209 1179 1239 1206 ﬁt
1261 1179 1363 1206 mentio
1378 1179 1404 1206 in
1423 1180 1510 1213 notis,
1527 1179 1572 1207 ubi
1595 1180 1672 1208 locus
1690 1182 1817 1208 occurrit.
1845 1179 1919 1215 Quid

1120 1214 1454 1251 eiiiinraccommodatius,
1470 1223 1550 1248 quam
1565 1215 1588 1242 si
1609 1215 1711 1243 fontem
1722 1224 1783 1244 cuin
1798 1214 1893 1245 rivulis
1909 1239 1918 1251 ,

1121 1250 1237 1287 velﬂvicc
1251 1257 1339 1287 versa,
1356 1251 1457 1287 rivulos
1470 1258 1531 1278 cum
1546 1251 1620 1278 fonte
1633 1259 1825 1285 comparemus
1834 1250 1919 1287 ?,Ac¥

1120 1286 1278 1323 ceditrquod
1295 1285 1322 1323 lii
1342 1293 1404 1323 cum
1426 1286 1489 1323 illos
1512 1291 1568 1313 tres
1590 1287 1665 1314 velut
1685 1285 1919 1323 chronologorum

1121 1322 1257 1356 principes
1271 1321 1431 1358 habuerint,
1453 1322 1486 1348 ad
1498 1329 1593 1349 eorum
1609 1324 1748 1358 exemplar
1762 1321 1840 1358 plane
1852 1331 1919 1352 sese

1120 1361 1346 1391 composuerunt.
1369 1357 1493 1394 Nanirvel
1509 1365 1604 1394 magna
1620 1365 1652 1385 ex
1668 1362 1743 1394 parte
1756 1357 1768 1391 ,⁷
1785 1367 1919 1392 expresso

1120 1395 1247 1426 nomine,
1270 1400 1365 1420 eorum
1389 1393 1542 1420 testimonia
1559 1393 1703 1426 adhibent,
1719 1399 1748 1420 ut
1760 1402 1794 1421 ex
1809 1394 1920 1422 Eusebii

1120 1427 1269 1461 Chronicis,
1285 1436 1334 1455 seu
1357 1436 1387 1455 ea:
1403 1427 1558 1464 Hieronymi
1580 1428 1733 1456 Clironicis:
1748 1431 1790 1457 vel
1811 1431 1835 1458 si
1852 1431 1920 1458 reti-

1119 1469 1218 1495 ceant,
1236 1463 1411 1491 nihilominus
1424 1464 1563 1498 conceptis
1576 1465 1667 1492 verbis
1689 1465 1783 1493 eadem
1800 1465 1915 1499 habent,

1119 1506 1180 1534 quae
1191 1499 1229 1526 illi
1245 1504 1298 1526 tres
1310 1519 1318 1531 ,
1333 1507 1435 1534 eosque
1453 1500 1608 1533 imitantur,
1620 1501 1662 1527 vel
1678 1500 1704 1527 in
1718 1503 1917 1531 sententiarum

1120 1535 1254 1569 elegantia
1268 1535 1337 1570 ,rvel
1351 1535 1377 1562 in
1393 1535 1513 1562 historiis
1528 1535 1705 1570 disponendis
1720 1536 1790 1564 inter
1800 1544 1830 1564 se
1846 1538 1917 1565 invi-

1120 1577 1191 1603 cem,
1205 1570 1248 1598 vel
1259 1569 1292 1597 ad
1306 1577 1439 1597 annorum
1451 1569 1590 1598 numerum
1605 1576 1632 1598 et
1646 1572 1738 1598 situm.
1752 1572 1871 1600 Proinde
1886 1574 1917 1600 in

272 1608 327 1643 jam
339 1604 451 1642 excusa,
477 1604 681 1641 supersedimus
694 1611 723 1643 ut
738 1606 884 1641 plurimum
899 1609 934 1636 ab
950 1608 1004 1636 illis
1017 1608 1060 1636 lri-
1079 1604 1104 1637 C
1120 1606 1161 1633 his
1173 1614 1233 1640 qua:
1245 1606 1376 1643 referant,
1390 1607 1489 1634 habent
1501 1615 1553 1633 non
1564 1607 1696 1635 minorem
1710 1610 1916 1643 auctoritatem,

274 1642 324 1671 bus
336 1646 467 1676 eitandis,
485 1649 620 1678 postrema
636 1642 687 1670 hac
704 1642 764 1670 Vat.
777 1644 917 1676 contenti,
938 1651 1000 1671 cum
1015 1645 1065 1671 ad-

272 1679 375 1707 ditioue
389 1686 476 1707 tamen
486 1680 592 1707 numeri
604 1678 745 1710 librorum,
758 1679 832 1714 utsic
840 1678 932 1706 habent
941 1686 1063 1714 quatuor,

272 1715 316 1742 vel
328 1716 439 1750 quinque
451 1736 458 1749 ,
475 1715 517 1743 vel
531 1723 587 1747 sex,
604 1714 645 1741 vel
663 1717 760 1748 septem
787 1713 871 1741 Vatia.
887 1713 970 1742 Porro
983 1716 1065 1742 variae

272 1757 310 1778 ea:
326 1749 457 1778 lectiunes
478 1755 614 1785 congestas
639 1753 667 1776 et
684 1749 838 1776 observata
851 1750 926 1778 fuere
941 1758 1024 1785 opera
1038 1755 1066 1778 et

272 1785 363 1814 labore
378 1786 486 1814 Henrici
510 1784 649 1821 Spondani
660 1805 667 1817 ,
689 1784 739 1811 viri
751 1785 849 1812 eximia
865 1786 918 1812 [ide
933 1784 1063 1813 et’erudi-

271 1821 343 1849 tione
355 1843 362 1853 ,
384 1820 537 1849 consiliarii
556 1821 621 1856 regii
635 1840 641 1852 ,
657 1825 685 1848 et
699 1820 850 1854 supplicum
870 1821 1022 1849 libellorum
1037 1823 1062 1849 in

270 1859 342 1892 regia
357 1858 492 1885 Navim-ea
505 1856 635 1891 magistri.
650 1856 674 1882 Is
691 1857 764 1883 enim
779 1864 829 1890 pro
842 1863 889 1883 sua
906 1857 932 1884 in
951 1865 1001 1884 nos
1016 1858 1063 1885 be-

270 1894 435 1927 nevolentia,
451 1893 567 1920 tidieliter
580 1899 641 1919 cum
656 1892 816 1919 contulisset
826 1892 972 1920 editionem
985 1893 1063 1920 Basi-

269 1928 388 1956 leenseiu
403 1931 466 1956 anni
483 1928 562 1960 1539,
577 1935 636 1955 cum
649 1927 702 1954 illis
719 1932 824 1961 septem
842 1927 917 1955 libris
933 1936 998 1955 mss.
1016 1936 1063 1956 ac-

269 1969 378 1991 curatas
392 1964 453 1992 illas
467 1964 671 1992 observationes
686 1963 719 1990 ad
736 1970 785 1990 nos
800 1963 881 1990 Roma
896 1963 1042 1991 transmisit
1055 1985 1063 1998 ,

269 2000 369 2034 quibus
384 2001 467 2028 etiam
478 1999 639 2035 significavit
649 1998 767 2034 quinque
781 1999 947 2035 exemplaria
964 1999 1064 2027 habere

269 2035 359 2063 omnia
386 2034 516 2071 disposita
541 2035 591 2062 sub
616 2035 700 2071 variis
721 2035 870 2071 columnis,
892 2034 987 2062 codem
1008 2034 1065 2063 fere

269 2072 366 2104 modo,
392 2069 446 2106 quo
469 2071 602 2098 habentur
624 2071 650 2096 in
670 2069 809 2104 impressis
822 2089 830 2101 ,
855 2069 919 2097 licet
932 2078 1005 2104 smpe
1019 2078 1065 2097 va-

268 2106 340 2133 rient
356 2115 362 2132 :
385 2112 413 2133 at
429 2106 479 2134 tria
492 2107 595 2140 reliqua
609 2109 748 2132 continere
763 2106 855 2132 omnia
866 2106 917 2133 sub
930 2107 1006 2133 unica
1017 2114 1065 2133 co-

267 2140 361 2168 lunina
382 2146 479 2176 printer
501 2148 647 2173 numeros,
669 2141 715 2176 qui
731 2141 757 2167 in
773 2140 887 2175 singulis
911 2142 1064 2169 columellis

268 2180 364 2203 notant
392 2178 490 2204 seriem
506 2184 638 2204 annorum
652 2183 747 2211 regum
763 2180 790 2203 et
800 2177 913 2203 aliorum
927 2185 933 2202 ί
959 2183 986 2203 ιιι
1001 2184 1061 2204 cre—

268 2211 383 2239 diderim
399 2212 443 2239 illa
465 2213 516 2239 tria
541 2219 601 2239 esse
624 2212 673 2238 hac
689 2213 715 2239 in
730 2219 759 2239 re
774 2211 873 2242 similia
888 2211 1020 2240 Oisellino
1035 2217 1063 2240 et

269 2246 410 2274 Victorino
422 2247 560 2275 codicibus
573 2247 607 2274 de
622 2247 721 2281 quibus
735 2254 827 2281 supra.

307 2281 371 2310 Veii.
394 2283 515 2310 Venetuin
528 2283 630 2310 editum
646 2283 680 2318 ab
695 2282 819 2318 Ethardo
831 2281 942 2309 Ratdolt
955 2283 1060 2318 Augus-

268 2319 348 2350 tensi,
367 2318 486 2346 Venetiis
500 2318 633 2350 amittis,
646 2317 733 2344 idibus
749 2317 930 2351 Septembris,
941 2317 1060 2346 omnium

267 2353 474 2387 iinpressoruui,
492 2361 520 2381 ut
535 2356 630 2388 opinor
643 2373 651 2385 ,
673 2353 908 2387 antiquissimum,
933 2361 994 2381 cum
1016 2361 1061 2381 ars

268 2391 460 2425 typograpliica
474 2398 527 2417 non
540 2388 655 2423 ceperit
675 2392 738 2416 ante
749 2396 794 2415 an.
814 2389 892 2425 ιιιυ.
911 2389 966 2416 Hoc
981 2389 1062 2416 habet

267 2425 444 2461 priecipunm,
460 2424 532 2459 quod
548 2425 635 2452 solum
650 2428 677 2451 et
690 2425 808 2461 unicum_
820 2424 926 2461 videtur
939 2425 1059 2452 omnium

266 2458 400 2488 editorum
413 2458 529 2496 primum
548 2461 769 2496 excusuinjuxta
781 2458 895 2495 plurima
909 2460 982 2495 (nam
998 2461 1060 2487 aliae

265 2496 399 2525 editiones
413 2495 446 2524 ad
462 2497 532 2524 illius
549 2496 633 2523 instar
653 2495 734 2522 edita:
748 2500 823 2529 sunt)
839 2501 867 2522 ut
882 2496 1000 2531 loquitur
1017 2499 1058 2531 ty-

266 2534 429 2566 pographus,
445 2532 602 2566 exemplaria
614 2531 727 2566 undique
736 2536 895 2564 comparata.
906 2530 934 2558 ln
947 2538 980 2557 eo
992 2530 1060 2558 inul-

266 2571 290 2593 ta
303 2573 366 2594 sunt
377 2572 478 2601 notata,
492 2573 521 2595 ut
531 2567 593 2594 auni
606 2568 710 2599 mundi,
727 2572 755 2594 et.
767 2575 780 2593 ιι
791 2566 910 2599 Christo,
925 2567 1060 2601 olympia-

264 2601 332 2638 des,
359 2604 445 2638 major
467 2611 529 2638 pars
545 2608 600 2630 tam
625 2602 787 2635 titulorum,
802 2603 846 2637 qui
875 2602 1060 2636 pra-ﬁciuntur

264 2637 377 2672 singulis
397 2637 530 2666 columnis
541 2659 548 2671 ,
565 2646 644 2673 quain
671 2639 789 2672 ipsoriun
803 2645 912 2672 regum,
933 2645 1060 2665 numero-

264 2680 336 2706 rum,
350 2678 378 2700 et
390 2674 483 2708 prima:
498 2674 594 2702 litterae
607 2673 738 2708 cujusque
753 2673 873 2700 historia:
895 2673 978 2700 minio
998 2674 1059 2707 piu-

263 2714 378 2743 guntnr:
405 2710 442 2736 ita
460 2716 490 2737 ut
512 2718 537 2737 in
566 2711 616 2736 hoc
638 2709 750 2744 propius
775 2709 887 2736 accedat
899 2709 932 2735 ad
945 2708 1058 2736 fortnam

262 2744 451 2779 prtcscriptam
473 2745 507 2773 ab
523 2745 698 2781 Hieronymo,
712 2752 792 2779 quam
806 2752 901 2772 omnes
925 2744 1059 2781 aliieedi-

263 2781 371 2812 tiones,
388 2785 417 2807 ut
438 2782 519 2809 etiam
542 2781 569 2808 in
590 2782 650 2807 aliis
665 2781 745 2807 rebus
756 2788 806 2808 suo
830 2781 888 2807 loco
908 2780 1056 2807 notabitur.

262 2814 444 2849 Quamobrem
472 2825 524 2843 non
550 2816 680 2843 mediocri
700 2816 750 2843 fuit
772 2816 850 2844 nobis
875 2815 1055 2850 adjumento:

262 2853 344 2878 multa
361 2853 433 2879 enim
446 2852 473 2879 in
487 2851 682 2886 posterioribus
695 2851 861 2879 editionibus
875 2851 1016 2878 immutata
1029 2851 1056 2879 in

262 2886 394 2920 deterius,
409 2892 535 2915 accurata
551 2886 609 2921 ejus
623 2887 767 2914 collatione
780 2893 808 2914 et
828 2886 1056 2921 deprehendimus

262 2925 290 2952 ct
301 2923 477 2956 restituimus.
485 2922 584 2956 Quanti
591 2922 664 2952 enim
675 2922 888 2952 sintdocumenti
901 2922 1055 2957 primmedi-

1075 2299 1102 2329 D

1118 1650 1198 1676 quam
1214 1642 1315 1676 optima
1328 1650 1441 1676 qua-que
1457 1643 1621 1677 exemplaria
1636 1652 1642 1669 :
1667 1650 1730 1670 nam
1744 1650 1837 1671 eorum
1859 1642 1919 1672 lecé

1119 1679 1156 1713 tio
1168 1677 1257 1712 arguit
1269 1677 1377 1705 codices
1389 1678 1555 1705 Eusebianos
1570 1698 1577 1709 ,
1602 1679 1700 1713 quibus
1713 1679 1754 1705 usi
1771 1685 1834 1706 sunt
1844 1700 1853 1713 ,
1877 1682 1917 1708 ita

1118 1712 1270 1751 habuisses
1280 1712 1339 1740 Non
1354 1718 1445 1751 tamen
1455 1715 1546 1751 omnia
1559 1712 1619 1751 qua:
1630 1720 1693 1751 sunt
1708 1714 1828 1748 Eusebii,
1843 1716 1916 1751 apud

1118 1749 1181 1786 illos
1196 1748 1329 1783 requiras,
1343 1757 1405 1776 eum
1422 1749 1537 1782 plurima
1551 1749 1710 1783 omiserint,
1725 1757 1775 1777 nec
1785 1748 1918 1786 idem‘ju-

1117 1784 1218 1813 dieiuin
1244 1786 1406 1811 omissoriim
1436 1793 1468 1812 ac
1496 1792 1686 1819 expresserunt
1714 1792 1775 1813 esse
1799 1784 1914 1815 debeat:

1119 1819 1220 1857 idcirco
1232 1824 1260 1846 ut
1272 1820 1340 1847 alias
1356 1820 1579 1854 prmtnoniiiinus,
1594 1820 1700 1847 intiruia
1711 1822 1841 1848 autnulla
1859 1822 1916 1857 peti

1118 1856 1217 1890 poterit
1238 1856 1385 1892 auctoritas
1404 1859 1450 1882 aut
1464 1857 1587 1892 probatio
1601 1863 1635 1883 ex
1655 1856 1688 1883 iis
1701 1863 1760 1891 quie
1776 1857 1793 1890 ii
1803 1857 1827 1885 si
1841 1856 1916 1892 pra:-

1120 1892 1280 1918 teriiiittuiit.
1298 1891 1365 1917 lliuc
1379 1892 1461 1919 etiam
1473 1891 1609 1926 colligitur
1620 1891 1703 1926 quod.
1715 1893 1817 1919 nostris
1828 1891 1917 1921 tribus

1117 1927 1295 1960 scriptoribus
1306 1927 1445 1960 castigatis
1458 1948 1465 1959 ,
1481 1927 1629 1960 supradicti
1650 1933 1793 1959 auctores,
1820 1936 1872 1955 una
1887 1934 1918 1957 et

1117 1962 1199 1989 simul
1211 1963 1402 1994 restituuntur,
1413 1963 1461 1990 sed
1474 1962 1536 1997 quia
1549 1964 1605 1989 suis
1616 1963 1698 1990 etiam
1713 1963 1784 1990 notis
1797 1965 1919 1992 nonnul-

1118 1997 1158 2036 los
1173 2005 1206 2025 ex
1220 1999 1262 2036 his
1277 1997 1436 2036 auctoribus
1445 1998 1636 2033 distinximus,
1656 2005 1703 2026 eas
1721 2003 1750 2026 ut
1764 1998 1914 2036 intelligas,

1117 2033 1176 2060 haec
1192 2033 1367 2068 subjecimtis.

1152 2068 1245 2096 Alber.
1272 2068 1540 2097 indicatClironicon
1555 2069 1652 2095 Alberti
1666 2069 1772 2097 abbatis
1796 2070 1918 2100 Staden-

1116 2103 1153 2131 sis
1166 2125 1173 2136 ,
1188 2105 1234 2132 ubi
1251 2105 1377 2139 pleraque
1389 2105 1422 2131 ad
1439 2105 1551 2132 verbum
1563 2112 1595 2132 ex
1611 2105 1698 2132 tribus
1710 2106 1812 2134 nOs-tris
1826 2107 1918 2135 Chro-

1117 2139 1183 2166 nicis
1194 2145 1259 2167 sunt
1273 2140 1435 2174 transcripta
1447 2149 1454 2167 ι
1470 2140 1562 2168 ﬂoruit
1573 2140 1646 2167 circa
1657 2148 1702 2168 an.
1715 2140 1814 2169 Christi
1830 2142 1913 2171 1240.

1151 2174 1373 2213 AdtChronicon
1393 2176 1503 2213 Adonis,
1521 2176 1683 2213 Viennensis
1697 2177 1892 2213 archiepiscOpi
1904 2200 1912 2210 .

1116 2210 1229 2238 Eusebii
1244 2217 1271 2238 et
1286 2212 1454 2246 Hieronymi,
1470 2212 1589 2239 ﬂosculis
1615 2210 1799 2241 illustratumi
1819 2210 1916 2242 ﬂoruit

1116 2246 1187 2272 circa
1200 2254 1245 2273 an.
1260 2246 1360 2274 Christi
1374 2247 1438 2274 879.

1150 2281 1252 2319 Anton.
1268 2282 1447 2319 llistorialent
1456 2290 1590 2310 summam
1601 2283 1737 2317 Antonini,
1750 2284 1795 2319 qui
1810 2284 1861 2311 fuit
1871 2292 1916 2313 ar-

1114 2316 1305 2354 chiepiscopus
1329 2317 1502 2345 Florentinus
1515 2339 1523 2352 ,
1538 2321 1638 2354 quippe
1662 2316 1769 2347 videtur
1779 2321 1805 2347 in
1823 2320 1914 2348 Eusa-

1113 2352 1187 2391 bium
1204 2353 1289 2391 veluti
1305 2354 1515 2391 commentarios-
1526 2352 1663 2391 edidisse,
1679 2355 1791 2391 ejusque
1806 2360 1912 2384 textum

1114 2388 1219 2424 profert
1229 2388 1263 2415 ad
1279 2389 1391 2415 verbum
1405 2389 1552 2424 aliquando
1567 2391 1619 2418 sub
1635 2388 1863 2418 nomine‘lt‘usebti
1884 2393 1914 2419 in

1113 2423 1436 2461 Chronicis,»aliquando
1458 2425 1509 2452 sub
1529 2425 1685 2461 Hieronymi
1704 2427 1730 2453 in
1752 2426 1912 2460 Chronicis,

1112 2459 1254 2496 etiaui_ttbi
1268 2459 1301 2486 de
1315 2459 1452 2496 Chronico
1465 2461 1522 2495 ipso
1544 2459 1700 2489 Eusebiano
1723 2462 1826 2496 agitur:
1855 2459 1913 2489 ali;

1114 2494 1222 2531 quando
1238 2502 1302 2531 vero
1311 2495 1418 2522 sublato
1429 2494 1569 2531 utriusque
1583 2504 1706 2524 nomine:
1718 2494 1751 2524 In
1763 2497 1913 2531 Chrmu'cis,

1114 2530 1217 2566 inquit,
1236 2530 1346 2563 dicitur,
1364 2531 1422 2558 haec
1437 2530 1532 2558 nostra
1552 2533 1716 2566 Signilicans.
1734 2533 1818 2561 Porro
1834 2530 1914 2561 mett-

1113 2565 1181 2603 doso
1205 2573 1269 2603 usus
1293 2566 1400 2594 videtur
1414 2566 1562 2603 exemplari
1573 2565 1588 2599 ,ί
1607 2573 1663 2595 tuin
1679 2567 1751 2603 quod
1772 2576 1859 2596 annos
1876 2568 1912 2596 ab

1113 2601 1178 2628 orbe
1189 2602 1300 2628 condito
1313 2607 1448 2638 numeret,
1458 2601 1607 2630 secundum
1621 2601 1728 2630 Eusebii
1740 2603 1911 2638 Cltrouicon,

1112 2644 1183 2674 quos
1191 2641 1296 2674 certum
1308 2637 1341 2674 ab
1351 2637 1468 2665 Eusebio
1479 2638 1689 2672 prmteriiiissos,
1702 2643 1758 2666 tuin
1769 2639 1840 2674 quod
1853 2641 1912 2667 dis-

1113 2671 1230 2698 similem
1245 2672 1391 2700 admodum
1405 2671 1653 2701 enuuierandortim
1667 2671 1802 2702 annoruin
1822 2677 1910 2702 ratio-

1113 2715 1175 2744 nem
1187 2709 1368 2743 persequitur,
1381 2709 1465 2736 menti
1478 2709 1585 2736 Eusebii
1600 2711 1763 2744 oppositam,
1777 2714 1806 2738 ut
1816 2718 1850 2738 ex
1862 2717 1912 2738 co-

1112 2742 1219 2770 dicibus
1234 2742 1292 2771 sive
1305 2751 1370 2771 mss.
1386 2744 1444 2771 sive
1466 2745 1539 2771 cusis
1556 2742 1684 2772 constare
1701 2750 1805 2779 potest,
1832 2751 1860 2773 et
1875 2754 1911 2774 ex

1110 2785 1164 2806 uno
1179 2783 1225 2805 aut
1242 2779 1329 2807 altero
1350 2780 1478 2816 exemplo
1503 2780 1625 2814 liquebit.
1649 2780 1695 2808 Ait
1721 2782 1794 2808 enim
1806 2779 1912 2816 Cyrum

1109 2820 1202 2842 orsum
1218 2821 1333 2849 regnare
1357 2815 1434 2850 juxta
1457 2814 1604 2842 Eusebium
1631 2823 1677 2843 an.
1693 2816 1727 2843 ab
1741 2817 1807 2843 orbe
1822 2814 1908 2849 2404,

1108 2857 1170 2877 cum
1196 2851 1345 2886 secundum
1378 2850 1527 2878 Eusebium
1555 2851 1622 2886 lapsi
1648 2851 1703 2878 sint
1725 2851 1807 2879 M340.
1834 2852 1911 2881 idem

1108 2886 1201 2913 videre
1223 2885 1287 2923 licet
1315 2887 1341 2913 in
1369 2885 1630 2923 Catiibyse,__cujus
1656 2887 1730 2923 regni
1760 2888 1910 2922 primordia

1108 2920 1248 2951 constituit
1279 2921 1422 2950 secundum
1448 2920 1592 2951 Eutebium'
1621 2930 1666 2951 an.
1688 2920 1786 2952 'munitt'
1812 2924 1910 2959 5454,
