4136 6434
329 346 434 404 777

1251 346 1362 403 AR.
1406 343 1699 405 PONTACI
1736 342 2281 405 CASTIGA’I‘IONES
2320 345 2408 403 ET
2445 344 2676 403 NOTE.

3491 342 3596 401 7⁸18

400 462 545 531 (125,
577 458 661 531 ιι.)
688 457 1087 532 Thurintachus.
1131 461 1188 515 ln
1210 460 1302 527 V.,
1329 462 1488 529 Reg,
1526 459 1912 532 Τυναηιαενιιακ
1942 464 1989 521 Λ
2018 467 2124 532 tem
2156 460 2419 532 Alexand.
2444 476 2566 531 pag.
2602 461 2729 525 797,
2752 457 2905 528 cujus
2927 457 3123 532 vicegin
3165 458 3425 532 intp_rcss._
3450 457 3598 529 lege-

321 535 379 589 in
412 535 518 596 Vi.,
547 535 634 597 0.,
666 532 825 593 Fux.,
862 531 1241 597 Thurimacus;
1271 534 1321 587 in
1346 534 1467 599 Fa.,
1502 531 1858 586 Tltirimachus
1891 547 1911 597 ,'

320 606 377 660 in
412 606 543 661 Ven.
573 616 626 661 et
648 606 772 660 Lut.
800 649 814 673 ,
847 602 1181 658 Tiramachus
1212 619 1231 668 ,°
1276 605 1326 658 in
1366 605 1463 659 L0.
1492 646 1509 671 ,
1546 603 1909 674 Turamagus;

318 678 464 748 apud
506 677 790 748 Augustin.
828 676 921 730 lib.
956 692 1085 730 xvm
1122 677 1187 748 de
1215 674 1374 730 Civit.
1415 691 1539 742 cap.
1573 676 1608 730 5
1639 675 1914 748 ενΤΙιωοὶα-

318 745 469 815 citus,
494 745 645 819 quem
670 747 901 819 quidam,
929 748 1120 817 inquit,
1142 745 1552 819 Thurimachum
1576 747 1833 819 scribunt;
1856 747 1911 801 in

317 836 483 891 quem
508 818 687 875 locum
712 818 874 874 Vives
899 860 914 885 ,
947 819 1085 890 apud
1110 818 1412 891 Eusebium,
1444 818 1910 891 inquit,_Tirama-

316 889 448 947 chus
481 909 501 957 ;
531 903 575 945 et
609 892 683 945 sic
711 892 764 943 in
802 889 1007 961 antiquo
1032 890 1205 944 codice
1236 889 1493 961 Brugensi
1522 907 1539 950 :
1584 889 1656 961 nil
1688 890 1907 943 dubium

314 966 447 1031 quin
482 963 760 1020 mendose.
795 973 852 1014 nt
879 960 982 1017 alia
1005 962 1271 1031 permulta
1298 979 1310 1011 :
1335 960 1477 1017 Otho
1505 960 1734 1032 Frisiug.
1764 961 1861 1015 lib.
1891 977 1908 1015 ι

315 1051 439 1105 eap.
484 1036 572 1103 11,
632 1033 883 1105 Turichus
917 1049 1009 1088 seu
1061 1033 1422 1087 Turimachus.
1456 1033 1656 1088 Verum
1688 1049 1794 1087 non
1825 1042 1912 1087 est

314 1104 563 1171 dubium,
580 1106 707 1176 quin
723 1104 1100 1159 Thurimachus
1122 1106 1301 1174 potius
1322 1105 1561 1161 retinere
1577 1105 1904 1169 debeamus;

312 1180 397 1234 sic
427 1180 570 1235 enim
594 1176 764 1245 major
790 1192 912 1244 pars
938 1177 1348 1247 exemplarium,
1379 1176 1609 1233 Vinceu.
1633 1186 1689 1231 et
1709 1176 1912 1231 Pausa-

316 1251 560 1326 nias
597 1266 633 1304 ll
662 1248 1011 1326 Θοιιριιέαχόςί.

394 1324 413 1391 (
448 1323 582 1386 125,
640 1336 717 1375 ιιι.
749 1318 776 1389 )’
817 1318 1140 1392 Principium
1188 1318 1385 1387 iubiltei
1430 1319 1619 1392 45110
1657 1318 1908 1392 ompibus

324 1389 489 1451 editis
507 1392 782 1464 legebatur
796 1389 1052 1464 mendQSe
1071 1394 1139 1448 15
1147 1392 1390 1464 jubilazi‘:
1408 1392 1501 1445 sed
1524 1390 1649 1464 licet
1669 1393 1718 1445 in
1738 1389 1903 1464 Fax"

327 1469 419 1530 A.,
456 1466 540 1534 L.,
568 1462 676 1528 Pi.,
702 1464 791 1526 0.,
820 1463 929 1530 Vi.,
959 1462 1311 1533 Peta.,'nu|la
1341 1462 1434 1517 ﬁat
1456 1462 1908 1532 mentiojubilaei:

326 1548 507 1595 tamen
536 1552 600 1591 ex
628 1537 664 1591 4
693 1535 963 1599 Valican.,
992 1534 1112 1599 Lo.,
1142 1534 1263 1599 Fa.,
1296 1534 1637 1589 restituimus
1660 1538 1800 1589 hunc
1828 1539 1909 1596 lo-

323 1626 449 1665 cum
474 1650 488 1671 ,
518 1609 643 1663 licet
663 1608 775 1662 sint
801 1607 953 1662 valde
992 1617 1266 1677 suspecta,
1295 1615 1355 1661 ut
1378 1604 1489 1676 jam
1519 1605 1756 1662 diximus
1782 1623 1904 1666 cum

324 1682 397 1737 de
422 1682 486 1735 41
511 1679 729 1749 1ιὼἱίωο
756 1693 1057 1749 ageremus.

397 1747 578 1822 (Ibid.)
620 1747 958 1805 Hebrteorum
1008 1748 1173 1805 Jacob
1208 1750 1368 1822 rﬁlius
1413 1747 1603 1816 Isaac,
1633 1760 1739 1806 etc.
1793 1754 1906 1808 An-

320 1821 408 1879 tea
436 1841 536 1879 vox
562 1821 565 1822 ⁷
588 1822 926 1877 Hebrworum
956 1821 1416 1877 intercludebatur
1443 1823 1549 1875 hoc
1580 1831 1769 1892 pacto.
1803 1823 1900 1879 Ja-

305 1896 398 1949 cob
429 1894 763 1949 Hebrazorunt
794 1894 932 1963 ﬁlius
961 1892 1135 1959 Isaac,
1163 1902 1294 1958 etc.,
1318 1910 1439 1963 qua:
1467 1909 1573 1963 quo
1610 1896 1838 1952 consilio
1864 1913 1894 1953 a

305 1968 467 2021 nobis
495 1966 816 2035 transposita
843 1966 931 2032 sit,
963 1967 1006 2019 si
1032 1965 1173 2021 scire
1196 1964 1352 2025 velis.
1382 1966 1676 2033 repetenda
1710 1980 1888 2036 erunt,

304 2054 430 2108 qure
463 2037 583 2094 fuse
610 2038 662 2091 in
690 2037 1058 2107 superioribus
1086 2036 1231 2091 notis
1258 2037 1609 2108 tractavimus
1639 2056 1651 2087 :
1682 2039 1771 2092 ubi
1800 2040 1897 2095 do-

303 2107 522 2165 cuimus
548 2153 563 2177 ,
605 2124 727 2163 cum
776 2108 916 2164 tituli
950 2110 1024 2163 illi
1056 2110 1397 2181 Assyriorum
1420 2149 1435 2173 ,
1475 2107 1850 2180 Sicyoniorum
1878 2153 1895 2180 ,

308 2181 662 2237 Rebrzeorum
705 2190 763 2236 et
816 2181 867 2236 id
890 2196 1062 2250 genus
1107 2180 1351 2248 centuse,
1405 2189 1460 2235 et
1516 2195 1613 2248 pro
1668 2182 1897 2239 arbitrio

312 2253 767 2324 typographorum
794 2297 808 2317 ,
851 2252 1337 2324 autilibrariorum
1385 2262 1788 2324 apponerentur
1840 2255 1896 2311 in

312 2323 563 2379 contextu
604 2325 808 2391 absque
851 2323 1012 2378 dubio
1049 2334 1142 2379 aut
1191 2323 1554 2378 restituendos
1598 2325 1893 2382 secundum

310 2406 545 2451 veterem
570 2396 808 2451 auctoris
840 2396 1178 2460 methodum,
1217 2396 1359 2463 quod
1389 2393 1476 2449 vix
1518 2397 1765 2467 praestari
1798 2413 1894 2467 po-

307 2476 436 2530 test,
491 2480 712 2538 propter
738 2467 1123 2524 .dillicultatem
1168 2467 1454 2538 colorum;
1503 2477 1595 2521 aut
1629 2466 1895 2525 delendos

302 2540 558 2605 omnino,
591 2537 683 2594 aut
707 2540 1111 2609 prtemittendos
1143 2556 1154 2589 :
1182 2538 1309 2593 licet
1338 2537 1482 2592 enim
1515 2538 1617 2592 ista
1650 2555 1756 2593 non
1789 2542 1897 2596 sint

302 2611 483 2666 aliena
505 2610 572 2665 ab
610 2610 861 2679 Eusebio,
897 2621 1101 2665 certum
1134 2620 1312 2665 tamen
1340 2610 1500 2665 aliam
1531 2611 1694 2666 tuisse
1724 2610 1895 2680 ipsius

304 2683 623 2737 methodum
652 2699 667 2745 ;
690 2684 763 2737 ita
787 2692 845 2737 ut
874 2698 994 2736 cum
1024 2696 1261 2737 canones
1286 2696 1632 2735 numerorum
1675 2697 1770 2737 seu
1798 2698 1896 2738 an-

304 2770 499 2808 norum
539 2770 722 2825 regum
751 2753 992 2822 separari
1019 2753 1460 2825 describerentur
1484 2794 1500 2819 ,
1524 2753 1644 2825 solo
1676 2754 1895 2811 nomine

303 2827 473 2896 regis,
496 2842 525 2879 a
556 2841 664 2895 quo
692 2838 833 2881 nonae
861 2826 963 2880 illa:
989 2824 1298 2880 numerales
1322 2824 1807 2895 progrediebantur
1837 2828 1891 2881 in

306 2897 416 2951 illis
453 2899 724 2967 apposito,
755 2908 809 2952 ct
838 2906 1022 2952 essent
1058 2897 1297 2951 distincti
1328 2898 1395 2950 ab
1442 2896 1534 2949 illo
1581 2897 1788 2965 spatio,
1837 2898 1892 2954 in

308 2969 452 3038 quod
479 2970 665 3024 omnia
694 2970 1143 3039 congerebantur,
1190 2984 1308 3036 qua:
1343 2968 1621 3022 historiam
1645 2970 1893 3025 contine-

310 3038 458 3111 bant,
484 3042 551 3094 ad
579 3038 1001 3095 commodiorem
1026 3039 1459 3111 intelligentiam,
1484 3048 1659 3111 etquo
1678 3040 1892 3111 quidvis

306 3109 516 3165 facilius
537 3111 959 3181 distingueretur
986 3114 1038 3166 in
1067 3111 1158 3166 illo
1187 3109 1388 3180 spatio,
1420 3109 1710 3178 appellatio
1740 3112 1891 3181 regni

304 3185 551 3254 anteibat
572 3199 764 3238 nomen
785 3184 948 3254 regis,
974 3195 1353 3254 autpcrsonze,
1380 3182 1678 3254 cujusanni
1706 3199 1891 3240 nurne-

305 3252 571 3308 rabantur
602 3270 617 3307 :
645 3264 701 3308 ut
728 3254 830 3310 hoc
856 3252 997 3313 loco.
1028 3252 1369 3309 Hebrazorum
1394 3252 1577 3317 Iacob,
1606 3264 1709 3310 etc.
1738 3299 1752 3324 ,
1785 3256 1891 3321 vel,

307 3336 369 3398 ut
398 3325 452 3378 in
485 3324 568 3379 Vi.
593 3368 606 3387 ,
633 3326 696 3380 Ο.
719 3368 734 3391 ,
778 3327 919 3398 apud
962 3325 1234 3390 Hebraeos,
1275 3327 1368 3379 illa
1403 3342 1509 3380 vox
1548 3324 1891 3381 Hebraeorum

307 3394 572 3452 innuebat
599 3398 770 3464 primo
797 3394 1011 3467 quoque
1041 3399 1149 3452 ictu
1170 3399 1332 3459 oculi,
1356 3397 1422 3452 ad
1448 3411 1607 3467 quem
1627 3414 1892 3455 canonem

306 3483 407 3522 seu
458 3470 652 3524 seriem
711 3485 922 3535 regum,
980 3469 1072 3524 illa
1101 3468 1329 3523 historia
1397 3472 1716 3524 referretur.
1773 3471 1892 3525 Jam

307 3554 438 3594 vero
468 3556 589 3595 cum
626 3548 732 3594 tam
775 3540 894 3595 haec
922 3557 1082 3611 quam
1112 3540 1312 3609 qumvis
1341 3540 1447 3595 alia
1481 3540 1702 3595 historia
1735 3555 1891 3596 suum

314 3625 571 3666 canonem
593 3612 857 3677 obtineat,
882 3624 933 3666 et
956 3629 1022 3668 ex
1054 3612 1159 3666 situ
1181 3622 1234 3666 et
1262 3614 1420 3668 titulo
1447 3611 1710 3681 cujusque
1730 3629 1896 3667 cano-

314 3681 398 3736 nis
422 3684 599 3738 statim
626 3684 997 3755 dignoscatur,
1026 3685 1090 3739 ad
1113 3683 1257 3754 quod
1284 3699 1505 3753 regnum
1520 3682 1634 3738 sive
1653 3687 1896 3755 Assyrio-

310 3768 447 3819 rum,
486 3755 599 3809 sive
658 3754 1030 3819 Hebrworum,
1074 3759 1188 3810 sive
1228 3756 1455 3810 aliorum
1496 3796 1512 3819 ,
1554 3754 1895 3827 unaquaeque

309 3828 600 3897 pertineat,
637 3827 816 3881 inanis
866 3838 949 3882 est
995 3828 1088 3882 illa
1133 3827 1382 3896 repetitio
1436 3826 1608 3897 regni,
1662 3826 1895 3881 maxime

308 3894 442 3950 dum
465 3897 633 3967 agitur
659 3898 729 3953 de
755 3898 1020 3963 Hebraeis,
1049 3896 1144 3953 sed
1168 3894 1400 3961 inanior,
1426 3898 1470 3952 si
1496 3894 1891 3966 interponatur,

306 3983 438 4022 cum
475 3984 691 4023 sensum
738 3970 1037 4040 perturbet.
1084 3973 1157 4025 De
1197 3969 1466 4026 similibus
1508 3969 1651 4024 idem
1692 3970 1894 4026 dictum

306 4049 461 4112 puta.
484 4055 552 4095 ne
577 4049 753 4112 actum
784 4056 945 4111 agere
972 4056 1253 4112 cogamur.

387 4111 598 4185 ([bid.)_
616 4111 768 4167 Isaac
811 4110 971 4177 usque
1027 4110 1107 4185 ad;
1124 4113 1479 4185 principatum
1524 4110 1892 4185 ﬁlii_Joseph.

304 4182 370 4239 In
398 4182 525 4247 Pi.,
552 4182 721 4238 Isaac
764 4201 921 4255 usque
968 4186 1035 4255 ad
1074 4182 1312 4252 Ioseph;
1360 4184 1472 4251 Vi.,
1511 4186 1602 4249 0.,
1634 4182 1897 4239 Isaac'cui

306 4265 635 4380 patritotatur
664 4254 927 4327 usquead
956 4254 1154 4329 Ioseph
1189 4256 1289 4325 ;in
1328 4256 1448 4312 aliis
1491 4266 1551 4312 ut
1590 4267 1799 4327 prostat
1841 4257 1895 4312 in

306 4342 343 4380 c
385 4337 495 4379 itis.

306 4337 495 4381 Cdllls.

385 4397 540 4470 (125,
567 4398 651 4470 v.)
677 4397 895 4472 Initium
922 4400 1066 4472 regni
1094 4400 1419 4471 Argivorum.
1458 4400 1517 4455 In
1550 4400 1655 4464 Pi.,
1681 4398 1898 4454 Initium

308 4468 658 4545 Argivorum;
680 4472 733 4526 in
762 4468 1263 4545 Fux.,_Argivor}ttit
1294 4473 1601 4544 principium
1630 4489 1651 4545 ,f
1681 4485 1898 4527 utrum-

308 4556 429 4667 ἓυεέ
450 4542 605 4597 deest
631 4546 683 4598 in
714 4545 887 4613 Peta.,
920 4542 1046 4611 Fa.,
1068 4543 1190 4613 Lo.,
1209 4542 1314 4610 Pi.,
1340 4542 1467 4611 5a.,
1485 4556 1540 4599 et
1568 4544 1742 4600 tribus
1763 4560 1894 4599 mss.

363 4628 389 4665 a
436 4653 451 4667 .

363 4628 451 4667 80.

392 4683 576 4758 (lbid.)
609 4684 709 4741 His
736 4688 1050 4757 temporibus
1074 4691 1271 4757 primus
1293 4686 1433 4755 apud
1446 4686 1632 4758 Argos,
1662 4696 1768 4743 etc.
1795 4686 1903 4742 Ad-

311 4755 565 4828 didimus
610 4774 796 4813 vocem
840 4755 1039 4828 primus
1069 4755 1137 4815 ex
1180 4768 1215 4815 4
1254 4759 1454 4826 Vatic.,
1502 4755 1608 4825 Vi.,
1655 4760 1743 4828 0.,
1797 4759 1903 4824 Pi.,

313 4826 476 4902 hiatu,
502 4829 678 4893 Peta.,
696 4826 859 4897 Fuxf,
880 4833 1073 4901 quibus
1087 4832 1337 4902 congruit
1356 4831 1498 4899 quod
1514 4831 1714 4886 Euseb.
1732 4826 1845 4886 'lih.
1868 4846 1903 4885 x

315 4898 389 4971 de
404 4900 831 4971 Przeparat.cap.
864 4898 919 4971 5,
952 4903 1027 4957 ait
1059 4898 1314 4957 Inachum
1332 4898 1566 4970 primum
1594 4918 1775 4971 regem
1800 4902 1905 4957 Ar-

314 4970 588 5040 givorum.
620 4981 675 5027 et
698 4970 866 5029 fuisse
890 4987 1140 5044 tempore
1165 4975 1336 5045 quinti
1373 4973 1512 5044 regis
1534 4970 1902 5043 Assyriorum,

313 5050 516 5125 etpost
535 5045 746 5101 initium
766 5047 915 5115 regni
940 5044 1332 5110 Semiramidis,
1354 5055 1408 5099 et
1428 5060 1570 5101 anno
1594 5045 1696 5101 150
1718 5045 1786 5101 ab
1805 5044 1905 5100 illo

314 5124 499 5169 llllllo.

394 5186 606 5258 (lbid.)
638 5186 837 5243 Vocant
877 5196 925 5243 et
967 5188 1162 5243 colunt.
1201 5187 1398 5243 Vocant
1435 5198 1481 5242 et
1528 5186 1905 5244 desiderantur

317 5255 377 5309 in
406 5255 619 5330 'L.,_A.',
651 5260 737 5321 P..
776 5261 872 5329 M.,
908 5260 1017 5326 Vi.,
1045 5259 1136 5325 0.,
1168 5261 1344 5327 Peta.,
1371 5260 1479 5327 Pi.,
1508 5270 1565 5316 et
1598 5260 1739 5330 apud
1768 5260 1901 5315 Mar.

318 5341 388 5381 ac
408 5328 613 5402 Bedam
640 5331 709 5386 de
740 5328 1039 5402 temporum
1070 5333 1303 5388 ratione.

396 5399 615 5473 (lbid.)
670 5399 974 5473 Bosphorus
1020 5415 1369 5473 nuncupatur.
1439 5402 1531 5459 Sic
1580 5404 1699 5459 sine
1742 5402 1907 5457 dubio

320 5472 690 5543 restituendus
718 5472 837 5530 erat
861 5476 948 5529 hic
972 5476 1120 5530 locus
1138 5472 1203 5530 ex
1222 5480 1313 5543 A.,
1336 5475 1425 5541 L.,
1449 5475 1547 5540 M.,
1579 5474 1705 5540 Lo.,
1736 5474 1907 5542 Fux.,

320 5540 551 5617 Ii.,gVi.,
599 5545 688 5615 0.,
743 5546 851 5609 Pi.,
896 5548 1012 5614 Sa.,
1058 5556 1265 5617 septem
1301 5540 1429 5604 Vat.
1474 5556 1529 5605 et
1569 5548 1740 5603 tribus
1776 5540 1907 5601 mss.

328 5611 490 5688 ljabq
514 5611 684 5688 (Mar.
718 5629 773 5673 et
820 5611 1135 5688 Epiphanio
1164 5620 1319 5674 initio
1368 5617 1605 5683 Panarii,
1636 5627 1694 5673 et
1725 5629 1910 5674 nostro

327 5684 561 5760 [Eusebio
582 5690 727 5744 circa
747 5684 945 5744 annum
968 5688 1094 5755 488,
1114 5701 1275 5760 atque
1302 5690 1590 5745 Plutarcho
1610 5690 1663 5744 in
1691 5690 1907 5757 Pomp.,

326 5755 663 5833 Apollodoro
701 5760 794 5816 lib.
837 5776 898 5827 ιι,
936 5771 991 5816 et
1031 5763 1152 5817 aliis
1178 5755 1612 5833 quamplurimis,
1640 5778 1761 5817 cum
1793 5755 1911 5832 qui-

326 5824 431 5881 bus
453 5833 711 5888 convenit
739 5824 896 5905 vetus
928 5847 1030 5886 ms.
1085 5824 1427 5889 biblimhecte
1454 5824 1675 5905 Reginae
1696 5824 1906 5901 matris,

330 5905 395 5953 ut
420 5905 583 5960 etiam
613 5904 809 5960 asserit
832 5905 1060 5960 Ducaaus
1090 5908 1143 5961 in
1171 5904 1630 5965 Collectaueisad
1654 5905 1908 5979 Clemen-

664 6000 946 6065 PATROL.
995 5998 1265 6066 XXVII.

2016 530 2174 585 batur
2198 529 2612 602 Bosphorontvus
2644 538 3012 600 nuncupatur;
3043 530 3099 602 in,
3129 531 3239 602 AL,
3265 529 3595 601 Bosphoreus

2012 601 2345 675 nuncupatur
2369 620 2387 668 ;
2415 604 2467 657 in
2497 604 2655 665 Fux.,
2690 603 2785 658 Fa.
2806 646 2820 667 ,
2866 604 3042 669 Peta.,
3068 601 3368 669 Bosphorus
3394 619 3595 675 nuncu-

2012 686 2203 799 Κίλικες
2241 676 2338 729 nisi
2367 676 2509 757 quod
2541 677 2593 729 in
2623 675 2905 744 posteriori
2936 690 3030 744 per
3058 676 3086 744 Γ
3114 689 3208 757 pro
3239 675 3307 757 pit
3337 674 3592 744 pingitur.

2060 763 2143 799 am
2172 746 2343 799 fabula
2372 748 2534 799 tradit
2564 746 2748 799 Ionem
2782 756 3041 799 mutatam
3073 745 3239 799 fuisse
3272 762 3321 799 in
3346 760 3590 799 vaccam.

2060 763 2143 800 am
2172 746 2343 801 fabula
2372 748 2534 801 tradit
2564 746 2748 801 Ionem
2782 756 3041 800 mutatam
3073 745 3239 801 fuisse
3272 747 3321 800 in
3346 760 3590 810 vaccam,

2012 829 2063 871 et
2100 828 2345 874 tranasse
2384 818 2505 872 illas
2532 816 2805 887 angustias
2831 818 2998 872 maris
3027 816 3264 882 Thracii,
3292 832 3415 885 quae
3444 818 3593 873 circa

2012 888 2312 944 Bizantium
2344 899 2597 958 separant
2639 889 2821 942 Asiam
2848 889 2917 943 ab
2946 887 3197 958 Europa;
3224 890 3365 942 unde
3396 889 3596 943 fretum

2010 960 2141 1038 illud
2184 959 2838 1038 Bosphorus_appel_latur,
2882 958 3432 1038 Bo'arropo;_._Aliunde
3459 975 3595 1038 vero

2013 1030 2238 1101 legimus
2283 1030 2312 1086 a
2358 1032 2708 1091 ﬁlio‘lnachi.
2741 1033 2825 1086 cui
2873 1030 3066 1086 nomen
3120 1031 3463 1097 Phoronwus,
3497 1031 3598 1086 llu-

2010 1106 2154 1158 vium
2205 1104 2404 1159 dictum
2452 1102 2803 1157 Phoromeum
2846 1120 2863 1153 :
2911 1104 3099 1158 horum
3148 1104 3293 1159 enim
3346 1104 3597 1159 meminit

2010 1173 2241 1246 Pansan.
2271 1176 2365 1231 lib.
2393 1192 2454 1242 ιι,
2480 1176 2569 1230 ubi
2596 1175 2783 1240 refert,
2812 1174 3162 1229 Pltoromeum
3190 1176 3408 1246 [luvium
3434 1176 3597 1246 fuisse

1975 1304 1980 1310 _
2009 1246 2063 1300 in
2081 1245 2458 1313 Peloponneso,
2487 1248 2571 1301 cui
2595 1259 2739 1317 pater
2766 1246 2793 1298 1
2802 1247 3015 1308 nacltus.
3041 1263 3252 1317 eumque
3278 1245 3595 1318 fuissearbi-

2010 1328 2148 1372 trum
2189 1335 2305 1372 cum
2343 1318 2564 1388 Cephise
2613 1320 2881 1374 Asterione
2921 1327 2971 1371 et
3020 1318 3217 1373 Inacho
3252 1318 3422 1389 ﬂuviis
3464 1319 3598 1372 inter

2010 1389 2316 1462 Neptunum
2363 1400 2410 1444 et
2447 1390 2705 1443 lunonem
2749 1390 2811 1443 de
2847 1391 3055 1462 regione
3096 1391 3466 1462 disceptantes,
3506 1391 3597 1460 qui

2007 1447 2125 1515 cum
2140 1478 2250 1515 eam
2261 1461 2293 1514 J
2302 1462 2460 1515 unoni
2472 1464 2538 1515 ad
2532 1465 2561 1532 j
2568 1462 2881 1525 udicasscnt,
2897 1447 3171 1532 Neptunus
3186 1447 3288 1515 iliis
3310 1447 3470 1514 iratus
3487 1447 3598 1515 oin-

2009 1549 2123 1585 nem
2159 1550 2344 1603 aquam
2375 1534 2589 1599 ademit,
2618 1534 2689 1586 ita
2716 1543 2771 1586 ut
2795 1549 2970 1587 omnes
3002 1533 3090 1586 isti
3118 1534 3261 1597 ﬂuvii
3290 1549 3479 1603 aquam
3509 1549 3597 1587 ac-

2008 1605 2134 1657 colis
2167 1621 2268 1658 non
2312 1606 2700 1674 suppeditarent
2725 1648 2739 1671 ,
2786 1605 2885 1658 nisi
2925 1603 3171 1676 imbribus
3210 1605 3414 1676 adjuti_:
3454 1605 3597 1659 unde

2010 1687 2273 1743 apparent
2296 1673 2578 1731 manifesta
2608 1676 2802 1732 menda
2831 1678 2883 1729 in
2906 1675 3004 1731 Lo.
3024 1675 3121 1730 ubi
3150 1673 3344 1743 legit—ur
3366 1673 3596 1730 Inachus

2008 1746 2149 1816 ﬁlius
2182 1763 2278 1814 pro
2302 1746 2530 1802 Inachus
2553 1748 2762 1817 ﬂuvius.
2795 1746 2935 1815 Quid
2966 1748 3109 1802 enim
3140 1746 3258 1802 hmc
3286 1747 3351 1799 ad
3382 1747 3598 1800 musas?

2079 1820 2349 1890 (127,1v.)
2373 1816 2609 1887 Sirapin.
2643 1818 2890 1887 Sarapin,
2922 1818 3018 1883 L.;
3042 1816 3277 1887 Serapis,
3304 1819 3406 1883 Pi.;
3431 1819 3597 1873 Sera-

2002 1890 2128 1960 pim,
2158 1891 2264 1955 Vi.,
2299 1894 2396 1955 0.;
2442 1890 2706 1956 Sarapin,
2742 1891 2929 1954 Peta.;
2973 1891 3237 1961 Sorapyn,
3282 1891 3459 1955 Fux.;
3506 1905 3593 1944 ve-

2000 1977 2118 2016 rum
2153 1963 2228 2016 nit
2258 1962 2651 2017 innovandum.
2682 1963 2848 2026 Nam,
2884 1961 3106 2017 testibus
3138 1961 3371 2017 Eusebio
3398 1962 3490 2015 lib.
3524 1977 3596 2016 xx

1999 2034 2069 2088 de
2094 2035 2388 2104 Praeparat.
2420 2050 2542 2102 cap.
2578 2036 2640 2101 5,
2690 2045 2743 2089 et
2774 2037 2998 2104 August.
3042 2034 3138 2089 lib.
3172 2049 3300 2089 xvm
3331 2034 3399 2104 dc
3431 2034 3591 2088 Civit‘.

1999 2120 2120 2175 cap.
2164 2103 2229 2169 5,
2279 2122 2373 2161 rex
2416 2105 2509 2174 qui
2540 2106 2666 2160 dum
2704 2103 2913 2160 viveret
2957 2105 3239 2160 dicebatur
3274 2103 3428 2173 Apis,
3472 2114 3593 2173 post

2000 2187 2231 2232 mortem
2255 2179 2431 2245 primo
2458 2176 2699 2243 Sorapis,
2725 2188 2817 2231 aut
2845 2176 3120 2243 Soroapis.
3145 2176 3344 2231 deinde
3371 2192 3471 2230 una
3503 2178 3591 2230 lit-

1999 2255 2133 2315 tera,
2168 2259 2227 2303 ut
2257 2249 2370 2304 ﬁeri
2401 2249 2633 2316 assolet,
2665 2258 3020 2316 commutata,
3055 2248 3277 2315 Sarapis
3310 2263 3403 2301 seu
3429 2247 3588 2302 Sera-

1998 2320 2099 2391 pis,
2142 2337 2264 2375 nam
2310 2331 2593 2390 utrumque
2639 2320 2781 2390 apud
2824 2320 3141 2374 Pausaniam
3174 2332 3241 2391 (et
3263 2320 3420 2384 alios,
3465 2318 3595 2373 licet

2000 2389 2133 2445 illud
2164 2392 2363 2461 saepius
2385 2408 2411 2443 a
2444 2389 2684 2459 Latinis,
2709 2392 2813 2447 hoc
2838 2407 2869 2446 a
2895 2391 3125 2459 Graecis,
3154 2389 3329 2445 dictus
3346 2398 3449 2452 est,
3482 2406 3591 2445 non

1998 2463 2100 2520 ἀπὸ
2126 2472 2218 2521 τοῦ
2246 2471 2411 2541 σερεῖν
2435 2464 2578 2541 quod
2606 2464 2747 2541 idem
2782 2472 2968 2541 estad
2988 2462 3245 2541 mundum
3288 2462 3592 2541 gubernare

1998 2548 2096 2589 seu
2120 2533 2337 2600 ornare,
2370 2546 2427 2589 ut
2452 2537 2581 2590 olim
2601 2535 2815 2589 volebat
2839 2534 3191 2605 Phylarcbus,
3222 2543 3357 2589 teste
3378 2533 3593 2605 Plutar-

1996 2605 2119 2683 cho,
2166 2623 2343 2678 neque
2395 2622 2424 2683 a
2460 2614 2605 2683 crgpst
2633 2604 3147 2683 voceﬁzﬁgyptiaca,
3173 2620 3333 2683 quam
3373 2604 3591 2659 Plutar-

1997 2680 2133 2749 chus
2163 2676 2351 2749 optisc.
2384 2679 2451 2733 de
2496 2676 2638 2733 l'side
2675 2688 2727 2732 et
2757 2676 2913 2733 Osiri
2949 2677 3062 2731 vult
3105 2676 3411 2749 signiﬁcare
3454 2692 3593 2747 gau-

1996 2747 2143 2804 dium
2176 2747 2231 2805 e't
2264 2750 2539 2825 _l.etitiain.
2569 2750 2876 2825 nequeam}
2895 2756 2985 2825 τεῦ
3014 2755 3211 2825 appoti.
3238 2748 3287 2825 id
3326 2760 3411 2802 est
3428 2764 3587 2825 arca,

1996 2834 2093 2875 seu
2125 2822 2399 2890 sepulcro,
2426 2830 2485 2875 ut
2514 2818 2707 2876 volunt
2734 2820 2899 2886 Varo,
2934 2818 3148 2881 Suida's,
3170 2818 3395 2874 Ruﬁnus
3428 2819 3522 2873 lib.
3550 2836 3589 2874 ιι

1996 2905 2115 2962 cap.
2166 2895 2258 2959 25,
2291 2894 2544 2947 Clemens
2584 2891 2882 2948 Alexandr.
2916 2892 3009 2945 lib.
3042 2906 3059 2944 ι
3102 2892 3385 2962 Stromat.,
3415 2902 3470 2944 et
3494 2891 3589 2947 alii

1994 2961 2194 3035 Graeci,
2217 2964 2313 3020 sed
2337 2979 2459 3018 meo
2478 2964 2685 3033 judicio
2712 2965 2779 3017 ab
2796 2963 2920 3035 Apis
2947 2971 2995 3035 et
3016 2970 3150 3026 -πιιυ,
3183 2961 3308 3027 Sor,
3339 2976 3458 3035 qua:
3483 2978 3589 3016 vox

1996 3034 2243 3106 Hebraeis
2291 3037 2483 3090 bovem
2533 3034 2927 3106 signiﬁcabat
2964 3034 3195 3106 Serapis
3226 3034 3479 3106 sitidem
3525 3050 3592 3090 ac

1993 3104 2093 3160 bos
2122 3106 2285 3177 Apis;
2336 3122 2498 3162 nemo
2529 3104 2672 3162 enim
2718 3106 2894 3162 nescit
2937 3105 3229 3177 Egyptios
3277 3104 3481 3159 aluisse
3532 3106 3586 3159 in

1997 3189 2151 3248 septo
2185 3179 2417 3246 quodam
2460 3176 2654 3234 bovem
2674 3222 2689 3243 ,
2722 3193 2981 3244 eumque,
3024 3176 3082 3231 ut
3112 3177 3347 3245 loquitur
3376 3178 3591 3248 Augus-

1922 3238 1969 3303 C
2001 3238 2170 3313 titius,
2203 3238 2410 3305 deliciis
2435 3238 2770 3320 afﬂuentibus
2789 3251 2844 3303 in
2867 3238 3116 3303 honorem
3137 3238 3272 3319 regis
3294 3248 3419 3317 Apis
3440 3238 3590 3302 v'ene-

1996 3321 2285 3385 rabantur;
2308 3333 2359 3375 et
2387 3330 2447 3375 ut
2476 3322 2805 3386 Macrobius,
2854 3321 2948 3375 lib.
2980 3335 2998 3375 ι
3031 3320 3304 3374 Saturnal.
3339 3333 3464 3389 cap.
3496 3321 3588 3385 15,
3617 3361 3621 3367 .

1998 3394 2143 3447 cultu
2173 3393 2410 3447 attonita:
2432 3394 2798 3458 venerationis;
2822 3402 2988 3462 prout
3010 3393 3173 3446 etiam
3204 3391 3443 3462 indicant
3470 3390 3586 3445 Ru-

2000 3465 2145 3519 tinus
2178 3465 2271 3520 lib.
2304 3480 2341 3519 ιι
2365 3479 2486 3534 cap.
2512 3464 2605 3532 22,
2638 3460 2847 3519 Plinius
2872 3464 2969 3518 lib.
3010 3478 3108 3518 vut
3130 3477 3252 3529 cap.
3274 3463 3365 3528 46,
3393 3460 3589 3519 Cicero

1998 3536 2071 3591 lib
2101 3535 2206 3591 tde
2233 3535 2354 3590 Nat.
2385 3538 2571 3603 Deor.,
2605 3537 2799 3591 Strabo
2822 3535 2917 3589 lib.
2954 3551 3089 3595 xvu,
3114 3534 3435 3602 Pausanias,
3462 3534 3587 3589 Sui-

1997 3607 2114 3673 das,
2152 3608 2479 3667 Herodotus.
2518 3608 2813 3672 Diodorus,
2846 3606 3172 3660 Plutarchus
3194 3646 3209 3670 ,
3240 3605 3409 3669 Mela,
3444 3604 3587 3660 Soli-

1998 3695 2120 3743 nus,
2154 3678 2399 3745 Rufinus,
2430 3677 2700 3734 IElianus.
2747 3679 2854 3735 Sed
2881 3677 3007 3745 quis
3036 3693 3141 3731 non
3174 3676 3459 3731 veterum?
3483 3692 3585 3733 nec

1997 3749 2220 3805 dubium
2242 3751 2374 3817 quin
2399 3751 2466 3804 ad
2488 3751 2843 3805 imitationem
2872 3750 3018 3803 illius
3040 3747 3371 3819 Egyptiacre
3393 3764 3585 3819 super-

1998 3820 2235 3877 stitionis
2258 3837 2352 3876 seu
2371 3822 2715 3889 idololatriae,
2747 3831 2960 3877 veteres
2981 3819 3488 3874 Hebrteicontlarint
3505 3821 3585 3875 vi-

2000 3894 2167 3947 tulum
2192 3909 2439 3959 aureum,
2469 3894 2637 3947 Exod.
2669 3909 2840 3956 xxxn,
2866 3900 2924 3945 nt
2945 3891 3103 3945 docet
3124 3890 3378 3946 Clemens
3404 3891 3499 3946 lib.
3529 3908 3584 3947 vr

1998 3964 2288 4019 Constitut.
2321 3980 2440 4025 can.
2472 3964 2543 4020 20
2564 4008 2578 4033 ,
2611 3973 2667 4020 et
2696 3964 3006 4020 Lactantius
3041 3963 3134 4017 lib.
3165 3977 3216 4016 tv
3246 3977 3364 4032 cap.
3401 3962 3488 4023 10,
3527 3975 3589 4017 et

2000 4035 2321 4091 llieroboam
2349 4036 2418 4091 111
2453 4037 2583 4106 Reg.
2625 4053 2721 4099 xu.
2750 4036 2955 4095 vitulos
2986 4042 3077 4089 aut
3113 4035 3310 4106 vitulas
3350 4042 3412 4106 ut
3435 4033 3583 4090 LXX

1997 4117 2236 4173 vertunt,
2266 4116 2324 4162 et
2361 4105 2583 4178 Joseph.
2632 4108 2726 4164 lib.
2775 4123 2867 4162 VIII
2917 4105 3180 4176 Antiquit.
3218 4121 3337 4175 cap.
3384 4105 3437 4178 5.
3479 4107 3583 4171 Qui

2000 4180 2154 4248 plura
2180 4181 2308 4235 velit
2336 4183 2478 4236 scire
2497 4177 2573 4234 ide
2597 4178 2880 4250 Serapide,
2914 4179 3031 4249 ejus
3058 4178 3259 4247 templo
3283 4189 3334 4233 et
3360 4177 3582 4250 simula-

1998 4266 2123 4319 cro,
2173 4261 2229 4306 et
2268 4251 2411 4307 unde
2445 4251 2651 4319 dictus,
2680 4248 2863 4307 videat
2892 4248 3266 4306 ductissimum
3305 4258 3361 4304 et
3399 4248 3585 4318 piissi-

1999 4339 2146 4378 mum
2181 4323 2470 4378 Baronium
2501 4333 2634 4378 tom.
2665 4323 2729 4378 IV
2757 4323 2953 4377 Annal.
2987 4338 3107 4391 pag.
3142 4321 3246 4376 610
3275 4332 3330 4375 et
3351 4335 3505 4391 seqq.

2074 4395 2225 4467 (1‘27,
2256 4395 2336 4467 v.)
2369 4394 2448 4450 De
2475 4396 2782 4467 Argivorum
2811 4411 2969 4467 regno
2989 4389 3080 4447 ita
3112 4392 3360 4467 loquitur,
3393 4389 3585 4467 C_onse-

1999 4462 2210 4537 quenter
2255 4462 2655 4538 persequemur,
2702 4462 3255 4538 regesfSicirestitni
3305 4479 3378 4538 ex
3416 4462 3579 4538 vein,

2000 4535 2148 4607 Lut.,
2196 4535 2287 4604 A.,
2335 4538 2421 4601 L.,
2465 4540 2560 4605 M.,
2613 4538 2695 4598 δ..
2746 4535 2836 4605 0.,
2881 4538 2970 4607 p.,
3011 4537 3134 4600 Lo.,
3179 4536 3285 4601 Vi.,
3324 4535 3429 4601 Pi.,
3462 4536 3581 4606 8a.,

1925 4578 2576 4689 DFZEX.,_‘irii;:"tfa¥f,
2863 4578 2970 4679 pri;
2996 4578 3391 4679 trevdrgivoi'um
3415 4578 3585 4689 ’regnd

2006 4683 2141 4752 quod
2173 4682 2401 4753 loquitur
2443 4691 2801 4753 consequenter
2830 4697 3186 4750 persequemur
3210 4696 3351 4753 reges
3373 4689 3482 4753 ,_ut
3526 4682 3583 4733 in

2009 4750 2335 4809 editionibus
2382 4752 2553 4807 Basil.
2604 4750 2662 4808 et
2703 4753 2895 4809 Sonni.
2948 4753 3098 4807 Hanc
3147 4750 3586 4805 emendationem

2007 4828 2296 4880 contirmat
2321 4824 2388 4881 G.
2421 4825 2614 4879 Loaisa
2644 4824 2911 4893 Hispanus
2939 4824 2991 4877 in
3018 4822 3269 4878 Chronic.
3297 4819 3486 4874 Isidori
3513 4837 3583 4876 ex

2008 4898 2181 4952 veteri
2210 4913 2311 4951 ms.
2332 4916 2343 4949 :
2363 4896 2504 4950 unde
2517 4898 2685 4950 miror
2710 4911 2811 4964 qua
2827 4895 3049 4948 audacia
3073 4893 3587 4964 posteriorestypo-

2006 4968 2196 5037 graplti
2227 4976 2503 5023 mutarunt
2528 4962 2765 5022 veterem
2802 4962 3125 5029 lectionem,
3169 4974 3230 5018 ut
3268 4962 3584 5019 mendosam

2009 5041 2148 5094 hanc
2177 5046 2532 5106 esponerent,
2562 5039 2705 5108 quod
2734 5053 2839 5092 non
2871 5038 3342 5108 semeloccurret.

2080 5110 2268 5183 (Ibid.)
2305 5106 2707 5183 Regesgargivi.
2744 5108 2911 5183 Reges
2936 5107 3237 5183 Argivorum
3265 5108 3381 5183 duo
3407 5106 3586 5183 _Vat.;

2007 5177 2152 5255 reges
2178 5177 2326 5255 Ar'gi,
2350 5177 2439 5246 0.,
2463 5177 2667 5249 Α.,’1λ.,
2692 5177 2959 5255 Lo;,'_M.,
2987 5179 3074 5246 P.,
3122 5177 3232 5244 Vi.,
3265 5177 3374 5245 Pi.,
3407 5177 3586 5246 Peta.,

2010 5252 2179 5315 Fux.,
2206 5252 2339 5309 Mar.
2373 5263 2426 5306 et
2456 5264 2565 5317 tres
2599 5268 2729 5308 mss.
2761 5252 2894 5308 Fab.

2081 5325 2265 5396 (Ibid)
2283 5325 2549 5396 Crotltopi.
2574 5324 2631 5396 ιιι
2655 5327 2744 5388 Α.,
2768 5322 3050 5396 Crotuplti;
3072 5318 3591 5396 in_Fux.,_Cro_t0phi;

2011 5397 2065 5451 in
2092 5392 2196 5466 'V.,
2224 5398 2319 5453 Fa.
2353 5406 2407 5452 et
2437 5392 2533 5463 ρι,
2576 5394 2821 5468 Crotepi;
2850 5392 3063 5468 inLo.,
3096 5393 3363 5468 Crotophi.
3404 5392 3593 5468 Lectio

2012 5469 2129 5524 sine
2170 5472 2363 5540 spiritu
2407 5476 2491 5523 est
2529 5466 2748 5540 recepta
2784 5483 2813 5522 a
2849 5467 3111 5540 Pausania
3150 5467 3186 5520 Ι.
3216 5483 3230 5520 ι
3261 5474 3317 5521 et
3348 5480 3406 5540 th
3439 5476 3495 5540 et
3524 5466 3593 5519 ab

2013 5536 2235 5598 auctore
2272 5542 2365 5596 lib.
2391 5555 2425 5594 x
2454 5540 2521 5593 de
2552 5536 2848 5608 Praeparat.
2888 5554 3009 5606 cap.
3041 5538 3096 5605 5,
3144 5540 3233 5592 ubi
3269 5553 3331 5590 ex
3365 5536 3595 5592 Tatiano

2012 5622 2266 5668 numerat
2284 5626 2440 5681 reges
2460 5610 2809 5681 Argivorum,
2842 5611 2983 5685 apud
3014 5626 3145 5685 quos
3172 5609 3448 5685 Κροτωπὸς
3474 5618 3596 5685 :_ta-

2012 5700 2136 5739 men
2163 5679 2485 5754 retitiuimtts
2514 5679 2787 5754 vulgatam
2810 5679 3011 5754 ex'tide
3037 5679 3266 5737 aliorum
3287 5679 3593 5749 exemplar.

2014 5756 2151 5813 Hinc
2170 5758 2382 5825 corrige
2410 5753 2636 5810 Marian.
2669 5755 2758 5811 ubi
2786 5753 3059 5825 CrocOplti.

2085 5830 2266 5900 (129,
2317 5821 2412 5897 ἶ.)
2475 5826 2831 5900 Armamitres.
2906 5821 2981 5900 Ita
3053 5825 3335 5900 legendum
3400 5821 3589 5900 dogue-

2012 5893 2141 5960 runt
2199 5893 2400 5972 prima!
2429 5898 2696 5960 editiones
2747 5898 2908 5970 Ven.,
2952 5895 3076 5953 Lut.
3112 5893 3187 6052 Et
3228 5896 3416 5956 ultima
3462 5893 3584 5967 80.,

3072 5992 3111 6052 2

3072 5992 3111 6053 2
