4136 6424
525 372 632 433 799

1204 377 1299 432 AD
1335 373 1729 434 CHRONICON
1770 373 2679 438 EUSEBIO-HIERONYMIANUM
2717 376 3100 438 APPENDIX.

3711 377 3823 438 800

520 488 934 562 drigaminverjt
954 487 1192 562 Lo..ised
1215 490 1364 562 prior
1387 490 1548 562 lectio
1577 499 1662 546 est
1683 489 1910 546 aliorum
1931 504 2113 547 exem-
2139 491 2194 553 Δ
2215 493 2308 562 qui
2351 502 2437 548 est
2477 493 2546 550 ab
2592 493 2861 549 Abraham
2915 509 3091 550 annus
3140 491 3266 548 552.
3295 491 3404 553 Nos
3431 493 3575 550 circa
3603 502 3818 550 sextum

519 561 773 630 plurium.
796 573 851 616 et
869 561 1184 616 Tertulliani
1204 563 1298 617 lib.
1317 561 1386 616 de
1413 561 1747 630 Spectacul.,
1777 561 2109 619 Comestoris

520 648 588 689 es
613 632 869 698 Eusebio,
900 642 955 688 et
985 632 1193 703 Virgilii
1223 648 1283 688 ιιι
1315 633 1565 705 Georgio.
1596 653 1610 689 :

647 791 840 854 Primus
856 790 1205 842 Erichthonius
1226 802 1420 850 currus,
1445 797 1498 840 et
1514 795 1743 854 quattuor
1761 802 1908 840 ausus

645 853 871 918 Jungere
896 866 1070 917 equos,
1096 854 1397 917 rapidusque
1425 853 1547 904 rotis
1571 854 1804 905 insistere
1831 855 2003 904 victor.

522 981 731 1052 Quibus
759 981 1016 1037 convenit
1045 981 1256 1038 Plinius
1287 982 1380 1037 lib.
1409 998 1515 1049 vn,
1554 996 1673 1050 cap.
1709 980 1798 1036 56.
1826 980 1940 1036 llac
1959 980 2028 1035 de
2054 996 2114 1037 re

521 1054 646 1111 vide
683 1069 866 1122 supra.
914 1052 1033 1108 Jam
1063 1069 1191 1109 vero
1223 1053 1338 1109 hrec
1367 1053 1680 1108 reduximus
1728 1053 1792 1106 ad
1825 1069 1914 1107 an.
1941 1052 1976 1105 4
2011 1052 2114 1107 Da-

524 1127 644 1191 nai,
677 1126 849 1180 secuti
889 1125 1011 1190 Lo.,
1044 1124 1164 1190 Fa.,
1215 1126 1389 1190 Peta.,
1425 1125 1582 1190 Fux.,
1614 1124 1695 1178 Pi.
1745 1124 1877 1178 Nam
1907 1126 2030 1179 lieet
2061 1125 2114 1180 in

522 1197 696 1253 tribus
729 1198 1121 1266 posterioribus
1161 1197 1231 1252 sit
1269 1198 1368 1252 sub
1395 1195 1646 1252 columna
1678 1197 2114 1261 Atheniensium,

525 1268 688 1337 idque
714 1269 781 1322 ad
806 1284 1004 1324 annum
1030 1269 1096 1322 17
1121 1268 1480 1333 Erichthonii,
1514 1267 1866 1322 nihilominus
1894 1282 2014 1321 eum
2045 1270 2118 1322 si-

525 1341 640 1395 mul
691 1351 1024 1396 concurrant
1068 1355 1243 1396 annus
1275 1341 1342 1394 17
1374 1339 1734 1404 Erichtlioiiii,
1763 1349 1818 1394 et
1846 1339 1879 1393 4
1915 1339 2114 1406 Danai;

563 1419 784 1466 raaterea
815 1426 936 1467 cum
967 1413 1212 1468 columna
1248 1411 1688 1472 Atheniensium,
1714 1411 1780 1464 ad
1811 1426 1969 1480 quam
1995 1411 2119 1480 jure

567 1499 644 1538 aee
672 1483 1031 1550 pertinebant,
1073 1484 1226 1552 plura
1256 1483 1344 1538 hic
1373 1498 1480 1538 non
1520 1493 1760 1551 caperet,
1798 1481 1862 1535 ad
1894 1483 2121 1552 vicinio-

524 1570 641 1609 rem
673 1554 772 1609 fuit
815 1551 1224 1610 recurrendum.
1258 1555 1465 1610 Rursus
1495 1553 1743 1625 quamvis
1785 1555 1837 1608 in
1867 1551 1956 1613 0..
2004 1553 2118 1620 VL,

525 1626 779 1682 columna
803 1628 1044 1696 dignosci
1073 1635 1328 1696 nequeat,
1361 1628 1541 1680 omnia
1569 1628 1622 1680 in
1667 1642 1830 1680 unum
1862 1637 2119 1693 congesta

528 1713 652 1752 cum
685 1699 814 1768 sint,
864 1707 1208 1769 opponuntur
1260 1709 1409 1753 certe
1447 1713 1589 1752 anno
1638 1698 1704 1752 15
1757 1697 2121 1766 Erichthonii,

530 1771 621 1838 qui
652 1769 844 1824 ultimo
873 1771 1080 1826 Steueli
1112 1770 1422 1837 respondet.

587 1840 1180 1926 (i?§,v1.j()ritltgia.ln
1193 1840 1548 1926 0..,Y'i..Ven.
1560 1839 2116 1926 ,Lut.,Fa.',Vincen.,

535 1891 1284 1982 o;.-;i.;.;,"e'.",..gs'i’.'.;Ean
1314 1891 1759 1978 senatus;
1784 1891 1960 1965 2.13.5.7
1976 1891 2116 1980 se}:
2149 1891 2197 1952 Β

533 1985 717 2050 linale,
749 1986 867 2040 sine
896 2003 928 2056 y
959 2003 972 2038 :
1004 1986 1292 2054 aliquando
1323 2002 1420 2054 per
1447 1993 1588 2056 y._ut
1614 1982 1756 2056 apud
1785 1982 1987 2037 Justin.
2020 1985 2115 2038 lib.

530 2071 598 2122 x;
631 2056 684 2110 in
714 2054 1161 2112 tribus'Vaticau.
1197 2054 1459 2110 Orintltia.
1486 2054 1796 2110 Consultius
1829 2065 2009 2109 tamen
2044 2056 2118 2109 vi-

531 2141 652 2182 sum
675 2141 759 2183 est
779 2129 1052 2197 antiquam
1083 2127 1522 2197 orthographiam
1554 2129 1793 2182 retinere
1821 2141 1944 2180 cum
1971 2137 2120 2181 utro-

533 2213 638 2268 que
658 2216 690 2270 ῃ
720 2201 848 2265 eti,
874 2211 983 2254 tum
1023 2202 1148 2269 quia
1180 2201 1251 2254 ita
1280 2207 1387 2253 tam
1414 2200 1596 2253 caeteri
1619 2197 1779 2270 pediti,
1813 2213 1974 2266 quam
2007 2199 2121 2270 chi-

534 2269 807 2338 rographi,
844 2281 953 2325 tum
981 2273 1106 2341 quia
1133 2272 1211 2324 sic
1236 2281 1414 2326 exstat
1440 2271 1578 2341 apud
1609 2269 1873 2340 Stephau.
1917 2270 1986 2325 de
2013 2269 2120 2326 Ur-

534 2335 716 2409 bibus,
741 2342 952 2398 Cicero.
997 2335 1090 2397 ιιι).
1132 2359 1190 2398 ιιι
1220 2335 1727 2411 Τιιςιιιιι.,Ῥιιυεδιιζ
1774 2341 1869 2394 lib.
1898 2356 1938 2406 ι,
1969 2345 2122 2398 Stra-

534 2413 667 2490 bon.
709 2415 804 2490 lib_.
822 2430 907 2490 vn
932 2415 1178 2490 ‘0pt6y_Za,
1201 2416 1389 2490 _0ros._
1414 2416 1528 2490 lib._
1535 2429 1549 2467 ι
1572 2417 1634 2490 et
1664 2415 2117 2490 alios‘quamplu-

535 2483 741 2539 rimos:
773 2486 926 2540 Plato
968 2483 1018 2540 iii
1052 2486 1236 2541 Plized.
1266 2486 1456 2539 scribit
1489 2484 1732 2555 Oritliya,
1782 2484 1940 2539 Ovid.
1992 2487 2116 2541 libr.

521 2570 591 2610 ,γι
643 2557 1044 2626 Metamorph.,
1103 2558 1423 2627 Apollodnr.
1488 2557 1581 2611 lib.
1644 2572 1738 2619 ιιι,
1800 2556 2120 2625 Apollonius

532 2628 776 2694 ejusdem
817 2630 1145 2685 Scholiastes
1175 2631 1225 2683 in
1254 2645 1270 2684 ι
1303 2633 1604 2698 Argnnaut.
1640 2627 1772 2682 Nam
1823 2627 2120 2698 diphthon-

535 2713 637 2768 gus
660 2698 970 2757 Gnecorum
998 2724 1053 2757 υι
1083 2702 1402 2767 exprimitur
1431 2717 1458 2754 a
1492 2699 1692 2770 Latinis
1717 2715 1861 2770 pery
1891 2700 2006 2755 eti.

610 2771 794 2844 (lbid.)
838 2771 1402 2844 orithyiarErechthei,
1432 2772 1520 2841 qui
1532 2780 1588 2844 et
1617 2769 1985 2844 Erichthonius
2014 2773 2125 2827 dic-

535 2842 628 2915 tus
658 2855 752 2915 est,
775 2842 825 2899 ‘a
861 2842 1032 2899 Borea
1060 2843 1259 2900 Thrace
1277 2846 1513 2915 rapitur:
1529 2842 1641 2898 Non
1671 2843 1858 2899 dubito
1879 2857 2000 2915 esse
2030 2846 2123 2901 de-

532 2914 717 2981 lenda,
740 2913 894 2986 quod
921 2917 1101 2974 absint
1134 2916 1200 2970 ab
1235 2915 1321 2981 1...,
1353 2917 1438 2982 P.,
1466 2913 1564 2982 M.,
1598 2915 1714 2976 Lo..
1745 2915 1850 2978 Pi.,
1885 2914 1972 2980 0.,
2010 2916 2118 2984 γι,

537 2985 695 3049 an.,
728 2985 908 3060 Peta.,
942 2989 1180 3060 quinque
1207 2988 1376 3056 Vati.,
1408 2997 1464 3042 et
1507 2987 1652 3060 quod
1701 2986 1948 3060 legantur
1975 2988 2122 3044 circa

535 3072 735 3130 annum
767 3059 893 3116 608.
935 3057 1138 3117 Tamen
1173 3061 1293 3127 quia
1323 3068 1539 3114 exstant
1589 3059 1642 3112 in
1672 3057 1795 3112 aliis
1839 3058 2121 3130 chirogra-

542 3127 664 3197 phis
685 3138 741 3186 et
767 3133 835 3186 ad
862 3147 1012 3186 oram
1044 3133 1160 3187 Vat.
1197 3143 1252 3188 et
1273 3131 1369 3186 Fa.
1401 3131 1468 3185 ad
1497 3146 1698 3185 annum
1729 3132 1791 3185 11
1837 3127 2124 3187 Erichtho-

535 3199 634 3273 nii,
660 3201 787 3258 licet
812 3204 862 3256 in
896 3205 1180 3273 posteriori
1209 3218 1372 3270 supra
1423 3203 1688 3271 scriptum
1730 3202 1801 3256 sit
1825 3202 1878 3254 in
1907 3203 2013 3256 alio
2038 3221 2126 3258 co-

2215 564 2382 620 Josue
2412 565 2799 634 disposuimus,
2845 567 2969 635 quia
3010 566 3104 622 ille
3152 579 3328 620 annus
3371 566 3650 622 concurrit
3697 580 3826 622 cum

2215 637 2668 708 quinquagesimo
2699 638 2875 705 primo
2902 653 3047 693 anno
3090 637 3162 690 ab
3191 637 3485 692 Abraham.
3524 639 3742 692 Etenim
3771 638 3821 693 si

2214 707 2427 766 initium
2457 707 2860 777 quadragesimi
2906 709 3063 778 primi
3093 708 3298 773 jubilaei
3330 709 3478 779 (nam
3511 710 3661 764 illius
3686 711 3825 765 situs

2216 780 2430 836 videtur
2460 780 2878 853 fundamentum
2910 789 2966 836 et
3012 779 3149 836 ordo
3173 779 3523 853 cancrorum)
3553 781 3743 835 incidit
3770 783 3825 836 in

2217 865 2419 906 annum
2448 853 2509 906 51
2543 850 2840 916 Abraham,
2886 861 2944 906 ut
2985 853 3236 922 superius
3273 850 3727 915 demonstratum,
3772 863 3830 907 et

2217 922 2288 978 50
2309 923 2589 992 jubilteum
2623 924 2676 977 in
2702 939 2900 979 annum
2933 923 3058 988 501,
3091 923 3262 979 immo
3305 925 3467 979 etiam
3499 939 3680 979 annus
3709 922 3817 978 855

2217 995 2514 1050 secundum
2547 994 2865 1061 Eusebium,
2897 1006 2952 1050 et
2976 995 3270 1051 secundum
3303 995 3563 1050 Hebraeos
3591 1011 3828 1051 concur-

2219 1065 2292 1120 rit
2320 1081 2442 1121 cum
2465 1083 2608 1120 anno
2635 1079 2807 1135 capue
2849 1067 3063 1136 Trojze;
3092 1081 3222 1136 ergo
3255 1067 3578 1136 principium
3615 1067 3827 1136 jubiltei

2219 1137 2649 1207 quinquagesimi
2680 1138 2732 1191 in
2765 1137 2893 1194 551.
2932 1138 3044 1193 Hoc
3063 1139 3267 1192 certius
3291 1149 3394 1203 est,
3419 1153 3582 1208 quam
3613 1149 3672 1192 ut
3695 1153 3828 1207 pro-

2219 1209 2336 1265 bari
2363 1209 2579 1265 debeat.
2612 1209 2935 1264 Econtrario
2965 1210 3009 1264 si
3047 1210 3398 1265 constitueris
3443 1211 3564 1278 ejus
3607 1210 3823 1265 initium

2219 1281 2285 1335 ad
2311 1296 2508 1336 annum
2552 1284 2576 1334 1
2607 1280 2795 1340 Josue.
2841 1290 3122 1349 oporteret
3151 1280 3361 1336 initium
3398 1280 3460 1336 41
3507 1281 3716 1349 jubilaei
3743 1283 3829 1336 in-

2219 1351 2418 1407 cidisse
2443 1353 2496 1406 in
2523 1367 2722 1406 annum
2769 1351 2841 1407 46
2882 1353 3198 1409 Abraham:
3246 1361 3303 1407 ut
3339 1355 3504 1406 etiam
3533 1354 3580 1407 si
3611 1353 3822 1408 initium

2221 1423 2285 1478 81
2320 1423 2523 1491 jubilaai
2554 1423 2827 1478 concurrit
2860 1439 2982 1478 cum
3029 1425 3093 1480 51
3138 1439 3282 1478 anno
3325 1421 3550 1490 Christi,
3597 1440 3826 1480 necesse

2221 1507 2306 1550 est
2333 1496 2394 1550 51
2428 1493 2707 1562 jubilzeum
2735 1494 2981 1550 incidere
3011 1497 3063 1550 in
3097 1496 3330 1564 primum
3375 1494 3562 1551 Josue.
3608 1495 3714 1552 Nec
3741 1506 3829 1550 ta-

2222 1581 2346 1621 men
2375 1566 2723 1631 adversabor,
2760 1567 2891 1636 quin
2937 1568 3120 1636 aliquo
3171 1567 3336 1622 modo
3387 1566 3604 1622 defendi
3661 1575 3825 1634 queat

2223 1639 2361 1692 situs
2388 1635 2773 1706 hujusjubilaai
2801 1638 2868 1692 ad
2905 1653 2995 1693 an.
3026 1635 3043 1692 ι
3070 1639 3268 1704 Iosue;
3301 1639 3416 1692 lieri
3460 1639 3606 1693 enim
3642 1647 3827 1706 potest

2222 1719 2282 1764 ut
2312 1710 2388 1763 illi
2420 1719 2636 1764 veteres
2658 1709 2870 1764 llebraai
2899 1709 3054 1764 aliter
3074 1725 3237 1779 quam
3277 1710 3538 1766 Eusebius
3562 1712 3834 1766 termina—

2223 1783 2334 1836 riut
2364 1795 2460 1835 seu
2509 1779 2740 1836 dimensi
2789 1779 2996 1835 fuerint
3043 1797 3218 1836 annos
3259 1781 3573 1845 Abrahami,
3630 1781 3828 1842 lsaaci,

2224 1851 2432 1913 Jacobi,
2466 1850 2712 1920 Josephi,
2741 1860 2798 1907 et
2825 1852 3108 1908 servitutis
3149 1853 3310 1907 Mosis
3341 1871 3355 1906 :
3389 1867 3458 1908 ex
3485 1853 3690 1920 quibus
3739 1853 3831 1907 ille

2221 1923 2472 1978 subducit
2495 1939 2759 1994 summam
2778 1922 2883 1978 545
2910 1938 3081 1994 usque
3110 1925 3177 1978 ad
3207 1925 3440 1993 primum
3463 1923 3657 1978 Josue.
3679 1923 3828 1978 [dem

2221 1995 2512 2049 dicendum
2550 1993 2618 2049 de
2639 1995 2797 2049 annis
2823 1996 3021 2049 ducum
3051 2010 3146 2050 seu
3186 1995 3426 2060 judicum
3457 2011 3488 2050 a
3521 1995 3694 2052 Josue
3739 2011 3830 2049 us-

2221 2082 2327 2132 que
2355 2067 2422 2120 ad
2452 2065 2822 2135 supradictum
2849 2081 3050 2121 annum
3091 2067 3198 2122 855
3225 2085 3236 2122 :
3268 2067 3347 2120 sic
3380 2075 3564 2131 tamen
3615 2077 3668 2120 ut
3709 2075 3818 2120 tan-

2222 2137 2344 2193 dem
2396 2139 2540 2192 circa
2593 2136 2741 2191 illum
2795 2151 2994 2192 annum
3047 2138 3258 2194 Hebraei
3307 2139 3665 2194 convenirent
3703 2154 3823 2193 cum

2220 2218 2479 2279 computo
2509 2207 2848 2275 Graecorum,
2881 2220 2936 2264 et
2983 2209 3320 2264 Latinorum.
3356 2210 3508 2264 Adde
3559 2209 3705 2279 quod
3745 2209 3830 2262 di-

2223 2279 2512 2336 versaerit
2555 2281 2692 2334 ratio
2721 2283 2846 2334 anni
2891 2280 3267 2346 Hebrzeorum,
3301 2280 3370 2335 ab
3419 2296 3565 2343 anno
3593 2279 3835 2338 aliarum

2222 2355 2500 2424 gentium;
2531 2351 2676 2406 sicut
2717 2361 3004 2408 notantes
3047 2352 3309 2408 Africano
3358 2352 3737 2424 Hieronymus
3779 2352 3837 2405 in

2223 2422 2435 2478 Daniel.
2487 2438 2564 2486 ιιι,
2591 2432 2646 2478 et
2692 2433 2817 2477 ante
2841 2439 2967 2478 eum
3027 2424 3294 2479 Eusebius
3326 2424 3423 2480 lib.
3474 2422 3576 2478 vni
3610 2424 3680 2478 de
3725 2423 3843 2478 De-

2223 2504 2423 2549 monst.
2464 2508 2584 2562 cap.
2635 2495 2698 2557 ‘2,
2743 2493 2868 2549 dum
2901 2495 3052 2550 aiunt
3089 2494 3200 2550 175
3239 2510 3412 2551 annos
3450 2494 3745 2560 Romanos,
3783 2503 3848 2549 et

2223 2567 2434 2622 snlares
2461 2564 2641 2620 facere
2670 2580 2842 2620 annos
2869 2566 3166 2622 Hebraicos
3203 2566 3332 2622 490.
3377 2567 3471 2620 His
3501 2579 3678 2621 tamen
3711 2581 3845 2620 om-

2223 2638 2382 2692 nibus
2411 2637 2724 2706 superiores
2756 2639 2993 2692 rationes
3023 2639 3261 2707 potiores
3294 2640 3426 2693 visaa
3465 2647 3609 2693 sunt.

2295 2709 2447 2780 (197,
2475 2708 2575 2776 1v.)
2615 2707 2820 2781 Busiris
2839 2707 3105 2781 Neptuni.
3136 2708 3234 2764 Rei
3266 2725 3373 2765 non
3403 2720 3571 2764 certa:
3593 2711 3846 2763 incertus

2223 2781 2382 2843 situs,
2416 2781 2551 2834 Nam
2581 2781 2634 2835 in
2685 2779 2790 2848 Pi.,
2834 2779 3049 2845 L.,'Fa.
3099 2791 3153 2834 et
3196 2784 3296 2837 Lo.
3343 2781 3755 2838 constituuntur
3788 2784 3841 2833 in

2225 2854 2368 2908 serie
2395 2851 2817 2922 Egyptiorum:
2862 2853 2936 2907 ita
2967 2862 3152 2908 tamen
3185 2860 3244 2906 ut
3269 2851 3324 2907 in
3358 2853 3465 2919 Pi.,
3509 2851 3596 2918 L.,
3630 2850 3747 2916 VL,
3772 2849 3840 2908 0.

2225 2925 2338 2979 sint
2365 2926 2433 2978 ad
2463 2939 2662 2978 annum
2696 2923 2764 2978 12
2804 2923 3130 2988 Remesses;
3176 2924 3229 2979 in
3274 2923 3372 2979 Fa.
3407 2924 3476 2979 ad
3507 2938 3712 2977 annum
3744 2924 3838 2988 19,

2226 2996 2282 3050 in
2308 2995 2406 3050 ιο.
2438 2993 2506 3049 ad
2529 3009 2727 3049 annum
2757 2995 2848 3050 51.
2879 2995 2951 3050 At
2980 2995 3032 3049 in
3067 2995 3218 3050 Peta.
3244 3005 3300 3050 et
3323 2995 3462 3050 Fux.
3493 2995 3597 3050 sub
3619 2995 3838 3049 colum.-

2226 3082 2294 3122 na
2330 3067 2777 3130 Atheniensium;
2824 3068 2877 3122 in
2929 3066 3081 3122 Peta.
3145 3066 3362 3135 quidem
3411 3065 3476 3120 ad
3517 3081 3724 3119 annum
3770 3065 3837 3118 29

2230 3137 2593 3203 Erichthonii,
2617 3138 2671 3192 in
2706 3137 2839 3193 Fax.
2869 3138 2936 3192 ad
2972 3153 3172 3192 annum
3203 3140 3293 3205 50,
3325 3137 3414 3207 qui
3435 3138 3736 3204 opponitur
3765 3136 3831 3189 ‘26

2229 3209 2552 3275 Remesses;
2588 3210 2644 3264 in
2676 3209 2839 3265 editis
2868 3210 2937 3265 ad
2967 3227 3056 3264 an.
3087 3210 3180 3276 20,
3205 3225 3341 3280 quos
3363 3210 3669 3278 sequimur.
3694 3207 3836 3276 Quid

537 3271 651 3352 dice
679 3271 1342 3352 hinc(scilicetgrithyja,
1372 3283 1696 3352 etc.,__usquc
1722 3273 1776 3352 in
1804 3273 1971 3352 Libya
1991 3277 2122 3330 zedi-
2147 3282 2197 3346 c
2229 3296 2360 3337 vero
2388 3281 2480 3336 alii
2508 3271 2879 3351 chirographi,
2911 3283 3112 3352 pendet
3137 3271 3177 3334 a'
3196 3271 3331 3335 meis
3362 3271 3635 3352 prioribus
3661 3271 3835 3352 euris,

515 3342 696 3417 .{icala
720 3342 834 3416 est)
874 3363 1009 3402 anno
1041 3342 1432 3417 (Erichthonii)
1465 3347 1528 3401 15
1575 3342 1849 3417 incipiunt,
1894 3342 2121 3401 liberum

542 3413 706 3470 fuerit
759 3413 946 3474 lectori
997 3413 1256 3484 retinere,
1296 3427 1352 3472 et
1389 3413 1479 3472 ubi
1526 3413 1782 3482 voluerit,
1830 3417 2124 3474 collocare.

531 3483 667 3541 Nam
697 3503 819 3544 cum
840 3491 1079 3545 fabulosa
1109 3483 1372 3560 sint,quo
1397 3490 1574 3543 minus
1597 3497 1770 3554 certa,
1797 3488 1976 3543 minus
2007 3506 2125 3546 cer-

532 3566 646 3613 tum
678 3560 880 3616 habent
907 3563 1093 3617 situm.

603 3631 790 3702 (lbid.)
831 3636 874 3687 Α
903 3632 1072 3688 Borea
1120 3633 1341 3689 Thrace.
1393 3630 1483 3688 Sic
1525 3632 1678 3702 juxta
1727 3633 2015 3701 sequentia
2055 3633 2125 3690 ad

531 3715 732 3757 annum
772 3703 900 3766 598.
946 3719 1002 3760 et
1025 3721 1096 3760 ex
1131 3705 1218 3760 Al.
1249 3715 1305 3760 et
1330 3703 1556 3760 Vincen.
1591 3720 1688 3774 pro
1715 3703 1934 3759 arborea
1959 3715 2121 3771 trace,

531 3781 590 3828 ut
615 3775 669 3829 in
695 3776 853 3842 Ven.,
880 3775 1027 3843 Lut.,
1055 3776 1176 3845 Fa.,
1196 3780 1282 3831 vel
1307 3776 1474 3830 Borea
1505 3787 1664 3844 trace,
1689 3787 1749 3834 ut
1777 3777 1828 3830 in
1859 3776 1980 3829 aliis
2009 3777 2126 3833 edi-

529 3846 600 3901 tis
635 3864 647 3899 :
681 3857 736 3901 et
758 3861 941 3902 nostra
977 3850 1134 3904 lectio
1156 3849 1507 3904 conﬁrmatur
1534 3865 1600 3905 ex
1619 3849 2124 3919 sequentibuscirca

527 3930 730 3972 annum
781 3920 1053 3975 Abraham
1111 3921 1236 3977 650.
1313 3919 1466 3976 Unde
1533 3921 1711 3977 nullus
1764 3919 2124 3987 improbarit,

522 3990 668 4058 quod
693 3993 762 4044 ita
793 3991 1164 4058 diviserimus,
1195 3993 1247 4046 in
1267 3991 1378 4047 duo
1405 3994 1646 4058 nomina,
1672 4003 1730 4048 et
1755 4007 1876 4045 cum
1909 3993 2124 4060 aspira-

525 4060 674 4134 tione
701 4063 1106 4132 scripserimus,
1143 4065 1376 4117 maxime
1420 4065 1510 4134 qui
1543 4064 1734 4134 legerit
1759 4061 2010 4118 Ovidium
2043 4064 2125 4117 lo-

525 4131 609 4204 cis
655 4131 870 4201 citatis,
919 4134 1239 4190 Pausaniam
1291 4135 1410 4189 loco
1439 4131 1764 4204 superiori,
1814 4143 1870 4188 et
1923 4137 2123 4202 passim

527 4201 875 4267 Strabonem,
909 4207 1182 4270 Solinum,
1214 4205 1431 4271 Melum,
1478 4201 1825 4275 Apollonium
1877 4201 1933 4259 et
1975 4207 2122 4275 ejus-

523 4275 650 4348 dem
689 4277 1047 4332 Scholiastem
1077 4278 1170 4332 lib.
1212 4293 1252 4331 ι.
1294 4281 1590 4348 Argonaut.
1629 4278 1723 4332 ubi
1755 4281 1868 4332 inse
1897 4276 2035 4344 haec,
2069 4288 2125 4334 et

526 4347 666 4420 alios
693 4349 876 4416 plures
905 4348 1222 4418 scriptores.
1268 4347 1400 4404 Nam
1441 4350 1583 4420 quod
1617 4349 1816 4406 Boreas
1847 4347 2026 4404 dictus
2051 4350 2124 4406 sit

526 4416 711 4472 Thrax
733 4436 762 4474 a
801 4420 972 4488 patria
998 4416 1249 4486 Thracia,
1274 4436 1432 4476 nemo
1459 4416 1654 4476 nescit.

595 4489 780 4561 (Ibid)
812 4490 1344 4564 Triptolemusilonga
1375 4495 1492 4546 navi
1544 4493 1758 4547 Eleusin
1801 4492 2004 4548 veniens
2052 4493 2123 4548 ibi

523 4559 785 4634 [ramenta
812 4559 1097 4618 distribuit.
1150 4559 1419 4618 Haec'non
1447 4564 1624 4619 minus
1670 4575 1797 4620 sunt
1845 4575 2120 4634 suspecta,

521 4648 643 4707 cum
675 4633 871 4707 iisdem
907 4636 1084 4689 verbis
1116 4644 1429 4704 repetantur
1459 4636 1600 4691 circa
1629 4652 1758 4690 ann.
1790 4635 1917 4698 604,
1943 4633 2117 4707 eaque

519 4703 813 4773 rejecerint
839 4706 964 4760 libri
988 4720 1148 4760 manu
1180 4682 1395 4763 {exarati
1421 4723 1581 4777 supra
1615 4709 1763 4762 citati
1792 4724 1808 4773 ;
1840 4682 2116 4762 minoia:
2142 4682 2197 4744 D

519 4790 622 4832 nus
645 4779 767 4846 quia
792 4778 1065 4833 editorum
1101 4780 1455 4834 vetustissimi
1507 4797 1571 4834 ea
1615 4779 1817 4835 habent
1856 4795 1976 4833 cum
2010 4779 2113 4832 ali-

520 4858 652 4917 quot
671 4864 829 4916 mss.,
851 4849 1191 4919 antiquitatis
1212 4852 1612 4906 commendatio
1629 4851 1795 4907 deleri
1817 4851 2112 4920 prohibuit.

593 4920 739 4993 (197,
771 4921 877 4993 ιιι.)
916 4921 1190 4993 Continent
1213 4939 1380 4976 annos
1421 4925 1583 4978 5750.
1617 4921 1723 4978 Pro
1749 4924 1890 4978 5750
1921 4922 2117 4992 legitur

519 4989 576 5044 in
599 4991 684 5046 Al.
713 4989 876 5058 5758,
903 4995 954 5047 in
984 4992 1121 5048 Fax.
1149 4995 1310 5050 5850.
1341 4993 1446 5051 Sed
1472 4995 1641 5060 male,
1675 5003 1733 5050 ut
1755 4989 2113 5050 constat'tum

519 5076 588 5134 ex
617 5064 738 5134 aliis
766 5065 1190 5134 exemplaribus,
1231 5075 1341 5121 tum
1366 5081 1432 5121 ex
1473 5067 1786 5132 Contracta,
1819 5066 2029 5132 Adone,
2063 5077 2120 5122 et

520 5131 690 5198 Beda,
719 5136 810 5205 qui
837 5131 1026 5192 eadem
1062 5152 1128 5192 ex
1161 5131 1395 5194 Eusebio
1426 5139 1691 5194 referunt.
1720 5131 1872 5194 Adde
1898 5131 2042 5206 quod
2069 5139 2114 5193 si

519 5219 702 5262 annos
721 5208 790 5262 ab
817 5209 1090 5263 Abraham
1119 5209 1225 5267 545
1255 5209 1529 5265 addideris
1558 5210 1625 5265 ad
1665 5213 1826 5276 5184,
1855 5217 1945 5280 qui
1976 5225 2116 5279 prae-

519 5288 854 5406 gezgzerunt,
918 5279 1049 5335 ﬁent
1091 5295 1263 5351 usque
1307 5284 1375 5337 ad
1423 5284 1654 5352 primum
1703 5298 1906 5338 annum
1949 5281 2115 5340 Josue

597 5422 778 5496 (lbid.)
824 5423 1148 5498 Principium
1163 5425 1569 5497 quinquagesimi
1587 5426 1742 5496 primi
1754 5424 2110 5498 jubilwi,etc.

521 5493 726 5551 Horum
759 5493 944 5550 varius
973 5493 1056 5550 est
1080 5493 1218 5551 situs
1252 5493 1350 5567 pro
1378 5493 1638 5552 varietate
1679 5493 1946 5553 codicum.
1981 5497 2112 5554 Nam

521 5567 574 5623 in
609 5567 714 5632 Pi.,
763 5567 862 5631 L.,
906 5569 1242 5624 collocantur
1289 5570 1355 5625 ad
1402 5585 1608 5626 annum
1658 5569 1730 5625 40
1769 5569 1936 5625 Mosis
1966 5579 2019 5625 et
2047 5571 2116 5626 ab

519 5640 789 5696 Abraham
821 5642 966 5705 515ς
1000 5641 1052 5694 in
1085 5641 1196 5701 Vi.,
1227 5641 1316 5704 0.,
1349 5641 1486 5696 Fux.
1527 5652 1583 5696 et
1621 5640 1772 5696 Peta.
1803 5641 1870 5695 ad
1912 5657 2113 5697 annum

524 5713 551 5768 1
577 5708 731 5768 Iesus
760 5727 856 5768 seu
904 5710 1084 5776 Josue.
1113 5713 1204 5781 qui
1246 5721 1331 5768 est
1356 5713 1426 5766 ab
1465 5714 1738 5768 Abraham
1769 5713 1897 5777 546,
1940 5724 1996 5767 et
2042 5715 2114 5770 ita

522 5785 732 5855 pridem
755 5784 951 5852 legisse
979 5799 1040 5840 se
1070 5792 1340 5855 testantur
1371 5786 1422 5838 in
1449 5785 1739 5840 Cbronicis
1765 5783 1984 5839 Eusebii
2017 5785 2118 5841 Be-

522 5852 610 5918 da,
629 5857 762 5922 Adu,
785 5856 1076 5923 Marianas,
1097 5863 1152 5910 et
1169 5852 1495 5910 Contractus
1522 5873 1536 5910 :
1568 5856 1620 5910 in
1655 5856 1750 5910 Lo.
1771 5857 1836 5911 ad
1856 5871 2053 5912 annum
2084 5859 2119 5915 5

521 5928 769 5996 ejusdem
800 5926 988 5992 Josue.
1018 5927 1216 5998 vulgati
1249 5942 1377 5984 vero
1407 5929 1476 5985 ad
1507 5943 1711 5984 annum
1739 5928 1770 5981 7
1803 5942 2113 5997 reposuerc,

2229 3369 2350 3419 quae
2370 3355 2496 3421 quia
2530 3353 2823 3420 perierunt,
2849 3351 3008 3423 periit
3029 3353 3306 3408 memoria.
3341 3351 3611 3423 Cieterum
3636 3351 3840 3421 ubique

2227 3420 2436 3480 Busiris
2489 3425 2808 3494 proponitur
2841 3420 3000 3491 peri,
3045 3432 3406 3493 praeterquam
3453 3423 3509 3494 in
3548 3420 3706 3485 Fux.,
3739 3420 3832 3475 ubi

2228 3494 2470 3567 Busyris,
2517 3496 2739 3563 utapud
2772 3496 3102 3565 Virgilium,‘
3135 3494 3423 3560 Senecam,
3479 3493 3720 3567 Ovidium
3770 3503 3828 3567 et

2301 3564 2446 3634 etas,
2492 3567 2590 3622 sed
2622 3568 2837 3636 vulgata
2870 3564 3141 3638 Scriptura
3176 3576 3264 3622 est
3304 3566 3601 3631 Plutarchi,
3646 3564 3833 3631 Plinii,

2274 3639 2534 3704 trabenis,
2565 3646 2621 3693 et
2641 3640 2892 3694 aliorum.

2301 3709 2451 3782 (197,
2489 3710 2604 3834 νιῖὶ
2629 3709 2998 3780 Proserpinam
3045 3711 3221 3775 rapuit
3267 3709 3437 3763 Orcus
3479 3707 3840 3762 Molossorum

2301 3798 2341 3834 ις.
2395 3782 2550 3834 Licet
2609 3796 2686 3834 aee
2712 3782 2894 3834 absint
2920 3783 2990 3834 ab
3013 3782 3202 3834 iisdem
3231 3781 3608 3834 cliiroaranhis
3639 3790 3698 3834 et
3727 3795 3837 3834 ex-

2227 3797 2341 3836 γεω.
2395 3782 2550 3836 Licet
2571 3781 2686 3836 hazc
2712 3782 2894 3837 absint
2920 3783 2990 3836 ah
3013 3782 3202 3836 iisdem
3231 3781 3608 3850 chirographis
3639 3790 3698 3834 et
3727 3795 3837 3834 ex-

2228 3862 2376 3907 Stent
2415 3853 2603 3908 iisdem
2632 3853 2813 3908 verbis
2858 3855 3086 3918 repetita
3129 3853 3273 3908 circa
3301 3868 3501 3907 annum
3533 3851 3663 3915 620,
3699 3867 3840 3921 quo-

2227 3929 2407 3980 minus
2433 3935 2612 3979 tamen
2641 3939 3097 3993 expungeremus,
3144 3924 3542 3993 prohibuerunt
3577 3923 3827 3976 nonnulli

2227 3997 2581 4065 manuscripti
2609 3995 2754 4061 libri,
2787 4011 2852 4051 ac
2882 4007 3143 4066 praeterea
3186 3995 3319 4051 editi
3354 4009 3568 4061 Omnes,
3612 4006 3671 4049 et
3715 3997 3827 4064 ipsa

2227 4067 2335 4131 lex,
2365 4083 2528 4136 quam
2575 4068 2731 4122 nobis
2761 4067 3020 4131 diximus,
3054 4077 3112 4122 ut
3152 4067 3225 4121 nil
3274 4066 3376 4120 nisi
3427 4067 3569 4134 quod
3594 4066 3834 4136 penitus

2225 4139 2548 4200 absurdum,
2575 4138 2904 4194 deleremus.
2941 4139 2998 4194 ln
3033 4138 3151 4204 Va.,
3183 4139 3343 4203 Ven.,
3371 4137 3522 4201 Lut.,
3549 4135 3828 4208 Motops'o-

2225 4225 2376 4276 rum;
2402 4210 2454 4264 in
2487 4209 2584 4268 Fa.
2613 4209 3018 4282 Molopmorum;
3055 4211 3151 4282 sed
3190 4225 3350 4276 quam
3392 4209 3684 4282 mendose,
3727 4225 3830 4282 no-

2227 4293 2370 4348 runt,
2405 4282 2498 4352 qui
2545 4281 2630 4336 vel
2680 4280 2947 4336 tantillum
2977 4281 3119 4351 apud
3150 4281 3490 4352 geographos
3516 4291 3571 4333 et
3605 4280 3830 4334 histori-

2226 4367 2322 4408 cos
2353 4351 2478 4408 sunt
2519 4353 2723 4409 versati
2749 4371 2762 4407 :
2791 4352 3000 4408 accedit
3027 4367 3328 4408 consensus
3370 4351 3599 4406 aliorum
3641 4366 3832 4406 exem-

2227 4423 2460 4494 plarium
2507 4427 2616 4488 hic,
2643 4425 2711 4478 ad
2744 4440 2946 4480 annum
2969 4423 3095 4494 625.

2300 4494 2488 4568 (lbid.)
2524 4495 2773 4568 iPerseus
2813 4496 3002 4568 occidit
3049 4493 3362 4568 Gorgonem.
3413 4492 3562 4568 Idem
3611 4492 3683 4568 _de
3738 4493 3828 4568 his

2226 4563 2346 4623 esto
2365 4563 2654 4636 judicium,
2681 4579 2736 4622 ut
2763 4568 2891 4623 licet
2918 4563 3198 4623 videantur
3223 4564 3496 4622 eradenda
3527 4563 3716 4620 iisdem
3751 4566 3825 4618 de

2226 4635 2426 4704 causis,
2459 4651 2676 4708 propter
2703 4643 2944 4694 rationes
2976 4650 3156 4695 tamen
3191 4638 3302 4708 jam
3331 4637 3506 4691 dictas
3535 4635 3827 4691 retinenda

2224 4713 2461 4766 fuerunt.
2493 4711 2652 4766 Plura
2693 4711 2762 4766 de
2793 4712 2894 4766 hac
2929 4725 2990 4767 re
3021 4711 3160 4779 apud
3193 4708 3491 4764 Diodorum
3533 4708 3628 4762 lib.
3685 4724 3742 4762 ιιι
3775 4724 3828 4762 c.

2220 4791 2278 4853 4,
2308 4781 2543 4838 Pausan.
2573 4782 2667 4837 lib.
2699 4799 2766 4849 ιι,
2797 4795 2852 4838 et
2875 4781 3130 4838 Strabou.
3167 4781 3263 4834 lib.
3294 4795 3386 4835 vn.

2297 4854 2482 4924 (lbid.)
2525 4853 2804 4925 Dionysius
2853 4853 3078 4925 Nysam,
3115 4866 3247 4925 etc.,
3300 4853 3355 4925 in
3380 4849 3559 4925 _lndia
3590 4849 3829 4903 condidit

2219 4935 2269 4981 et
2305 4921 2338 4981 ὰ
2361 4921 2692 4980 ιιιοιιοηιίηὶ
2716 4943 2830 4979 eam
2852 4921 2929 4979 sic
2949 4924 3255 4994 appellavit.
3300 4921 3494 4978 Isthtec
3517 4938 3622 4994 non
3655 4937 3824 4976 secus

2221 5013 2285 5054 ac
2313 5008 2425 5053 tres
2454 5008 2600 5052 nota:
2623 4997 2960 5064 superiores,
2985 4993 3290 5051 amovenda
3321 5003 3525 5048 essent.
3556 4993 3692 5048 Nam
3719 5008 3826 5046 ex-
3899 5038 3910 5048 .

2221 5071 2407 5125 sulaut
2435 5069 2503 5125 ab
2545 5070 2739 5124 iisdem
2789 5083 2947 5133 mss.,
3008 5077 3064 5123 et
3117 5067 3313 5121 iterum
3373 5067 3622 5136 leguntur
3675 5065 3826 5136 circa

2223 5141 2352 5209 685,
2393 5155 2514 5211 pag.
2549 5139 2655 5203 59;
2699 5155 2892 5196 verum
2930 5155 3056 5195 cum
3106 5134 3672 5211 reclament'editiet
3697 5134 3827 5191 Vat.

2223 5207 2521 5281 eorumque
2549 5212 2711 5267 lectio
2734 5220 2948 5280 recepta
2977 5212 3069 5272 sit,
3111 5208 3262 5263 nefas
3293 5222 3393 5263 nos
3420 5223 3502 5281 ea
3519 5207 3769 5281 _rejicere
3803 5226 3819 5262 :

2221 5299 2331 5341 non
2356 5277 2546 5339 celabo
2571 5283 2626 5338 in
2657 5283 2775 5338 Vat.
2810 5277 2912 5353 legi
2942 5285 2996 5336 in
3037 5281 3256 5347 Achaia,
3288 5294 3385 5353 pro
3412 5279 3465 5334 in
3509 5277 3692 5353 ludia,
3713 5281 3828 5353 sed

2225 5371 2528 5427 perperam.
2577 5355 2709 5410 Nam
2739 5349 2884 5410 licet'
2905 5349 3474 5427 invenianturdecem
3512 5351 3675 5427 l_\'_ys_az
3700 5349 3828 5422 (seu

2221 5421 2414 5498 Nyssae
2459 5439 2518 5479 ut
2563 5427 2702 5497 apud
2749 5427 3107 5498 Stephanum,
3155 5423 3468 5498 Arrianum,
3523 5421 3719 5498 Melam
3768 5432 3828 5478 et

2222 5494 2407 5568 alios),
2440 5494 2788 5553 nulla’tamen
2840 5494 2926 5552 est
2973 5497 3026 5552 in
3071 5496 3295 5552 Achaia.
3352 5494 3580 5562 Quando
3634 5501 3824 5568 autem

2223 5565 2431 5627 mentio
2453 5573 2522 5624 sit
2551 5571 2701 5625 urbis
2735 5569 2895 5642 Nysa:
2923 5570 3041 5625 sine
3069 5568 3276 5633 addito,
3300 5581 3516 5637 semper
3542 5573 3630 5621 est
3653 5565 3825 5621 intel-

2222 5644 2436 5713 ligenda
2459 5641 2600 5714 Nysa
2631 5641 2817 5698 indiaé.

2291 5714 2478 5786 (lbid.)
2507 5706 2732 5786 'Cyrene
2777 5717 2830 5767 in
2877 5713 3043 5786 Libya
3083 5712 3345 5786 aediﬁcata
3395 5719 3489 5764 est.
3541 5706 3825 5786 iterantur

2221 5781 2338 5844 haec
2364 5788 2432 5842 ad
2459 5781 2595 5842 ann:
2614 5787 2704 5850 68,
2729 5795 2784 5841 et
2810 5786 2954 5842 circa
2977 5781 3281 5857 olympiad.
3313 5788 3376 5857 4;
3407 5781 3701 5857 quominus
3737 5792 3825 5834 ta-

2221 5875 2346 5914 men
2376 5858 2744 5922 eraderemus,
2791 5855 3069 5926 prohibuit
3110 5855 3370 5914 novitatis
3397 5855 3581 5912 odium
3625 5863 3682 5909 et
3726 5868 3819 5908 ra-

2219 5933 2395 5991 tiones
2426 5929 2823 5999 princedentes.
