4136 6416
551 339 654 400 807

554 553 658 608 que
689 536 923 608 ineptum
947 533 1018 608 sit
1043 531 1227 608 dicere
1269 543 1474 608 patrem
1509 531 1619 608 lilio
1647 543 2128 608 comvuin;_tamen

552 603 661 664 rion
690 615 776 661 est
799 604 1086 659 absurdum
1137 604 1423 659 Eusebium
1470 607 1810 660 existimasse
1855 603 2127 672 Triptole-

555 696 700 735 mum
732 680 801 732 ab
824 675 930 730 alio
960 677 1220 744 genitum.
1262 676 1395 742 Quis
1437 677 1580 730 enim
1627 675 1680 730 in
1722 677 1989 746 ﬁgmentis
2023 674 2127 728 illis

555 751 780 822 poeticis
799 747 1228 822 dissentientium
1267 747 1556 815 Opiniones
1597 745 2128 822 possetconciliare;

552 818 677 879 cum
707 831 786 875 tot
807 818 1110 884 sententiae,
1137 828 1270 887 quot
1306 821 1516 888 capita;
1548 830 1603 873 et
1641 833 1762 873 cum
1809 819 1911 888 ipsi
1935 818 2132 872 Pausa-

557 895 704 959 nias,
734 891 1096 962 Apoilodorus
1119 931 1135 958 ,
1165 904 1221 947 et
1249 891 1339 945 alii
1369 893 1599 962 doceant
1621 890 1956 962 antiquiores
1987 890 2134 944 varie

554 960 796 1022 sensisse
812 963 880 1018 de
900 960 1129 1031 origine,
1153 974 1208 1018 et
1229 964 1543 1032 parentibus
1558 960 1875 1031 Triptolemi
1891 961 1914 1012 ἲ
1929 962 2134 1015 'l‘amen

555 1041 600 1093 si
628 1037 818 1092 liceret
843 1045 999 1088 extra
1044 1034 1303 1089 librorum
1336 1044 1486 1105 septa
1514 1033 2005 1105 digredi,_poterat
2027 1034 2138 1105 lor-

555 1124 654 1165 san
684 1107 772 1163 hic
801 1109 951 1160 locus
973 1105 1163 1161 leviori
1183 1103 1482 1162 mutatione
1503 1105 1704 1168 sanari,
1733 1103 1782 1159 si
1805 1120 1911 1159 non
1941 1104 2138 1158 admit-

556 1189 762 1235 teretur
785 1192 890 1232 vox
918 1192 1138 1248 cyretias,
1169 1189 1224 1232 et
1251 1193 1348 1248 pro
1371 1176 1572 1232 Caeteus
1598 1175 1963 1248 Triptolemo,_
1984 1175 2132 1246 lege-

557 1259 708 1308 retur
741 1248 898 1304 Ctelei
925 1246 1299 1318 Triptolemus,
1334 1249 1542 1303 scilicet
1571 1246 1744 1312 illius,
1801 1263 1921 1302 cum
1953 1246 2138 1315 hujus-

559 1324 703 1379 modi
734 1320 953 1392 eclipsis
978 1335 1098 1392 inon
1122 1324 1210 1392 sit
1251 1320 1472 1375 omnino
1493 1319 1703 1374 Latinis
1728 1319 2040 1388 infrequens
2079 1328 2137 1374 et

557 1393 774 1450 insolita
794 1435 809 1460 ,
839 1393 933 1447 sed
962 1391 1166 1448 Graicis
1198 1392 1644 1456 familiarissima,
1673 1398 1731 1446 et
1772 1393 1942 1460 potuit
1982 1405 2138 1445 error

559 1481 627 1521 ex
657 1465 847 1522 Graeco
867 1463 1056 1518 codice
1103 1465 1292 1530 nasci,
1326 1464 1377 1518 in
1404 1479 1510 1532 quo
1545 1463 1722 1517 littera
1751 1479 1775 1516 s
1805 1463 1896 1516 lini
1939 1461 2138 1530 prioris

555 1535 812 1592 dictionis
855 1535 1187 1601 adluescrat,
1220 1550 1343 1604 quin
1373 1536 1462 1588 lini
1496 1535 1812 1603 posterioris
1861 1533 2140 1588 adhaerere

555 1609 848 1683 debuerat:
876 1617 930 1662 et
957 1607 1029 1660 ita
1056 1621 1119 1683 ex
1142 1607 1726 1683 Xrisoi‘g_'_lfpi_1rrbhpoc,
1761 1606 1960 1683 factum
1989 1606 2142 1683 inep-

558 1691 611 1736 te
636 1681 850 1754 Χελέρυς
887 1678 1260 1754 Τρᾳπτόλεμος.
1307 1676 1668 1732 Nihilominus
1715 1678 1876 1754 malui
1927 1676 2140 1754 tandem

553 1767 690 1822 quos
718 1753 832 1822 dixi
861 1749 1077 1822 codices
1105 1749 1313 1822 sequi,
1347 1766 1508 1818 quam
1541 1764 1723 1822 meam
1741 1749 2140 1822 coniectionem

557 1819 676 1879 sine
705 1821 857 1878 libris
890 1821 1140 1891 prodere.
1163 1821 1318 1888 Quod
1345 1829 1558 1890 Spectat
1596 1819 1663 1874 ad
1683 1821 1846 1891 situm
1865 1864 1878 1887 ,
1911 1819 2137 1891 retinni-

557 1911 678 1950 mus
711 1890 982 1965 vulgatum
1005 1935 1019 1958 ,
1072 1895 1123 1948 in
1154 1908 1260 1964 quo
1297 1897 1629 1965 conveniunt
1653 1890 1772 1956 Fa.,
1801 1891 1960 1955 Fux.,
2012 1890 2138 1965 licet

555 1966 646 2032 0.,
679 1963 935 2033 \’i.,'Pi.,
964 1964 1090 2029 1.0.,
1128 1963 1459 2020 constituant
1485 1963 1551 2018 ad
1594 1978 1792 2017 annum
1827 1963 2139 2032 prwceden-

555 2047 663 2094 tem
693 2038 983 2094 Pandionis
1005 2037 1097 2100 '55,
1125 2037 1232 2099 vel,
1265 2047 1323 2090 ut
1353 2037 1527 2102 Peta.,
1553 2034 1620 2088 ad
1646 2050 1733 2089 an.
1770 2034 1838 2089 56
1867 2034 2134 2102 ejusdem.

559 2109 664 2167 Sed
695 2110 761 2165 de
789 2112 893 2164 situ
927 2119 1033 2162 tam
1064 2108 1252 2162 horum
1283 2123 1440 2178 quam
1471 2118 1792 2162 cancrorum
1824 2121 1995 2176 usque
2018 2104 2133 2178 add

555 2181 924 2253 Olympiadem
940 2180 1132 2235 fuisset
1154 2176 1438 2253 molestum
1460 2188 1520 2253 _et
1537 2179 1703 2253 nimis
1727 2177 1944 2253 longum
1966 2176 2140 2253 inqui-

555 2248 848 2320 rerefcum
879 2252 1077 2320 ubique
1103 2253 1235 2306 varii
1263 2260 1319 2305 et
1343 2249 1634 2305 dissimiles
1661 2251 1777 2303 sint
1807 2250 1946 2320 libri,
1979 2248 2140 2302 nihil-

555 2340 660 2395 que
683 2319 751 2380 ex
777 2325 898 2378 aliis
927 2319 1284 2392 scriptoribus
1336 2324 1448 2395 iere
1475 2321 1656 2395 colligi
1689 2320 1884 2395 possit:
1927 2319 2136 2395 ideo_si

553 2392 842 2467 aliquando
866 2396 1004 2449 situs
1030 2395 1362 2467 mentionem
1396 2393 1676 2467 faciamus,
1700 2393 1804 2448 hoc
1823 2392 1882 2447 ﬁt
1905 2400 1964 2446 ut
1988 2392 2136 2458 inde,

557 2464 758 2539 quanta
783 2467 853 2522 sit
880 2472 934 2539 in
953 2465 1074 2539 aliis
1099 2467 1356 2539 varietas,
1390 2464 1704 2535 perspicias.

627 2540 781 2610 (2H,
811 2537 912 2610 vt.)
938 2538 1018 2591 Ad
1055 2538 1223 2610 urbes.
1252 2537 1473 2610 Rectius
1498 2551 1658 2610 qu_atn
1689 2535 1757 2610 ad
1786 2535 1983 2610 urbem,
2012 2548 2138 2610 cum

552 2605 698 2666 adsit
749 2605 1050 2666 consensus
1096 2608 1193 2675 L.,
1236 2609 1334 2674 A.,
1390 2605 1649 2674 M.,’P.,
1701 2608 1819 2672 Pi.,
1857 2607 1960 2670 0.,
2012 2605 2136 2671 Vi.,

553 2681 731 2808 Peliai,
766 2681 927 2747 Fux.,
960 2679 1112 2748 Fre.,
1135 2680 1293 2749 Maia,
1319 2687 1376 2735 et
1405 2681 1701 2735 conveniat
1731 2679 2008 2747 historiae,
2041 2692 2140 2733 seu

583 2773 608 2807 il
655 2773 682 2807 ll
710 2771 775 2808 ω.

583 2755 775 2810 abttlin.

628 2824 815 2898 (Ibid)
855 2823 1082 2898 Serpens
1135 2823 1399 2898 pinnatus.
1449 2821 1673 2891 Serpens
1717 2831 1970 2898 pennatus
2020 2819 2137 2888 γλ,

556 2894 692 2953 Fax.
714 2939 728 2960 ,
759 2894 882 2953 Fre.
903 2937 918 2960 ,
950 2894 1015 2951 υ.
1047 2895 1154 2950 Sed
1181 2895 1302 2964 quis
1333 2896 1432 2948 hos
1465 2898 1680 2950 caeteris
1723 2894 1974 2947 omnibus
2004 2908 2143 2963 pra:-

553 2969 732 3025 ferat?
757 2968 968 3024 accedit
989 2967 1132 3037 quod
1162 2981 1286 3021 cum
1310 2965 1675 3037 Triptolemus
1701 2966 1820 3020 vehi
1845 2965 2143 3037 ﬁngeretur

556 3054 589 3094 a
614 3042 955 3109 serpentibus
983 3036 1084 3110 (sic
1109 3039 1254 3110 enim
1280 3037 1600 3092 Ammianus
1624 3036 1720 3091 lib.
1740 3051 1859 3110 xxii
1884 3052 1899 3092 :
1933 3036 2142 3110 Tripto-

553 3113 745 3166 lemum
762 3153 778 3177 ,
801 3109 1071 3183 inquit,ob
1093 3109 1305 3179 rapidos
1327 3123 1627 3183 congressus
1637 3109 2143 3183 _aeris,_serpettttbus

555 3184 851 3255 pennigeris
875 3177 1163 3253 'fabuloso
1186 3177 1438 3255 uetustas'
1449 3177 1693 3255 imponit)
1720 3219 1736 3246 ,
1779 3177 1920 3235 sicut
1949 3193 2142 3255 penum

1255 340 1346 399 AD
1381 336 1767 398 CHRONICON
1807 335 2705 399 BUSEBIO-HIERONYMIANUM
2741 333 3110 396 APPENDIX.

555 476 730 522 turam
757 477 788 519 a
810 459 1014 518 Cerere
1034 459 1274 530 hoSpitio
1302 471 1519 529 recepta
1544 475 1574 514 a
1602 469 1756 530 patre
1781 459 1962 516 Coeleo
1983 502 1998 522 .
2045 469 2122 514 at-
2156 465 2208 526 Α

3728 341 3836 400 808

2306 460 2491 533 (Ibid)
2533 460 2698 525 Quem
2717 460 2910 529 fabula:
2931 458 3552 533 pentumconﬁngunmn
3576 460 3634 515 L.
3662 503 3679 528 ,
3707 461 3829 525 Lo.,

2234 531 2347 597 Δί,
2383 531 2448 585 ν.
2473 573 2487 594 ,
2519 533 2628 596 Μ.,
2675 533 2771 599 Ρ.,
2803 534 2898 593 Ο..
2932 531 3014 588 Vi.
3043 572 3058 597 ,
3097 531 3211 598 Pi.,
3249 531 3409 598 Fre.,
3460 532 3718 594 Vincen.,
3780 538 3831 590 in

2234 605 2444 674 specul.
2473 605 2668 658 hi5tor.
2697 613 2751 657 et
2773 613 2952 658 natur.
2982 614 3036 659 et
3061 603 3222 672 Ven.,
3247 620 3396 671 quem
3427 605 3605 672 fabula
3629 615 3835 660 vmtum

2237 676 2485 747 conﬁngit
2512 675 2614 747 :Jin
2644 675 2904 744 singulari
2937 677 3203 729 utrumvis
3228 679 3490 747 posueris,
3526 693 3717 746 parum
3744 693 3834 732 re-

2234 745 2341 802 fert
2372 766 2384 800 :
2415 745 2471 802 in
2506 746 2640 802 Fux.
2666 787 2681 812 ,
2708 763 2858 817 quem
2876 747 3056 818 fabuta
3085 755 3294 802 ventum
3323 745 3633 816 Aquilonem
3675 749 3835 820 fuisse

2235 820 2507 872 continuit.

2533 889 2641 946 Sub
2668 888 2767 944 hoc
2797 900 2845 944 et
2875 891 3119 962 mysteria
3159 899 3438 963 cmperunt.
3471 889 3835 948 Restituimus

2235 959 2642 1034 distinctionem
2663 978 2783 1034 quin
2807 959 3002 1017 erat'in
3032 959 3260 1032 vulgatis
3284 973 3541 1034 corrupta
3577 981 3590 1018 :
3621 964 3674 1018 in
3708 963 3828 1029 γε..

2237 1033 2339 1107 0.,
2370 1033 2456 1107 Pi.
2485 1043 2608 1103 post
2637 1033 2884 1106 conﬁngit
2933 1036 3080 1104 (nam
3114 1038 3185 1088 ita
3231 1033 3474 1107 legunt),
3507 1037 3760 1107 sequitur
3792 1046 3832 1089 et

2236 1105 2331 1158 sub
2359 1105 2453 1158 hoc
2482 1109 2722 1172 mysteria
2772 1105 3074 1174 coeperunt:
3129 1107 3182 1160 iii
3227 1106 3400 1174 Fux.,
3433 1106 3527 1160 sub
3567 1105 3662 1160 hoc
3707 1105 3837 1160 Eri-

2239 1175 2386 1230 ctlteo
2417 1176 2658 1248 mysteria
2685 1186 2955 1250 carperunt
2976 1177 3308 1232 Athenienses
3335 1180 3474 1250 quod
3512 1179 3702 1249 Aquilo
3730 1177 3840 1232 Bo-

2238 1263 2352 1301 reas
2399 1250 2635 1302 dicitur:
2677 1251 2770 1302 ubi
2800 1249 3056 1303 mendum
3106 1259 3193 1303 est
3242 1248 3606 1305 manifestum.
3655 1255 3838 1306 Antea

2241 1334 2347 1374 non
2388 1330 2510 1374 erat
2561 1328 2811 1389 separata
2861 1321 3151 1388 sententia,
3205 1321 3298 1376 sed
3334 1322 3527 1376 vitiose
3575 1337 3639 1377 ac
3690 1321 3838 1379 foede

2242 1390 2553 1445 cohaerebat
2580 1407 2701 1445 cum
2733 1393 2980 1462 sequenti
3029 1391 3112 1445 Ea
3137 1408 3251 1462 qua:
3287 1394 3350 1447 de
3378 1391 3588 1457 Perseo,
3606 1403 3709 1449 etc.
3728 1394 3837 1460 Qui

2243 1477 2398 1536 error
2443 1462 2660 1536 irrepsit
2696 1464 3142 1536 ex'ignoratione
3199 1465 3325 1534 quid
3367 1466 3622 1536 mysteria
3656 1466 3834 1536 signi-

2244 1533 2491 1589 ficarent.
2526 1534 2632 1590 Sed
2659 1535 2750 1604 qui
2791 1536 2875 1589 vel
2923 1533 3477 1591 minimumversatus
3503 1544 3588 1592 est
3614 1535 3665 1590 in
3690 1533 3835 1592 a'ntic

2243 1607 2491 1678 quiorum
2528 1616 2851 1678 auctorum_
2869 1607 3131 1674 lectione,
3179 1607 3284 1662 scit
3326 1607 3528 1676 majora
3570 1609 3833 1678 mysteria

2245 1675 2410 1733 fuisse
2442 1678 2496 1731 in
2526 1677 2787 1732 honorem
2813 1675 3031 1733 Cereris
3056 1678 3332 1744 instituta,
3366 1675 3572 1734 minora
3615 1675 3752 1734 vero
3779 1681 3836 1734 in

2245 1749 2508 1804 honorem
2549 1749 2895 1819 Proserpina:
2924 1751 3049 1804 lilia:
3078 1750 3215 1818 ejus.
3247 1748 3382 1804 Cum
3415 1761 3593 1806 autem
3623 1750 3841 1820 simpli-

2244 1821 2383 1892 citer
2432 1822 2724 1892 loquuntur
2777 1821 2845 1876 de
2901 1822 3210 1892 mysteriis,
3251 1821 3556 1890 intelligunt
3602 1821 3835 1892 majora.

2313 1891 2443 1962 (215
2462 1933 2478 1958 ,
2509 1893 2611 1964 vt.)
2655 1891 2736 1945 Ea
2763 1908 2878 1961 qum
2914 1891 2978 1946 de
3008 1891 3196 1948 Perseo
3226 1894 3500 1952 dicuntur,
3533 1902 3657 1964 tunc
3695 1905 3836 1964 gesta

2240 1974 2382 2017 sunt.
2414 1965 2490 2018 Ea
2519 1963 2602 2017 his
2631 1964 2868 2018 adhibita
2902 1965 3028 2018 linta
3069 1981 3137 2018 ex
3186 1965 3306 2028 Vi.,
3334 1965 3432 2031 0.,
3462 1965 3543 2019 Pi.
3569 2006 3584 2028 ,
3616 1963 3723 2030 Μί,
3777 1968 3830 2021 in

2239 2035 2664 2104 quibusaccedit
2687 2034 2860 2101 Fux.,
2890 2035 2944 2090 in
2975 2051 3116 2105 quo:
3140 2034 3223 2090 Ea
3237 2052 3350 2105 qua:
3377 2035 3568 2090 Perseo
3589 2035 3830 2091 dicuntur

2241 2108 2336 2160 hoc
2365 2117 2592 2177 tempore
2618 2109 2759 2176 facta
2783 2113 3012 2176 fuerunt.
3045 2108 3100 2162 In
3138 2109 3286 2163 Peta.
3315 2124 3331 2163 :
3364 2107 3442 2161 Ea
3467 2123 3584 2178 qua:
3607 2110 3665 2161 de
3693 2107 3817 2163 Per-

2239 2194 2325 2231 seo
2355 2179 2600 2230 dicuntur
2629 2179 2896 2232 habentur
2921 2181 3040 2234 sine
3059 2179 3295 2245 caeteris,
3330 2179 3402 2233 ita
3431 2188 3610 2234 tamen
3642 2189 3696 2232 ut
3727 2180 3833 2234 sint

2242 2261 2493 2320 separata
2521 2265 2552 2302 a
2587 2249 2950 2318 praecedenti,
2985 2261 3042 2305 et
3067 2251 3418 2320 subsequenti
3451 2249 3792 2320 paragrapho
3819 2269 3833 2303 :

2241 2319 2385 2376 hunc
2412 2331 2467 2376 et
2499 2321 2864 2390 prmcedentes
2903 2323 3155 2377 duximus
3185 2319 3477 2377 imitandos
3502 2319 3624 2376 cuin
3670 2319 3841 2377 antea

2241 2394 2296 2447 in
2320 2393 2569 2462 vulgatis,
2594 2401 2650 2447 et
2675 2393 2952 2448 nonnullis
2991 2407 3123 2448 mss.
3156 2392 3304 2450 {(ede
3333 2409 3457 2448 cum
3490 2393 3594 2448 illis
3620 2409 3843 2462 praece-

2241 2463 2494 2535 dentibus
2525 2463 2710 2518 verbis
2734 2466 2978 2534 mysteria
3015 2473 3300 2535 ceperunt,
3340 2466 3710 2520 coalescerent
3733 2465 3841 2520 sub

2241 2533 2338 2589 hoc
2359 2544 2403 2589 et
2427 2536 2670 2604 mysteria
2690 2533 2953 2606 eruperunt
2978 2533 3099 2604 quat
3115 2537 3178 2590 de
3200 2535 3390 2591 Perseo
3409 2537 3673 2603 dicuntur,
3697 2553 3847 2606 qua-

2242 2607 2290 2662 si
2317 2608 2591 2678 deberent
2612 2606 2806 2662 referri
2825 2608 2892 2662 ad
2925 2609 3175 2665 Boream.
3199 2609 3268 2663 de
3313 2624 3423 2678 quo
3449 2617 3566 2664 erat
3603 2620 3840 2664 senten-

2245 2680 2314 2732 tia
2355 2694 2525 2744 ;cum
2564 2677 2801 2734 debeant
2839 2681 3002 2735 tribui
3038 2677 3341 2734 Erichtheo,
3362 2685 3495 2748 regi.
3543 2679 3749 2734 Contra
3785 2681 3841 2734 in

2245 2749 2308 2804 ν.
2339 2748 2627 2819 coniicitur
2655 2766 2757 2804 una
2788 2753 3054 2806 sententia
3071 2765 3192 2805 cum
3214 2752 3566 2819 sequentibus
3587 2751 3692 2805 hoc
3715 2767 3842 2806 mo-

2242 2821 2334 2884 do,
2367 2818 2449 2874 Ea
2475 2837 2588 2885 qua:
2609 2822 2673 2876 de
2707 2821 2894 2876 Perseo
2923 2824 3166 2877 dicuntur
3192 2818 3473 2877 secundum
3492 2823 3842 2888 quorumdam

2243 2893 2563 2966 Opinionem,
2593 2894 2687 2966 hac
2716 2905 2864 2948 wtate
2893 2907 3038 2966 gesta
3065 2903 3202 2948 sunt.
3237 2892 3346 2950 Sed
3375 2896 3505 2965 quia
3536 2904 3730 2949 auctor
3763 2895 3841 2948 lo-

2244 2966 2429 3036 quitur
2455 2975 2509 3018 et
2535 2965 2605 3019 de
2628 2964 2851 3029 Perseo,
2883 2964 2940 3022 et
2966 2967 3034 3022 de
3066 2966 3267 3021 Phrixo
3303 2964 3467 3020 variis
3493 2967 3838 3033 temporibus

2245 3036 2544 3092 secundum
2575 3039 2749 3090 varias
2775 3039 3063 3107 opiniones
3085 3046 3388 3102 auctorum,
3418 3053 3521 3091 non
3552 3037 3654 3091 fuit
3681 3036 3839 3093 facile

2241 3108 2508 3179 judicare,
2541 3122 2609 3179 an
2639 3107 2755 3179 haec
2783 3108 2946 3164 lectio
2976 3119 3122 3166 esset
3148 3109 3318 3179 magis
3351 3107 3658 3179 sequenda.

2320 3180 2444 3249 (217
2465 3219 2480 3244 ,
2513 3175 2614 3250 tv.)
2655 3178 3029 3252 :Egypuorum
3054 3175 3298 3252 dynastia
3318 3175 3551 3252 xix,'an.
3586 3180 3715 3246 194,
3739 3198 3831 3234 suo

553 3250 772 3336 prOprie
802 3250 928 3336 suo}
960 3255 1271 3335 voluerunt,
1305 3253 1379 3306 ita
1402 3250 1589 3334 pinna:
1615 3260 1928 3336 serpentum
1952 3263 2008 3306 et
2030 3251 2140 3319 pis-
2165 3254 2212 3317 (ζ
2244 3252 2573 3336 imperatore,
2613 3250 2810 3333 etc.’l'n
2858 3252 2920 3308 L:
2943 3296 2958 3321 ,
2991 3250 3114 3335 Μ...
3134 3252 3213 3306 Pi.
3241 3270 3252 3304 :
3286 3250 3530 3325 As‘gyptii
3572 3261 3690 3322 post
3724 3268 3839 3335 xix,

552 3323 697 3381 cium
749 3343 766 3384 :
807 3325 952 3382 unde
1003 3323 1315 3395 germanius
1364 3324 1570 3394 pinnati
1617 3331 1924 3393 serpentes,
1979 3337 2140 3392 quam

560 3400 779 3468 pennati
808 3408 934 3453 sunt
959 3396 1194 3468 dicendi.

626 3471 790 3541 (215,
818 3472 919 3540 vt.)
961 3467 1295 3541 Erichtheus.
1327 3467 1518 3541 Melius
1537 3481 1696 3541 quam
1729 3476 1883 3541 antea
1917 3464 2143 3541 Enrich-

554 3537 724 3596 the‘us.
757 3537 1108 3611 Nam'paucis
1135 3539 1291 3594 lineis
1326 3538 1754 3611 interjeCtis‘sic,
1797 3537 2140 3611 etiamjoltm

553 3613 896 3669 scribebatur
922 3608 1078 3682 apud
1110 3625 1302 3682 omnes
1347 3612 1510 3682 codd.
1539 3620 1594 3664 et
1615 3608 1778 3682 Fre._,
1812 3609 1938 3664 licet
1966 3609 2138 3682 liere-

559 3683 722 3740 dotus
781 3686 876 3740 lib.
920 3679 1026 3750 νὴ,
1077 3681 1394 3754 Apollodor.
1448 3681 1557 3754 lib.
1593 3696 1683 3754 ut.
1734 3680 1924 3754 Cicero
1968 3679 2145 3754 lib._it

555 3754 780 3812 Tuscul.
805 3799 820 3823 ,
850 3757 934 3811 cui
961 3751 1204 3824 proxime
1233 3753 1500 3808 accedunt
1528 3752 1756 3807 Ovidius
1784 3753 1910 3824 "lib.
1945 3767 1996 3824 vi
2034 3751 2143 3806 ille-

559 3829 829 3898 tamorph.
849 3869 862 3892 ,
884 3823 1158 3882 Plutarch.
1182 3826 1235 3879 in
1252 3825 1487 3898 Theseo,
1514 3824 1749 3898 habeant
1771 3823 2139 3898 Eurichtheus,

554 3900 694 3954 sicut
716 3896 986 3955 Lucianus
1016 3898 1320 3952 Erectheus.
1357 3897 1429 3950 At
1455 3897 1744 3951 maluimus
1781 3896 1978 3950 itnitari
2008 3896 2096 3949 Al.
2123 3935 2139 3962 ,

559 3971 708 4026 Peta.
730 4014 747 4038 ,
781 3972 877 4026 Lo.
908 3979 964 4025 et
985 3968 1281 4024 lsocratem
1304 3969 1362 4022 in
1405 3967 1606 4022 laudat.
1640 3966 1889 4031 Helenai,
1932 3967 2142 4038 illome-

556 4057 676 4096 rum
709 4037 907 4112 ipsum,
941 4042 1176 4096 Pausan.
1207 4039 1303 4094 lib.
1337 4054 1385 4106 !,
1417 4040 1689 4112 Justinuin
1717 4040 1808 4094 lib.
1846 4053 1904 4093 ιι.
1929 4037 1987 4112 lin
2021 4039 2138 4112 ῃ,

553 4113 621 4168 0.
647 4124 704 4170 et
731 4108 955 4169 'Vince’n.
985 4112 1254 4176 Ericteus,
1287 4125 1383 4165 seu
1413 4112 1574 4166 etiam
1619 4108 1860 4164 Erictous
1893 4125 1912 4164 :
1945 4111 1995 4164 in
2031 4109 2094 4164 V.
2121 4153 2136 4178 ,

551 4183 632 4241 Pi.
661 4227 676 4249 ,
708 4186 974 4240 Erictheus
1023 4196 1078 4240 et
1116 4182 1388 4237 Eritltreus
1411 4199 1431 4248 ;
1472 4182 1618 4236 hunc
1665 4183 1911 4237 nonnulli
1952 4177 2142 4236 volunt

551 4271 676 4312 esse
703 4258 952 4312 eumdem
996 4271 1118 4310 cutn
1170 4253 1548 4317 Erichthonio,
1594 4253 1664 4308 de
1703 4269 1811 4324 quo
1859 4254 2138 4324 superius;

556 4329 689 4383 mihi
718 4339 866 4384 certe
887 4327 1066 4382 minus
1095 4328 1255 4396 sapit.
1282 4326 1430 4381 Licet
1452 4325 1595 4380 enim
1626 4322 1872 4379 Justinus
1903 4322 2142 4378 Erichthi

557 4408 770 4455 tantum
801 4398 1147 4463 meminerit;
1180 4397 1471 4452 Eusebium
1501 4405 1680 4450 tamen
1712 4397 1872 4452 aliter
1899 4398 2142 4452 sensisse

553 4472 688 4526 satis
722 4473 912 4540 probat
939 4469 1190 4526 Chronici
1217 4469 1355 4523 ratio
1384 4479 1438 4524 et
1466 4479 1784 4531 contextus,
1814 4469 1866 4522 in
1899 4483 2006 4535 quo
2032 4466 2141 4522 duo

556 4554 932 4614 proponuntur
956 4558 970 4607 ;
1004 4543 1143 4597 alter
1165 4542 1256 4612 qui
1279 4549 1504 4612 quartus
1533 4554 1652 4607 rex,
1677 4540 1817 4595 alter
1844 4540 1938 4610 qui
1953 4549 2141 4595 sextus

555 4614 968 4670 Atheniensium
1000 4614 1179 4668 fuerit.

1255 4683 1565 4758 Janneus.
1589 4683 1720 4758 illoc
1759 4682 2137 4758 nobispotius
2165 4650 2220 4712 D

552 4754 840 4829 prebatum
867 4767 981 4826 est,
1012 4754 1173 4829 quam
1201 4755 1345 4829 quod
1372 4757 1503 4829 olim
1535 4757 1793 4829 Aidoncus
1811 4797 1827 4823 ,
1858 4754 2139 4829 veiAidu-

554 4826 679 4884 netis
709 4831 877 4894 Man,
910 4831 994 4884 vel
1031 4826 1264 4882 idoneus
1301 4827 1368 4881 0.
1391 4869 1406 4894 ,
1443 4827 1528 4881 Vi.
1564 4826 1698 4882 Cum
1738 4829 1882 4882 enim
1923 4827 1995 4880 sit
2031 4841 2139 4880 vox

551 4899 740 4956 Graeca
772 4900 1065 4968 Ἀϊδωνεὺς,
1097 4899 1285 4969 sicque
1325 4899 1533 4969 legatur
1572 4899 1712 4969 apud
1753 4897 2135 4969 Plutarchum,

555 4971 862 5038 Elianuin,
895 4982 952 5028 et
997 4973 1154 5037 alios,
1183 4971 1551 5041 diphthongus
1591 4994 1678 5036 au,
1712 4969 1898 5025 Latine
1929 4985 2025 5041 per
2054 4984 2135 5038 ω,

553 5043 800 5100 redditur
829 5061 844 5110 ;
875 5045 1160 5115 nullusque
1187 5040 1271 5098 est
1297 5042 1389 5111 qui
1413 5040 1620 5099 nesciat
1643 5056 1838 5097 nomen
1860 5055 1986 5098 esse
2011 5040 2137 5096 Plu-

555 5117 699 5170 tonis
727 5115 1141 5186 apudiGraacos.

629 5183 816 5260 (lbidl)
857 5185 1183 5260 Pirithoum.
1225 5184 1537 5260 Pyritltoum
1585 5185 1722 5242 Fox.
1763 5202 1781 5254 ;
1833 5183 2142 5241 Perithaum

556 5256 656 5314 Fa.
680 5299 694 5322 ,
729 5256 849 5328 Vil,
880 5259 978 5324 0.;
1018 5256 1304 5314 Perithoim
1331 5257 1456 5313 Fre.

620 5328 880 5401 (215,1i.)
920 5329 1238 5386 Laomedon.
1267 5329 1592 5395 Laumedon,
1627 5329 1732 5385 Fa.

624 5402 792 5474 (-215,
826 5400 926 5473 vi.)
969 5402 1258 5474 Orythiam.
1296 5405 1372 5458 De
1411 5403 1514 5458 hac
1552 5417 1688 5458 voce
1720 5400 1846 5458 vide
1881 5415 2003 5473 qua:
2040 5414 2139 5455 su-

550 5488 813 5628 priibid‘.)
845 5545 1031 5628 Asirwi
1061 5546 1223 5628 ﬁlius.
1264 5545 1457 5628 Astraba:

550 5615 712 5674 mea;
734 5618 876 5689 ﬁlius
915 5615 1087 5685 Mary;
1121 5617 1392 5672 Astrazlius
1428 5615 1576 5673 Peta.
1598 5658 1614 5684 ,
1647 5619 1814 5673 Astra:
1841 5615 1977 5671 Fux.
2026 5616 2138 5672 Sed

549 5691 668 5746 sine
691 5693 855 5746 dubio
881 5691 1092 5760 vulgata
1135 5689 1298 5745 lectio
1334 5698 1418 5743 est
1448 5689 1754 5744 retinenda.
1785 5689 1920 5744 Nam
1959 5700 2136 5760 poeta:

548 5761 759 5831 ﬁngunt
784 5766 1056 5817 Astraeum
1083 5775 1204 5816 cuin
1236 5760 1447 5814 Aurora
1473 5760 1854 5823 concubuisse,
1889 5773 1942 5815 et
1969 5777 2041 5816 ex
2070 5773 2134 5816 ea

549 5846 744 5904 ventos
771 5847 1086 5903 generasse,
1113 5833 1204 5904 qui
1226 5832 1392 5904 etiam
1431 5832 1588 5904 abeo
1617 5831 1798 5888 Astrei
1821 5832 1952 5887 dicti
1969 5841 2130 5888 sunt:

552 5903 622 5963 de
649 5919 754 5976 qua
779 5920 840 5961 re
861 5906 1015 5976 plura
1040 5903 1184 5977 apud
1213 5903 1464 5962 Ovidium
1503 5903 1599 5961 lib.
1642 5918 1733 5960 stv
1769 5905 2130 5974 Metamorpli.

1491 5545 1633 5616 ﬁlius
1661 5544 1761 5600 L0.
1783 5589 1797 5612 ,
1833 5543 1996 5616 Fre.;
2041 5544 2138 5598 As-

2245 3323 2528 3395 dinastiant
2567 3340 2662 3377 suo
2691 3324 2997 3394 imperatore
3039 3323 3114 3378 uti
3119 3323 3442 3395 foeperunt;
3478 3339 3697 3394 quorum
3729 3325 3844 3391 pri—

2245 3411 2360 3448 mus
2387 3392 2579 3449 Sethus
2622 3392 2790 3465 coepit.
2825 3397 2878 3450 lit
2911 3397 2979 3453 A.
3031 3411 3047 3450 ε
3085 3392 3304 3466 zEggpzi
3349 3392 3579 3466 dinastia
3617 3410 3840 3461 quorum

2245 3469 2443 3537 primus
2475 3466 2668 3520 Sethus
2697 3483 2783 3520 an.
2817 3469 2908 3523 55.
2945 3468 3001 3522 In
3031 3467 3128 3522 L0.
3155 3465 3174 3531 ,’
3215 3465 3365 3537 Peta.
3393 3485 3405 3519 :
3440 3465 3828 3537 .Egyptihxu,

2244 3535 2490 3611 ditiastia,
2505 3554 2726 3611 quorum
2744 3541 2940 3608 primus
2961 3541 3189 3611 regnatur
3211 3536 3368 3611 Zelus
3386 3553 3404 3591 :
3425 3535 3565 3611 idem
3589 3537 3640 3611 in
3663 3535 3835 3611 Ἐυξί,

2245 3610 2346 3664 nisi
2376 3607 2526 3678 quod
2549 3625 2647 3678 pro
2673 3607 2830 3664 Zeius
2854 3607 3046 3681 legitur
3066 3609 3320 3664 Thethus.
3346 3610 3402 3664 ln
3441 3609 3552 3676 Vi.,
3583 3609 3645 3662 0.
3681 3625 3696 3662 :
3728 3607 3845 3661 Ai-

2243 3681 2406 3752 gyptii
2435 3690 2548 3750 post
2581 3689 2813 3734 octavam
2841 3682 3093 3737 decimam
3129 3682 3409 3736 dinastiam
3437 3697 3547 3742 suo.
3575 3690 3681 3732 etc.
3713 3683 3848 3736 Alia

2244 3754 2579 3826 exemplaria
2605 3763 2711 3807 tam
2745 3770 2878 3810 mss.
2911 3770 3074 3826 quam
3127 3754 3391 3823 impressa
3435 3761 3674 3808 nostram
3720 3752 3848 3808 lec-

2246 3822 2449 3880 tionem
2482 3822 2736 3879 retinent.

2316 3895 2642 3967 (Ibid.);An.
2671 3897 2793 3952 194.
2823 3896 3031 3954 Auctus
3059 3913 3318 3952 numerus
3337 3938 3352 3962 ,
3390 3911 3511 3953 cum
3541 3899 3675 3955 olim
3713 3897 3832 3964 lu,

2244 3978 2467 4042 auctore
2485 3965 2592 4022 'Fa.
2614 4010 2629 4036 ,
2661 3968 2900 4024 maxime
2930 3985 3053 4024 cum
3074 3969 3214 4023 ratio
3241 3970 3438 4026 calculi
3462 3971 3530 4022 ita
3550 3971 3831 4042 iprmscri-

2245 4039 2368 4105 bat,
2404 4040 2528 4093 hinc
2572 4043 2950 4112 numeratione
2991 4052 3240 4110 suscepta
3287 4056 3458 4112 usque
3498 4039 3590 4096 ad'
3617 4043 3834 4096 initium

2243 4112 2506 4238 ﬁynasgm
2535 4111 2606 4166 '20
2625 4113 2870 4238 deesse
2899 4122 3081 4169 tamen
3109 4111 3424 4169 observabis
3447 4115 3502 4169 in
3525 4113 3683 4170 Peta.
3705 4155 3721 4181 ,
3740 4113 3834 4179 0.,

2293 4201 2345 4238 υ.
2363 4225 2378 4238 .
2458 4198 2548 4236 nx.
2570 4223 2586 4238 .
2670 4200 2707 4238 i.

2293 4201 2378 4248 o.,
2411 4198 2548 4238 r‘ux.
2570 4223 2586 4250 ,
2629 4198 2707 4238 Vl.

2319 4255 2484 4326 (2177,
2522 4259 2625 4325 vn.)
2664 4255 2920 4313 Phrixus.
2948 4255 3083 4311 Cum
3116 4258 3218 4313 hoc
3249 4271 3448 4312 nomen
3478 4255 3560 4312 his
3589 4254 3839 4312 invenia-

2246 4325 2337 4381 tur
2359 4327 2412 4381 in
2445 4325 2547 4380 hoc
2567 4327 2706 4383 libro
2729 4370 2744 4393 ,
2763 4329 2884 4397 ejus
2905 4329 3180 4384 scribendi
3207 4332 3347 4384 ratio
3375 4338 3460 4384 est
3491 4327 3638 4384 varia
3666 4346 3681 4380 ε
3725 4327 3846 4380 vul-

2243 4401 2351 4469 gati
2383 4398 2487 4452 hoc
2510 4399 2678 4472 priori
2700 4399 2822 4455 loco
2851 4401 3006 4467 peri,
3036 4410 3092 4456 et
3111 4401 3351 4456 secundo
3383 4416 3478 4470 per
3507 4417 3574 4472 y;
3601 4415 3664 4455 ex
3700 4413 3843 4452 mss.

2245 4485 2459 4544 quoque
2488 4471 2579 4525 alii
2598 4487 2700 4544 per
2726 4490 2782 4544 ῃ,
2811 4472 2904 4526 alii
2933 4474 3101 4542 peri,
3137 4483 3243 4527 tam
3272 4474 3437 4542 priori
3465 4471 3622 4542 quam
3652 4479 3845 4539 poste-

2245 4542 2381 4595 riori
2409 4541 2550 4596 loco.
2597 4542 2707 4599 Nec
2729 4541 2915 4598 ininor
2938 4541 3028 4599 est
3065 4541 3344 4599 contentio
3376 4541 3519 4599 inter
3557 4555 3840 4596 auctores.

2244 4611 2380 4687 [iam
2413 4611 3026 4687 Horatius,Columella,
3055 4615 3230 4687 etalii
3259 4631 3356 4686 per
3379 4631 3445 4687 y;
3467 4626 3521 4687 at
3546 4612 3842 4687 Pindarus,

2246 4683 2564 4751 Pausanias,
2601 4685 2827 4742 Ovidius
2845 4702 2943 4758 per
2963 4687 2980 4739 i
2997 4703 3028 4758 ς,
3046 4686 3169 4758 quia
3195 4683 3554 4742 tanien'video
3575 4684 3845 4755 majorem

2243 4771 2528 4828 numerum
2557 4757 2948 4828 exemplarium
2977 4757 3078 4813 hos
3126 4758 3349 4826 imitari,
3384 4759 3668 4827 minusque
3696 4770 3846 4828 pro-

2243 4827 2424 4882 habile
2448 4829 2518 4881 sit
2539 4827 2818 4886 auctorem
2845 4829 2983 4886 adeo
3009 4845 3132 4885 esse
3157 4829 3264 4884 sibi
3293 4830 3502 4885 varium
3525 4869 3541 4895 ,
3571 4837 3626 4883 et
3653 4827 3848 4882 diver-

2244 4912 2386 4963 sum,
2418 4901 2614 4966 placuit
2635 4903 2873 4957 retinere
2900 4902 3005 4956 hoc
3029 4903 3154 4956 loco
3179 4902 3452 4972 vulgatam
3479 4899 3843 4971 scripturam,

2245 4981 2300 5026 et
2324 4973 2619 5044 emendare
2647 4982 2989 5044 sequentem.

2317 5042 2506 5112 (lbid.)
2546 5045 2652 5099 Per
2677 5040 2837 5099 mare.
2871 5044 2974 5099 Per
3009 5061 3178 5100 aerem
3206 5045 3268 5100 L.
3296 5086 3312 5112 ,
3341 5043 3434 5112 A.,
3465 5043 3532 5100 Ἴ.
3551 5086 3566 5111 ,
3595 5042 3656 5099 Ρ.
3679 5081 3698 5109 ,
3728 5040 3844 5104 Pi.,

2246 5114 2398 5170 Pcta.
2419 5155 2433 5178 ,
2465 5114 2630 5184 Fux.,
2660 5116 2779 5172 Ado
2814 5118 2866 5170 in
2895 5115 3152 5172 Chronic.
3212 5116 3532 5185 Apollodor.
3564 5116 3658 5170 lib.
3693 5129 3746 5179 πί
3784 5122 3846 5168 et

2245 5185 2327 5258 sic
2354 5185 2569 5242 videtur
2595 5191 2795 5244 sentire
2825 5189 2888 5243 Ι).
2920 5190 3055 5258 Aug.
3091 5188 3183 5243 lib.
3218 5203 3370 5254 xvnt,
3397 5187 3466 5243 de
3492 5186 3681 5258 Civit.,
3705 5199 3837 5253 cap.

2247 5257 2338 5329 14.
2371 5258 2567 5314 Verum
2593 5261 2743 5329 prius
2773 5257 3112 5315 commodius
3139 5277 3150 5311 :
3176 5261 3230 5315 in
3257 5259 3358 5314 Lo.
3383 5260 3446 5313 ab
3476 5257 3842 5329 aere.iNostra

2245 5328 2411 5403 lectio
2456 5340 2539 5385 est
2586 5328 2754 5403 ipsius
2793 5333 3075 5403 Palephati
3112 5331 3210 5386 lib.
3260 5329 3335 5403 de_
3365 5330 3560 5403 fabulis
3605 5328 3692 5403 δεδι
3740 5335 3843 5403 τῆς

2245 5402 2508 5480 θαλάσςςιζης
2533 5399 2880 5480 ἁφίκόντες-ιες
2905 5399 2990 5480 es»
3010 5401 3239 5480 Εῆξεινον
3265 5399 3468 5480 «durae.
3502 5401 3610 5480 Sic_
3631 5400 3846 5480 Diodo-

2246 5488 2362 5544 rus,
2396 5475 2489 5528 lib.
2533 5470 2585 5531 tv'
2618 5491 2740 5544 cap.
2779 5475 2836 5542 4,
2871 5477 3019 5543 vult,
3051 5476 3181 5529 dum
3211 5474 3403 5530 scribit
3433 5470 3847 5528 transfretanti-

2242 5543 2343 5600 bus
2369 5544 2570 5602 Phrixo
2597 5557 2653 5603 et
2683 5546 2836 5602 Helle
2865 5562 2929 5602 ex
2981 5548 3194 5615 Europa
3227 5546 3280 5600 in
3332 5544 3513 5600 Asiani
3547 5558 3716 5615 super
3732 5557 3843 5615 au-

2242 5631 2339 5672 reo
2359 5618 2550 5685 ariete,
2567 5620 2830 5690 virginem
2857 5621 2910 5672 in
2937 5633 3086 5673 mare
3107 5613 3383 5690 delapsam
3405 5613 3845 5690 nomen_ll_elles-

2242 5698 2406 5758 ponto
2436 5687 2675 5757 dedisse,
2709 5699 2764 5745 et
2812 5691 3070 5745 Phrixum
3118 5691 3172 5744 in
3204 5688 3432 5743 Pontum
3482 5687 3846 5758 proﬁciscen-

2244 5755 2350 5831 tem
2372 5761 2610 5818 delatum
2639 5755 2691 5816 in
2723 5759 2985 5818 Colchida
3015 5778 3030 5815 :
3061 5771 3115 5816 et
3135 5760 3332 5831 Apulei
3375 5755 3554 5831 lib.'_vt
3577 5755 3838 5831 deAAsin.

2238 5829 2496 5959 iisti-imm
2543 5833 2698 5892 arieti
2742 5841 3130 5907 supernatasse
3162 5828 3198 5888 z‘
3221 5833 3350 5891 hinc
3380 5829 3561 5889 Manil.
3608 5828 3708 5887 lib.
3739 5843 3796 5885 tv
3819 5868 3838 5898 ,

2341 5919 2460 5959 ιὀη.
2502 5923 2516 5959 ζ

2287 5911 2460 5962 stron.
2502 5923 2516 5961 :
