4112 6440
596 348 696 410 911

1287 343 1380 400 AD
1417 338 1810 400 CHRONICON
1850 337 2756 400 EUSEBlO-HIERONYMIANUM
2794 335 3163 396 APPENDIX.
3761 333 3851 390 9η

589 466 816 524 lluvium
842 461 979 534 ignis
994 475 1058 518 ex
1081 461 1245 518 Etna
1276 472 1487 529 monte,
1519 462 1702 519 hieme
1730 463 1862 518 anni
1892 461 2031 518 sexti
2059 461 2184 534 belli
2212 464 2260 523 Α
2292 461 2494 520 habent
2521 477 2712 518 omnes
2742 459 2868 534 libri
2889 500 2903 522 ,
2936 460 3020 534 vel
3061 455 3550 534 praetermittemus
3603 468 3741 534 esset
3771 475 3850 514 an-

600 533 1045 605 Peloponnesiaci
1084 537 1356 604 erupisse,
1401 535 1495 605 qui
1549 538 1833 591 concurrit
1877 549 1999 590 cum
2030 549 2120 589 an.
2151 533 2184 588 6

601 608 874 666 Archelai.

676 677 824 751 (455,
839 681 940 748 tv.)
959 678 1275 734 Tel-mutatu
1297 677 1436 751 apud
1461 677 1650 751 _Locros
1668 679 1827 732 scissa
1849 676 2093 732 Atalante
2114 678 2186 731 ci-

597 749 730 807 uitas
760 752 902 820 {arta
944 758 1017 804 est
1063 751 1256 804 insula.
1293 749 1423 803 Mira
1463 749 1608 812 lucc,
1661 751 1755 803 sed
1801 759 1978 803 tamen
2025 759 2184 802 antea

601 827 781 879 minus
815 822 1044 876 ﬁdeliter
1064 835 1343 887 expressa,
1377 835 1498 876 cum
1533 822 1859 876 haberentur
1882 822 1984 874 ita:
2015 831 2188 873 (errre-

599 904 726 950 mot.
766 911 852 965 ap.
886 892 1008 965 Loc.
1036 893 1198 965 scisso
1221 891 1479 945 Atltlrente
1506 893 1684 965 civitas
1715 894 1949 965 factacst
1975 892 2187 956 insula;

602 962 904 1038 ignorantia
933 962 1333 1038 librariidhunc
1365 965 1542 1038 locum
1575 962 1721 1038 mire
1762 962 1993 1038 ftedarat
2014 980 2036 1038 _:
2066 977 2185 1038 cum

600 1032 745 1094 enim
779 1045 1088 1092 occurreret
1109 1034 1185 1087 illi
1215 1050 1299 1088 me
1326 1037 1476 1089 uoria
1509 1036 1710 1090 montis
1732 1033 1968 1089 celebris
1997 1032 2191 1088 Atlan-

602 1111 673 1164 tis
713 1110 766 1162 in
793 1107 993 1172 Africa,
1028 1105 1169 1176 quod
1218 1105 1307 1160 hic
1335 1106 1403 1159 de
1453 1105 1692 1170 civitate,
1736 1105 1840 1159 dici
1877 1105 2082 1170 putavit
2121 1104 2190 1160 de

600 1189 806 1242 monte,
840 1189 1062 1248 propter
1085 1191 1279 1230 vocum
1311 1177 1652 1248 afﬁnitatem,
1687 1178 1818 1248 licet
1848 1176 2054 1248 distent
2080 1185 2190 1229 toto

600 1252 762 1320 caelo,
793 1245 914 1304 cum
945 1245 1050 1301 illa
1077 1249 1132 1320 in
1160 1248 1396 1320 Etll’0pa,
1428 1247 1514 1301 hic
1547 1248 1598 1320 in
1627 1245 1831 1320 Africa.
1863 1245 2044 1320 Ol'fusa
2075 1257 2193 1320 erat

598 1317 792 1392 caligo,
821 1321 923 1376 nisi
957 1335 1076 1392 eam
1105 1319 1445 1392 depulissent
1483 1319 1712 1392 codices
1732 1319 1811 1371 Pi.
1848 1327 1918 1392 _et
1960 1317 2072 1392 Al,
2101 1319 2190 1392 qui

598 1389 804 1449 habent
832 1393 991 1446 scissa
1013 1390 1280 1453 Atalante,
1314 1391 1508 1457 quibus
1550 1389 1816 1444 accedunt
1848 1389 1954 1453 Vi.,
1989 1390 2074 1454 0.,
2103 1389 2190 1442 ubi

598 1481 696 1534 pro
722 1465 890 1519 scisso
915 1462 1303 1534 legiturscissa
1335 1459 1654 1534 :urprresidio
1676 1462 1842 1514 etiam
1869 1459 1968 1513 fuit
1997 1459 2194 1534 Maria-

596 1531 737 1599 nos,
798 1531 1282 1590 scissa'Atalanta.
1338 1531 1613 1585 Firmatur
1669 1542 1849 1585 nostra
1909 1531 2193 1590 castigatio

599 1607 926 1663 auctoritate
952 1605 1311 1658 vetustiorum
1345 1611 1652 1666 auctorum,
1685 1613 1742 1655 ut
1769 1602 2050 1655 Strabonis
2077 1601 2112 1654 Ι.
2144 1617 2189 1655 l:

595 1681 799 1753 λέγουσι
834 1677 889 1733 δέ
913 1679 995 1731 καὶ
1019 1685 1110 1735 τῆς
1130 1675 1430 1753 Ἀςαλοζντης
1455 1677 1586 1753 [retis
1610 1683 1702 1753 τῆς
1723 1674 1938 1753 Εὐϐοίες
1966 1674 2031 1728 τὰ
2055 1675 2196 1753 μέσα

597 1745 852 1823 ῥήίγματος
887 1750 1145 1823 ’γενομένῳ
1178 1745 1418 1823 διάτῖλονν
1455 1745 1720 1823 ’δέξᾳω-ΘοιιΔ
1741 1747 1942 1823 μεῖαξὺ.
1983 1747 2066 1799 καὶ
2095 1753 2193 1823 τῶιξ

595 1815 782 1878 ίπεδῖων
815 1815 925 1876 ἕνιὰ
951 1815 1036 1874 atati
1062 1820 1225 1893 μέχρι
1254 1815 1413 1893 cingat.
1441 1816 1665 1872 σταδίων
1701 1815 2064 1893 ἐπικλυσθῆναι
2109 1819 2195 1870 καὶ

597 1900 794 1970 τριήρει
821 1894 934 1947 τινὰ
964 1891 1012 1943 ἐν
1053 1887 1424 1964 ὲῷήῶεωρὶδιον
1465 1891 1842 1970 ἑξᾳιρεισθε-ῖσαν
1870 1890 2188 1970 ύπερπεοξξῑν

598 1958 692 2020 τόῦ
718 1958 964 2029 ἶτείχουςς
996 1971 1051 2015 et
1074 1958 1109 2014 ιζ
1146 1976 1217 2024 Ix,
1254 1958 1487 2029 loquitur
1514 1958 1583 2014 de
1610 1959 1862 2013 Atalante
1888 1958 2059 2011 insula
2085 1958 2190 2011 Eu-

599 2036 761 2088 boica:
791 2030 1129 2102 L'ocrensique
1153 2032 1481 2097 cognomine;
1505 2041 1557 2084 et
1598 2030 1758 2098 paulo
1782 2032 1917 2084 inira
1947 2030 2191 2102 meminit

596 2107 824 2162 alterius
860 2101 1052 2158 insulae
1078 2102 1318 2171 ejusdem
1365 2102 1598 2154 nominis
1628 2112 1753 2154 ante
1781 2101 2046 2170 Opuntem
2077 2119 2086 2152 :
2123 2101 2191 2155 de

597 2179 699 2231 hac
721 2179 849 2230 item
872 2175 1179 2236 Stephanus
1207 2174 1271 2224 de
1305 2173 1550 2236 urbibus,
1583 2172 1826 2232 Ἀταλάτη
1857 2175 1886 2231 ἡ
1915 2173 2190 2231 Ἀταλάντη

595 2252 627 2308 ἡ
666 2250 768 2320 {trra
794 2247 1058 2320 Ἀθηναὶςρν
1098 2247 1376 2320 ’κτισθεῖᾳᾳ
1421 2247 1562 2318 παρὰ
1590 2252 1824 2320 Λφκρρῑς.
1862 2243 2024 2320 Plin,
2059 2247 2104 2320 Δ1.
2138 2259 2190 2296 Iv

594 2338 647 2375 (ο.
681 2318 764 2383 12,
795 2321 868 2371 ait
896 2322 945 2369 in
978 2315 1176 2380 Euripo
1206 2315 1438 2369 Euboico
1479 2314 1586 2368 esse
1616 2314 1909 2368 Atalantem
1928 2314 2192 2379 insulam;

594 2402 648 2445 et
672 2390 709 2443 I.
744 2404 781 2443 ll
807 2403 858 2442 c.
893 2387 999 2442 88:
1032 2386 1260 2444 Natura.
1292 2387 1494 2454 inquit,
1518 2387 1691 2440 avellit
1726 2385 1965 2440 Siciliam
1993 2384 2188 2447 Italiae,

593 2461 822 2532 Cyprum
849 2459 1046 2532 Syrias,
1070 2456 1276 2532 Euboea:
1305 2456 1618 2532 Atalantein.
1652 2457 1878 2511 Pausan.
1915 2457 1950 2510 Ι.
1978 2473 2005 2510 x
2033 2456 2193 2532 habet

593 2528 853 2588 nonnulla
901 2528 971 2584 de
1023 2529 1272 2584 Atalante
1325 2528 1518 2582 insula.
1571 2529 1835 2582 Praeterea
1870 2543 1972 2581 vox
2013 2529 2191 2581 civitas

595 2601 934 2658 amandantla
966 2600 1284 2658 videbatur:
1315 2600 1465 2653 abest
1496 2599 1639 2652 enim
1670 2615 1696 2651 a
1725 2599 1850 2664 Lo.,
1875 2599 1980 2660 Pi.,
2012 2599 2188 2664 Peta.,

594 2675 708 2738 VL,
759 2672 848 2738 0.,
884 2671 1005 2737 Fa.,
1039 2671 1200 2737 Fux.,
1236 2671 1367 2725 Mar.
1397 2691 1408 2725 :
1443 2669 1797 2724 nihilominus
1838 2679 2016 2724 tamen
2067 2672 2191 2739 quia

598 2756 774 2802 exstat
803 2746 855 2798 in
901 2743 1232 2814 vulgaribus,
1275 2752 1346 2814 et,
1379 2741 1635 2814 (obducit
1659 2741 1724 2794 ad
1755 2741 2186 2814 intelligentiam,

594 2817 908 2872 censuimus
937 2811 1298 2869 retinendam.
1331 2811 1570 2880 Denique
1599 2821 2065 2867 connumerantur
2089 2813 2189 2866 ista

599 2892 654 2944 in
681 2888 806 2953 Fa.,
829 2887 954 2950 Lo.,
983 2885 1094 2956 Pi.,
1113 2885 1270 2951 Mar.,
1297 2897 1439 2938 anno
1466 2884 1496 2956 7
1520 2884 1789 2956 Archelai,
1817 2899 1909 2937 seu
1935 2885 2187 2956 5olymp.

593 2961 703 3025 88;
737 2960 789 3014 in
836 2958 1014 3020 Peta.,
1058 2955 1220 3015 Fux.,
1252 2972 1340 3009 an.
1386 2958 1448 3020 8;
1484 2955 1536 3009 iu
1576 2953 1681 3020 Vi.,
1710 2954 1799 3019 0.,
1832 2971 1924 3009 an.
1975 2953 2059 3008 11‘.
2095 2957 2192 3010 Sc-

595 3031 798 3101 quendi
821 3040 947 3084 sunt
997 3027 1354 3101 proculdubio
1383 3027 1657 3101 vulgares,
1690 3042 1842 3101 cum,
1873 3035 2012 3101 teste
2035 3027 2189 3101 :l‘hu-

596 3096 818 3172 cydidc,
861 3101 896 3153 I.
931 3115 1009 3172 nt,
1040 3097 1175 3152 illud
1206 3097 1468 3172 acciderit
1495 3096 1647 3151 initio
1675 3113 1777 3172 _an.
1814 3099 1846 3172 6
1877 3097 2003 3152 belli
2035 3098 2191 3172 Pelof

594 3169 914 3243 ponnesiaci
943 3171 1087 3243 circa
1114 3169 1541 3243 aestatemillius
1563 3169 1710 3243 anni,
1744 3170 1834 3238 qui
1865 3178 1950 3243 est
1981 3171 2187 3243 auctori

2290 549 2393 590 nus
2432 535 2524 606 qui
2567 532 2930 606 interponitur
2957 533 3104 606 inter
3142 531 3507 606 Psanimutem
3537 538 3593 585 et
3619 530 3850 606 blectane-

2291 607 2416 660 bum
2450 601 2725 676 primum,
2761 605 2906 675 quod
2949 605 3151 658 factum
3196 602 3297 657 fuit
3338 603 3391 656 in
3433 601 3538 656 illis
3579 601 3741 657 tribus
3774 619 3852 658 co-

2291 677 2521 732 dicibus.

2362 748 2550 820 (lbid.)
2589 747 2898 820 Amartlteus
2945 748 3143 820 primus
3185 745 3668 820 Saites.__.4rnarcrts
3700 747 3856 820 _Saites

2290 816 2382 888 Λ.,
2418 819 2726 873 Amartlteus
2754 819 2918 873 Suitis
2951 819 3042 880 L.;
3074 819 3348 888 Antarteus
3379 817 3550 872 Saites
3580 818 3676 884 M.,
3700 816 3853 884 Peta.;

2293 890 2593 944 Antarthius
2616 891 2812 959 primus
2834 891 2975 944 Alles
3007 887 3205 953 V.,P.,
3235 890 3365 954 Va.;
3403 888 3705 943 Amartheus
3739 891 3856 945 Altes

2293 961 2417 1027 Lo.,
2465 961 2587 1027 Fa.;
2621 961 3027 1017 Amaxiustactis
3077 961 3234 1025 Man;
3282 961 3730 1014 Amartheussaius
3770 962 3856 1028 PL;

2294 1033 2600 1087 Amartheus
2639 1033 2810 1088 Saltes
2839 1031 3000 1088 Fux.:
3033 1032 3128 1086 sed
3156 1047 3280 1087 cum
3310 1031 3473 1098 hujus
3502 1046 3756 1101 nusquam
3783 1050 3859 1087 ex-

2297 1115 2406 1158 stat
2437 1105 2699 1159 memoria
2739 1105 2881 1168 apud
2921 1103 3173 1171 veteres,
3216 1120 3374 1173 quam
3416 1119 3482 1158 ex
3525 1103 3606 1157 his
3644 1105 3858 1172 appella-

2298 1176 2533 1229 tionibus
2562 1173 2967 1244 geruianiorrm
2999 1174 3355 1230 asseremus?

2368 1245 2524 1315 (457,
2563 1245 2642 1318 v.)
2676 1245 2829 1318 Plato
2879 1249 3146 1311 nascitur,
3201 1256 3310 1301 etc.
3357 1244 3859 1318 Natumrplatonem

2297 1318 2536 1372 indicant
2563 1333 2752 1372 omnes
2779 1317 2898 1372 libri
2929 1329 3036 1371 tam
3068 1333 3224 1381 mss.,
3250 1329 3307 1370 ut
3327 1327 3534 1382 septem
3569 1317 3792 1371 Vaticani
3819 1332 3858 1374 el

2297 1389 2424 1454 alii,
2461 1404 2621 1458 quam
2656 1388 2784 1444 editi
2823 1399 2876 1442 et
2910 1391 3065 1456 Mar.,
3093 1404 3236 1443 anno
3268 1388 3300 1441 4
3330 1389 3532 1459 olymp.
3563 1389 3660 1451 88;
3693 1401 3862 1455 prznter

2298 1459 2620 1528 Vi.,0.,qui
2647 1475 2791 1515 anno
2819 1461 2850 1514 5
2878 1461 3081 1530 olymp.
3113 1460 3212 1516 89:
3250 1469 3304 1514 et
3331 1460 3498 1514 simili
3523 1462 3758 1527 proiecto
3783 1477 3862 1517 co-

2297 1530 2419 1585 dice
2461 1545 2590 1586 usus
2615 1541 2698 1584 est
2721 1532 3059 1595 Antoninus,
3085 1533 3172 1588 ubi
3199 1547 3265 1586 ex
3301 1531 3534 1585 Eusebio
3559 1532 3860 1589 nativitatem

2301 1603 2537 1656 Platonis
2586 1603 2819 1672 aSs'ignal
2854 1619 2995 1656 anno
3019 1603 3050 1654 4
3083 1602 3226 1657 Darii
3257 1602 3414 1656 Nothi
3440 1646 3454 1667 ,
3483 1605 3572 1671 qui
3609 1603 3658 1655 itt
3683 1602 3760 1666 νη
3787 1604 3861 1672 0.,

2298 1675 2572 1728 concurrit
2619 1688 2739 1726 cum
2795 1673 2888 1728 illo
2919 1690 3060 1728 anno
3103 1677 3136 1730 5
3171 1674 3373 1743 olymp.
3405 1674 3497 1737 89,
3542 1673 3667 1727 licet
3694 1675 3741 1727 in
3769 1677 3857 1729 Vlti-

2298 1746 2438 1816 gatis
2468 1745 2540 1798 sit
2576 1745 2643 1800 ad
2685 1761 2774 1799 an.
2807 1744 2839 1796 1
2877 1745 3119 1815 ejusdem
3164 1745 3368 1816 olymp.
3409 1746 3658 1800 Laertius
3689 1746 3720 1797 I.
3747 1762 3795 1800 lll
3821 1756 3860 1800 et

2299 1815 2496 1869 Suidas
2549 1817 2877 1870 conﬁrmant
2907 1817 3124 1886 quidem
3177 1815 3366 1881 natum
3414 1817 3508 1870 illa
3560 1818 3758 1886 olymp.
3787 1817 3857 1872 88.

2305 1887 2499 1941 Verum
2533 1903 2640 1955 quo
2666 1887 2810 1941 illius
2833 1902 3009 1948 anno.
3047 1888 3466 1957 pra'tcrmittunt
3505 1905 3518 1940 :
3555 1897 3728 1941 tamen
3761 1905 3862 1942 cum

2295 1957 2501 2030 addunt
2523 1959 2722 2030 vixisse
2751 1975 2921 2013 annos
2945 1959 3104 2022 8|,et
3133 1959 3436 2014 decessisse
3458 1975 3604 2013 anno
3635 1959 3659 2010 1
3684 1959 3861 2030 olymp.

2302 2031 2426 2093 108,
2461 2029 2768 2098 signiﬁcant
2799 2043 2982 2084 natum
3034 2046 3177 2085 anno
3224 2033 3248 2085 1
3295 2032 3497 2101 olymp.
3562 2031 3651 2086 88.
3689 2029 3805 2084 Nam
3827 2032 3862 2084 is

2293 2101 2457 2172 etiam
2483 2116 2599 2154 tuos
2620 2111 2703 2155 est
2727 2110 2966 2156 veterum
2993 2103 3340 2172 scriptorum,
3361 2100 3572 2156 'tttdum
3598 2102 3864 2170 loquuntur

2295 2171 2616 2239 simpliciter
2639 2172 2707 2226 de
2738 2173 3050 2242 Olympiade
3072 2215 3087 2239 ,
3108 2171 3437 2244 intelligant
3485 2183 3544 2228 ut
3599 2174 3860 2242 plurimum

2295 2257 2503 2316 annum
2524 2244 2755 2312 primum
2803 2245 2968 2316 illius.
3002 2245 3080 2298 Ad
3106 2261 3264 2316 quem
3309 2245 3470 2298 situm
3496 2245 3862 2299 videturacce-

2295 2314 2423 2368 dere
2454 2314 2799 2380 Plutarchus,
2831 2315 2955 2370 dum
3008 2316 3058 2370 iu
3090 2314 3199 2370 vita
3250 2316 3500 2370 Isocratis
3531 2317 3608 2369 ait
3636 2332 3751 2369 eum
3777 2333 3860 2369 na-

2297 2395 2406 2458 tum
2456 2386 2601 2439 circa
2653 2385 2856 2458 olymp.
2910 2388 3014 2455 86,
3064 2395 3120 2458 et
3165 2402 3256 2458 an:
3309 2388 3337 2439 7
3389 2397 3516 2442 ante
3570 2387 3858 2458 Platonem:

2295 2455 2764 2529 Atheuiettsvero,
2793 2457 2831 2510 l.
2853 2473 2885 2511 ν
2904 2473 3022 2526 cap.
3057 2456 3147 2523 12,
3171 2457 3339 2529 refert
3364 2474 3485 2514 eum
3519 2467 3702 2529 natum
3726 2457 3862 2529 Αροι-

2295 2527 2476 2581 lodoro
2529 2528 2752 2582 Athenis
2796 2529 3094 2592 archonte,
3121 2537 3179 2583 et
3221 2528 3422 2584 ohiisse
3468 2530 3572 2584 sub
3599 2527 3860 2594 Theophila

2295 2597 2465 2653 altero
2495 2603 2773 2666 archonte,
2809 2615 2931 2654 cum
2959 2601 3192 2656 vixisset
3241 2600 3310 2655 82
3355 2616 3551 2655 annos.
3586 2603 3654 2655 At
3692 2600 3862 2656 Diodo-

2296 2684 2409 2736 rus,
2464 2670 2499 2723 l.
2551 2686 2664 2737 xu,
2713 2681 2995 2741 comparat
3047 2671 3437 2740 Apollodorum
3490 2687 3616 2726 cum
3670 2687 3801 2726 anno
3834 2673 3862 2726 5

2295 2741 2499 2812 olymp.
2525 2742 2724 2812 87,qui
2755 2744 2910 2797 nobis
2931 2752 3020 2798 est
3047 2743 3114 2796 ab
3144 2742 3413 2797 Abraham
3445 2743 3613 2809 1587;
3640 2755 3691 2799 et
3711 2742 3862 2798 Theo-
3901 2786 3911 2796 .

2294 2809 2503 2884 pliiIum
2537 2813 2610 2882 (Ι.
2647 2809 2775 2884 ivi)
2804 2831 2923 2869 cum
2957 2815 3148 2868 annol
3185 2813 3385 2884 olymp.
3433 2815 3554 2880 108,
3589 2816 3676 2884 qui
3711 2827 3783 2869 est
3803 2816 3861 2868 ah

2293 2883 2566 2955 Abraham
2593 2883 2761 2954 1666,
2783 2896 2837 2939 et
2859 2886 2937 2940 sic
2953 2885 3298 2955 reperiuntur
3324 2883 3633 2941 intermedii
3665 2888 3779 2939 anni
3805 2884 3862 2940 82

2294 2952 2419 3008 vitae
2467 2952 2858 3011 Platonis.'Alii
2891 2952 3450 3025 vero-chronographi
3498 2973 3609 3012 non
3661 2957 3858 3012 levioris

2295 3034 2435 3100 notg
2475 3026 2762 3100 conferunt
2788 3027 3181 3096 Apollodorum
3209 3044 3330 3100 cum
3358 3043 3459 3100 an.
3504 3029 3540 3083 5
3561 3031 3755 3100 olymp.
3785 3031 3858 3100 88,
3928 3051 3932 3056 η

2293 3104 2348 3171 et
2387 3097 2749 3171 Theophilum
2797 3115 2920 3171 cum
2970 3115 3114 3171 anno
3149 3104 3172 3154 1
3216 3098 3460 3171 ejusdem
3499 3097 3719 3171 olymp.’
3753 3099 3855 3154 108.

2295 3166 2400 3221 Sed
2443 3168 2594 3236 juxta
2643 3169 2764 3225 illos
2808 3169 3073 3226 dicendus
3110 3166 3257 3225 esset
3300 3170 3502 3227 vixisse
3555 3166 3752 3226 tantum
3782 3187 3860 3223 an-

596 3239 772 3300 annus
814 3243 844 3296 7
881 3241 1167 3313 Archelai,
1222 3239 1531 3310 incipiendo
1558 3255 1588 3294 a
1621 3241 1794 3308 primo
1845 3240 1934 3296 die
1983 3240 2190 3296 mensis
2218 3247 2266 3312 C
2298 3253 2404 3313 nos
2442 3240 2530 3305 79,
2566 3256 2685 3308 quas
2735 3242 2984 3305 varietas,
3020 3241 3148 3298 licet
3195 3257 3301 3313 non
3333 3244 3405 3296 sit
3451 3243 3674 3313 exigua,
3705 3253 3858 3296 tamen

595 3315 720 3370 Jan.
753 3329 903 3368 more
935 3312 1206 3366 Romano.

672 3386 831 3459 (4})7,
863 3383 948 3459 t_t.)
982 3383 1184 3459 blenses
1229 3390 1440 3459 septeni.
1469 3380 1560 3459 Sic
1590 3396 1656 3437 ex
1679 3382 1807 3459 Lo.,
1841 3382 1935 3447 A.,
1958 3381 2062 3459 _L.,
2096 3383 2190 3459 M.,

2298 3310 2499 3383 indicat
2545 3326 2732 3383 omnes
2771 3313 3067 3368 convenire
3111 3313 3178 3368 de
3224 3312 3344 3382 ejus
3388 3310 3630 3369 obitu'in
3677 3314 3856 3383 olymp.

2298 3379 2400 3458 _108
2427 3423 2441 3446 ,
2469 3382 2810 3458 et_majorem
2851 3399 3135 3458 numerum
3168 3384 3236 3440 de
3255 3379 3385 3458 tortu
3426 3386 3476 3439 in
3529 3379 3854 3458 olympf883

601 3453 692 3527 P.,
723 3457 837 3521 Vi.,
867 3456 956 3520 0.,
989 3454 1109 3517 Lo.,
1141 3453 1315 3519 Peta.,
1342 3453 1501 3517 Mar.,
1524 3453 1806 3527 Antpniuo
1854 3469 1919 3527 es
1958 3453 2194 3509 Eusebio

601 3523 917 3596 et'Sulpitio
951 3527 1043 3580 lib.
1070 3543 1128 3584 ιι.
1158 3539 1257 3594 pro
1285 3541 1481 3579 menses
1513 3525 1566 3578 8.
1615 3523 1823 3596 Ctesias
1873 3524 1949 3596 ait
2001 3542 2196 3582 nienses

597 3616 711 3666 sex,
739 3595 848 3653 dies
877 3597 1193 3669 quindecim.
1226 3595 1611 3669 Sed_l~|ieron.,
1640 3595 1693 3650 in
1728 3595 2002 3651 Ezechiel.
2035 3611 2084 3651 c.
2115 3614 2191 3664 tv,

598 3680 843 3727 nostram
876 3667 1168 3724 lectionem
1200 3667 1468 3737 sequitur.

673 3741 874 3813 (lbid.)
923 3740 1012 3794 Sic
1041 3755 1154 3813 per
1187 3736 1387 3813 nienses
1433 3738 1660 3813 diuersos
1712 3736 1793 3791 Itis
1841 3739 2194 3813 superioribus

599 3809 768 3867 annus
824 3809 1091 3865 accrescit.
1137 3810 1276 3864 Olim
1335 3809 1449 3864 haec
1507 3809 1847 3864 habebantur
1904 3813 2048 3864 inter
2105 3811 2191 3864 illa

598 3884 790 3950 verba,
837 3883 1133 3954 Sogdianus
1180 3879 1286 3954 IX,
1318 3897 1476 3934 mens.
1512 3880 1565 3944 7,
1595 3890 1647 3954 et
1685 3881 1798 3954 hinc
1822 3885 1904 3934 cui
1954 3884 2194 3936 successit

603 3955 828 4014 Darius,
859 3952 954 4009 sed
999 3953 1358 4017 expunximus
1384 3953 1510 4020 quia
1541 3952 1744 4005 nullum
1771 3953 2039 4023 integrum
2064 3968 2192 4007 sen-

602 4041 722 4081 sum
751 4025 1014 4080 efﬁciunt.
1051 4023 1439 4078 Desiderantur
1483 4023 1706 4076 omnino
1745 4023 1797 4077 in
1827 4023 1921 4090 A.,
1963 4023 2066 4085 Vi.,
2100 4023 2190 4091 0.,

603 4098 704 4162 M.,
736 4096 822 4162 V.,
856 4095 978 4160 Va.,
1009 4094 1095 4157 P.,
1127 4093 1250 4159 Lo.,
1301 4092 1419 4156 Fa.,
1466 4092 1628 4160 Fux.,
1652 4093 1807 4159 Mar.,
1854 4095 2108 4160 Vincen.;
2140 4105 2195 4151 et

601 4169 652 4224 si
678 4176 864 4224 essent
895 4166 1196 4226 retinenda,
1222 4165 1559 4219 emendanda
1587 4175 1790 4228 essent,
1823 4165 1981 4220 sicuti
2016 4168 2195 4234 prodit

601 4238 686 4294 Pi.
721 4257 732 4290 :
763 4239 848 4292 hic
878 4239 967 4308 per
1006 4253 1202 4289 menses
1234 4236 1457 4308 diuersos
1484 4239 1575 4289 Itos
1616 4244 1661 4289 et
1693 4238 1985 4308 superiores
2031 4255 2194 4293 annos

603 4308 826 4380 latinus)
856 4307 1239 4380 accrescit,_utr
1271 4307 1341 4359 sit
1371 4319 1563 4380 sensus
1593 4321 1656 4380 ex
1706 4307 1791 4361 his
1839 4307 1874 4358 ‘2
1918 4309 2193 4365 mensibus

603 4376 816 4434 Xerxis
845 4389 902 4434 et
927 4380 958 4432 7
987 4377 1276 4446 Sogdiani,
1312 4387 1367 4430 et
1403 4376 1433 4428 7
1475 4377 1761 4441 Artabani,
1793 4381 2190 4436 conﬁciendum

2294 3451 2420 3525 ideo
2444 3453 2594 3508 nefas
2617 3451 2874 3509 duximus
2902 3456 3182 3510 discedere
3211 3472 3241 3510 a
3273 3456 3521 3525 vulgatis.
3555 3451 3706 3511 A'dde
3735 3455 3857 3523 quod

2294 3523 2379 3598 ab
2409 3525 2524 3598 ejus
2569 3540 2711 3598 anno
2740 3539 2892 3598 ortus
2931 3527 2966 3580 4
2995 3529 3197 3598 olymp.
3243 3528 3331 3595 88,
3365 3523 3536 3597 usque
3579 3529 3645 3582 ad
3682 3544 3856 3582 annum

2294 3594 2476 3650 obitus
2494 3595 2526 3648 4
2548 3597 2750 3668 olymp.
2775 3596 2896 3662 108,
2920 3594 3092 3668 probe
3112 3594 3460 3668 assequimur
3475 3613 3572 3654 eos
3601 3614 3763 3652 annos
3781 3598 3856 3658 8|.

2293 3681 2430 3736 quos
2459 3669 2568 3736 egit
2609 3670 2762 3722 Plato
2795 3670 3106 3725 testimonio
3155 3685 3262 3723 non
3296 3670 3470 3724 solum
3499 3670 3732 3734 Laertii,
3777 3668 3856 3723 sed

2293 3735 2521 3810 Luciani
2549 3740 2599 3792 in
2631 3740 2900 3794 Macrobio
2921 3783 2933 3800 ,
2968 3750 3022 3794 et
3051 3739 3334 3796 Censorini
3359 3742 3446 3796 die
3489 3742 3685 3806 natali,
3718 3749 3858 3810 atque

2295 3808 2520 3864 Senecre
2561 3811 2719 3880 epist.
2747 3811 2844 3875 61;
2888 3811 3012 3866 licet
3041 3811 3285 3866 Valerius
3313 3812 3452 3867 Max.
3487 3815 3522 3866 1.
3551 3829 3643 3868 vttt
3673 3808 3795 3880 cap.‘
3815 3812 3856 3874 7,

2295 3888 2349 3935 et
2369 3881 2563 3936 Suidas
2587 3892 2781 3950 praeter
2798 3881 3116 3937 Athaeneum
3147 3883 3357 3938 Platoni
3397 3883 3639 3938 tribuant
3668 3900 3751 3938 an.
3783 3881 3858 3934 8‘3.

2371 3951 2559 4022 (lbid.)
2583 3953 2964 4007 anedwmonii
2997 3963 3042 4007 et
3072 3954 3428 4020 Athenienses,
3456 3964 3563 4009 etc.
3591 3955 3735 4009 Licet
3765 3953 3856 4018 VL,

2293 4020 2386 4094 9.,
2416 4020 2836 4080 ltzec'ascribant
2857 4041 3000 4079 anno
3032 4027 3061 4079 7
3087 4026 3255 4094 Darii,
3285 4035 3462 4081 tamen
3493 4027 3654 4080 situm
3677 4035 3858 4092 septem

2297 4093 2682 4169 \laticanorum
2709 4138 2724 4161 ,
2765 4096 2897 4150 Mar.
2942 4105 2998 4151 et
3046 4093 3353 4162 editorum,
3385 4099 3555 4167 magis
3605 4097 3857 4169 probarim

2295 4165 2437 4239 circa
2461 4167 2578 4239 ejus
2600 4182 2802 4222 annum
2834 4170 3099 4237 primum,
3124 4169 3214 4238 qui
3243 4171 3372 4224 estl
3407 4165 3621 4239 olvmpf
3643 4169 3730 4235 89,
3765 4177 3858 4220 tum

2293 4237 2417 4305 quia
2448 4238 2524 4292 sic
2552 4238 2750 4294 docent
2777 4239 2897 4303 Lo.,
2926 4239 3046 4303 Fa.,
3080 4237 3181 4302 Pi.,
3208 4239 3369 4303 Fux.,
3405 4237 3581 4302 Peta.,
3613 4253 3722 4294 tum
3751 4240 3858 4308 quia

2293 4309 2539 4383 propius
2569 4312 2830 4383 accedunt
2871 4311 2934 4383 ad
2969 4311 3336 4383 testimonium
3376 4310 3766 4383 Thucydidisl.
3791 4325 3856 4383 ,γι

602 4465 725 4505 esse
755 4465 920 4504 unum
945 4463 1166 4502 annum.
1193 4447 1324 4502 Nam
1354 4449 1458 4502 hoc
1477 4448 1676 4502 clarius
1697 4449 1999 4514 signiﬁcant
2028 4451 2190 4507 verba

600 4521 828 4575 Mariani
867 4536 879 4574 :
914 4520 994 4573 Itis
1042 4519 1176 4572 adde
1215 4535 1409 4572 menses
1459 4518 1488 4571 7
1515 4517 1802 4585 Artabani,
1833 4521 1892 4589 ﬁt
1927 4539 2094 4577 annus
2144 4532 2190 4577 et

602 4608 802 4646 menses
826 4591 880 4646 5.
915 4589 1274 4663 Nihilominus
1295 4590 1355 4663 in
1381 4589 1489 4663 Vi.,
1523 4589 1609 4654 0.,
1641 4589 1726 4656 P.,
1763 4590 1848 4656 L.,
1882 4594 2189 4663 appingitur

601 4663 658 4718 in
687 4665 829 4719 serie
859 4677 1128 4717 annorum
1157 4662 1294 4714 inter
1323 4660 1655 4730 Sogdianum
1683 4673 1736 4715 et
1766 4660 1982 4718 Darium
2013 4660 2186 4720 annus

600 4749 766 4797 unus,
797 4749 922 4789 cum
951 4734 1004 4786 in
1033 4731 1154 4787 aliis
1197 4731 1289 4786 ille
1333 4747 1507 4786 annus
1563 4733 1633 4786 sit
1665 4734 2012 4803 interpositus
2043 4735 2188 4791 inter

599 4807 936 4862 Artabanum
964 4814 1016 4859 et
1036 4803 1453 4872 Lougimanum,
1479 4811 1535 4856 ut
1554 4803 1787 4858 diximus
1807 4820 1822 4864 :
1849 4815 1905 4858 at
1922 4806 1969 4859 si
1991 4807 2182 4861 iterum

598 4885 964 4944 repeteretur,
997 4875 1136 4929 alter
1163 4884 1308 4930 esset
1332 4874 1657 4944 superfluus.

669 4943 820 5018 (457,
847 4946 946 5018 ιν.)
989 4946 1236 5009 Recessit,
1268 4957 1314 4999 et
1336 4962 1542 5018 rursum
1565 4943 1934 5018 [Egyptioruin
1959 4949 2186 5003 renasci-

599 5017 688 5072 tur
711 5017 950 5089 dynastia
975 5018 1067 5080 28;
1091 5026 1136 5069 et
1163 5017 1868 5089 regnauitAmartbeus_.__etc:
1899 5017 1971 5072 lta
1997 5035 2186 5075 recen-

597 5086 809 5144 suimus
839 5088 1024 5145 ascitis
1052 5089 1325 5142 nonnullis
1354 5102 1421 5141 ex
1453 5087 1666 5150 Vi..0.,
1698 5086 1803 5154 Fi.,
1851 5088 1911 5143 L.
1943 5089 2185 5145 Nonnul-

595 5159 666 5215 lis
694 5173 820 5214 vero
841 5175 907 5216 ex
931 5159 1053 5225 Lo.,
1083 5158 1200 5225 Fa.,
1230 5169 1286 5213 et
1308 5159 1607 5227 impressis,
1639 5173 1766 5213 cum
1796 5160 1847 5212 in
1877 5160 1998 5214 istis
2021 5165 2180 5217 verba

597 5230 692 5284 illa
741 5246 919 5284 rursus
946 5230 1650 5301 .Ia‘ggptioruinrenascitur
1679 5229 2087 5296 desiderantur,
2130 5245 2184 5289 et

597 5309 799 5356 caetera
827 5311 1009 5356 essent
1043 5303 1151 5354 alio
1183 5300 1439 5355 translata
1471 5302 1538 5355 ad
1562 5316 1650 5354 an.
1677 5301 1712 5354 5
1743 5303 2016 5358 Amarthei
2039 5345 2053 5369 ,
2098 5307 2180 5360 vel

595 5370 632 5426 4
654 5371 930 5441 ejusdem,
957 5380 1016 5426 ut.
1045 5371 1095 5425 in
1119 5370 1221 5426 Lo.
1250 5371 1305 5425 In
1339 5371 1459 5427 illis
1473 5387 1606 5428 vero
1648 5381 1790 5426 nota:
1823 5375 1928 5429 illa:
1958 5374 2026 5430 28
2054 5376 2182 5431 abe-

593 5452 718 5498 rant
750 5443 983 5512 penitus,
1015 5443 1337 5498 sicutetiam
1367 5443 1419 5498 in
1446 5449 1532 5509 A.,
1566 5443 1654 5509 V.,
1690 5442 1863 5511 Peta.,
1898 5446 2057 5510 Fux.,
2087 5447 2178 5503 sed

592 5513 651 5570 in
678 5515 749 5569 Μ.
776 5513 842 5568 ad
873 5530 1020 5585 ora_m
1054 5515 1322 5585 locantur.
1359 5515 1526 5571 Porro
1557 5516 1761 5585 primus
1783 5530 1956 5570 annus
1986 5523 2177 5573 Am-tr-

593 5585 708 5642 thei
731 5587 784 5642 in
819 5585 923 5647 τί..
951 5583 1056 5650 Pi.,
1088 5583 1174 5650 0.,
1206 5586 1349 5654 jacet
1373 5601 1437 5640 ex
1464 5583 1693 5640 adverso
1719 5601 1807 5638 au.
1835 5585 1900 5638 9.1
1935 5589 2180 5645 Maccdo-

591 5673 746 5724 num,
771 5673 891 5712 cum
917 5658 970 5730 in
993 5656 1206 5730 creteris
1227 5673 1316 5710 an.
1339 5657 1410 5711 ‘20
1432 5667 1738 5730 opponatur
1765 5675 1776 5709 :
1805 5674 2035 5727 quorum
2063 5677 2179 5730 par-

591 5737 677 5784 tes
713 5728 1018 5796 sequendas
1064 5728 1344 5798 duximus,
1379 5729 1500 5798 quia
1541 5727 1780 5797 alioquin
1818 5732 1900 5784 vel
1933 5727 2177 5787 decimus

589 5809 813 5856 octavus
841 5815 938 5855 seu
963 5798 1181 5853 ultimus
1204 5797 1496 5854 Nectancbi
1531 5813 1635 5854 non
1668 5813 2023 5856 concurreret
2050 5819 2170 5857 cum

589 5885 682 5929 an.
723 5870 783 5924 15
812 5869 1043 5940 Philippi
1079 5869 1452 5935 Macedonum,
1487 5877 1545 5925 ut
1573 5879 1657 5926 cst
1682 5882 2011 5939 nccesse,et
2036 5875 2176 5930 sicut

2219 4629 2268 4690 ι)

2296 4375 2492 4453 Foedus
2519 4379 2614 4434 hoc
2642 4382 2826 4435 initum
2854 4381 3026 4453 decent
3053 4382 3232 4436 solidis
3261 4383 3411 4436 annis
3436 4393 3483 4436 et
3506 4375 3740 4453 p'auculis
3767 4381 3859 4453 dij-

2296 4449 2388 4504 bus
2414 4467 2446 4502 a
2473 4453 2725 4523 principio
2750 4453 2872 4507 belli
2903 4451 3345 4524 PeIOponuesiaci,
3375 4449 3608 4524 illudque
3629 4454 3779 4524 fuisse
3801 4450 3858 4504 50

2295 4537 2568 4593 annorum.
2618 4524 2800 4593 itaque
2839 4540 2901 4577 ex
2943 4528 3057 4586 eius
3098 4524 3200 4577 ﬁde
3244 4524 3422 4581 foedus
3447 4525 3550 4580 hoc
3579 4527 3760 4578 initum
3789 4531 3861 4593 est

2295 4606 2439 4664 anno
2475 4591 2514 4664 2
2544 4591 2724 4657 Darii,
2754 4611 2876 4649 nam
2911 4595 2974 4650 13
2999 4596 3116 4664 eius
3145 4611 3320 4650 annus
3364 4609 3448 4651 est
3493 4597 3569 4650 illi
3605 4609 3772 4649 anuus
3797 4591 3858 4647 20

2296 4663 2421 4717 belli
2467 4663 2934 4734 Peloponnesiaci.
2968 4667 3236 4722 Diodorus
3258 4669 3295 4722 Ι.
3321 4683 3392 4722 xu
3414 4667 3697 4722 coiistituit
3732 4667 3857 4719 anti-

2293 4735 2451 4809 quius
2480 4740 2638 4809 annis
2683 4751 2806 4799 sex,
2837 4739 2903 4792 ad
2935 4739 3256 4792 consulatum
3287 4737 3509 4809 Papyrii
3548 4750 3594 4792 et
3623 4737 3779 4805 Julii,
3813 4744 3858 4789 et

2293 4807 2447 4877 an._5
2473 4807 2677 4877 olymp.
2705 4809 2794 4862 87.

2364 4875 2566 4947 (lbid.i)
2595 4876 2847 4933 Eudoxus
2896 4879 3138 4934 Cnidius.
3183 4879 3240 4935 In
3283 4879 3392 4946 Vi.,
3426 4881 3471 4936 0
3500 4923 3515 4946 ,
3559 4880 3719 4944 Fux.,
3748 4877 3857 4939 Lo.,

2293 4943 2810 5018 EudoxusEnidius;
2835 4953 2885 5004 in
2911 4950 3016 5011 Pi.,
3045 4951 3295 5006 Eudoxus
3307 4961 3355 5006 et
3379 4943 3678 5018 Cnidius;in
3699 4951 3855 5013 Peta.,

2290 5015 2445 5083 Mar.,
2479 5019 2729 5074 Eudoxus
2756 5020 3004 5087 Cnidius;
3027 5033 3080 5076 et
3109 5024 3188 5076 sic.
3210 5025 3369 5077 etiam
3404 5015 3604 5078 habent
3628 5024 3858 5078 Clemens

2293 5087 2333 5144 1.
2366 5105 2382 5142 ι
2407 5090 2688 5159 Stromat.,
2714 5091 2977 5156 Laertius,
3007 5093 3344 5153 Plutarchus.
3373 5096 3662 5150 Athenasas
3689 5093 3724 5146 l.
3757 5107 3855 5155 vut,

2292 5160 2489 5214 Suidas
2519 5172 2574 5216 et
2603 5161 2810 5226 Graeci,
2845 5174 2903 5218 ut
2950 5165 3123 5219 Latini
3174 5165 3395 5220 Cnidius
3443 5182 3472 5220 a
3522 5165 3693 5220 Cnido
3740 5163 3857 5216 urbe

2292 5230 2503 5287 Doridis
2535 5231 2587 5286 in
2616 5234 2774 5297 Asia;
2828 5235 2922 5290 sed
2955 5235 3022 5290 de
3067 5239 3496 5293 commutatione
3542 5237 3586 5292 G
3626 5237 3678 5291 in
3717 5234 3783 5297 C,
3813 5241 3859 5286 et

2291 5311 2501 5370 contra,
2524 5319 2670 5371 szepe
2695 5305 2950 5361 diximus.

2293 5402 2316 5456 ,’
2364 5375 2558 5456 (Ι,ῧὲάῆ
2601 5375 2702 5429 νεῖ
2730 5394 2954 5456 sacrum.
2991 5378 3306 5456 Videquas
3349 5380 3601 5456 tenebras
3646 5373 3857 5456 oll‘undit

2292 5447 2504 5501 inscitia
2523 5451 2870 5504 amanuensis
2889 5447 3235 5504 incodicibtis
3259 5450 3510 5506 Lo.etFa
3542 5493 3556 5516 ,
3580 5467 3698 5505 cum
3720 5449 3857 5516 igno-

2290 5529 2434 5591 raret
2461 5518 2526 5573 ad
2559 5519 2683 5588 quid
2714 5536 2799 5574 ver
2821 5521 2922 5576 hoc
2947 5523 3081 5586 loco,
3110 5522 3256 5576 illius
3283 5523 3404 5577 vice
3432 5515 3854 5591 subrogavitt‘el:

2287 5589 2480 5643 aberat
2509 5605 2640 5644 vero
2691 5601 2979 5660 utrumque
3019 5608 3046 5645 a
3089 5593 3353 5655 Mariano,
3397 5594 3524 5648 licet
3555 5589 3854 5646 haheatctc-

2290 5668 2422 5734 lera.
2454 5661 2770 5734 Vincentius
2792 5664 3180 5734 etAn‘toninus
3211 5664 3395 5734 legunt
3423 5665 3561 5718 idem
3595 5663 3851 5734 nobiscum

2287 5733 2598 5786 testimonio
2629 5731 2775 5786 Festi
2808 5731 3073 5788 adhibito.
3109 5733 3242 5788 Nam
3268 5731 3485 5789 'Festus
3511 5777 3526 5803 ,
3583 5732 3848 5801 inquiunt.

2283 5802 2457 5857 scribit
2478 5805 2614 5875 apud
2639 5803 3059 5859 Lacedwmonios
3093 5807 3258 5876 fuisse
3305 5802 3518 5861 merent
3541 5803 3742 5876 vovendi
3763 5815 3853 5876 _ver

2282 5870 2520 5943 sacrum,
2539 5891 2660 5945 cum
2692 5885 2870 5932 tamen
2901 5876 3042 5946 apud
3085 5870 3301 5932 Festum
3333 5879 3481 5935 nulla
3530 5875 3734 5949 penitus
3762 5870 3852 5926 La-
