  <div class='ocr_page' id='page_1' title='image "/cluster/home/n/w/nwhite01/storage/ocr_20150623/27/hvd.32044020299038/462.png"; bbox 0 0 4112 6440; ppageno 0'>
   <div class='ocr_carea' id='block_1_1' title="bbox 312 371 412 429">
    <p class='ocr_par' dir='ltr' id='par_1_1' title="bbox 312 371 412 429">
     <span class='ocr_line' id='line_1_1' title="bbox 312 371 412 429; baseline -0.06 -1"><span class='ocrx_word' id='word_1_1' title='bbox 312 371 412 429; x_wconf 85' lang='grc'>915</span> 
     </span>
    </p>
   </div>
   <div class='ocr_carea' id='block_1_2' title="bbox 1230 337 2661 435">
    <p class='ocr_par' dir='ltr' id='par_1_2' title="bbox 1230 337 2661 435">
     <span class='ocr_line' id='line_1_2' title="bbox 1230 337 2661 435; baseline 0.004 -9"><span class='ocrx_word' id='word_1_2' title='bbox 1230 371 1340 427; x_wconf 79' lang='lat' dir='ltr'><strong><em>AR.</em></strong></span> <span class='ocrx_word' id='word_1_3' title='bbox 1384 371 1676 431; x_wconf 82' lang='lat' dir='ltr'><strong><em>PONTACI</em></strong></span> <span class='ocrx_word' id='word_1_4' title='bbox 1713 372 2263 432; x_wconf 80' lang='lat' dir='ltr'><strong><em>CASTIGATIONES</em></strong></span> <span class='ocrx_word' id='word_1_5' title='bbox 2305 337 2390 432; x_wconf 72' lang='lat' dir='ltr'><strong><em>m’</em></strong></span> <span class='ocrx_word' id='word_1_6' title='bbox 2431 375 2661 435; x_wconf 59' lang='lat' dir='ltr'><strong><em>none.</em></strong></span> 
     </span>
    </p>
   </div>
   <div class='ocr_carea' id='block_1_3' title="bbox 3486 384 3591 441">
    <p class='ocr_par' dir='ltr' id='par_1_3' title="bbox 3486 384 3591 441">
     <span class='ocr_line' id='line_1_3' title="bbox 3486 384 3591 441; baseline 0 -2"><span class='ocrx_word' id='word_1_7' title='bbox 3486 384 3591 441; x_wconf 77' lang='lat' dir='ltr'><strong><em>9M</em></strong></span> 
     </span>
    </p>
   </div>
   <div class='ocr_carea' id='block_1_4' title="bbox 307 489 3594 570">
    <p class='ocr_par' dir='ltr' id='par_1_4' title="bbox 307 489 3594 570">
     <span class='ocr_line' id='line_1_4' title="bbox 307 489 3594 570; baseline 0.003 -25"><span class='ocrx_word' id='word_1_8' title='bbox 307 489 768 570; x_wconf 57' lang='lat' dir='ltr'><strong><em>cedaamgniorum</em></strong></span> <span class='ocrx_word' id='word_1_9' title='bbox 802 490 901 546; x_wconf 87' lang='lat' dir='ltr'><strong><em>hac</em></strong></span> <span class='ocrx_word' id='word_1_10' title='bbox 933 491 989 570; x_wconf 74' lang='lat' dir='ltr'><strong><em>in</em></strong></span> <span class='ocrx_word' id='word_1_11' title='bbox 1019 506 1079 545; x_wconf 90' lang='lat' dir='ltr'><strong><em>re</em></strong></span> <span class='ocrx_word' id='word_1_12' title='bbox 1106 489 1201 570; x_wconf 82' lang='lat' dir='ltr'><strong><em>ﬁat</em></strong></span> <span class='ocrx_word' id='word_1_13' title='bbox 1233 489 1470 570; x_wconf 75' lang='lat' dir='ltr'><strong><em>mentio.</em></strong></span> <span class='ocrx_word' id='word_1_14' title='bbox 1507 489 1613 546; x_wconf 79' lang='lat' dir='ltr'><strong><em>Ver</em></strong></span> <span class='ocrx_word' id='word_1_15' title='bbox 1660 508 1896 570; x_wconf 80' lang='lat' dir='ltr'><strong><em>sacrum,</em></strong></span> <span class='ocrx_word' id='word_1_16' title='bbox 1929 490 1978 551; x_wconf 83' lang='grc' dir='ltr'><strong>Α</strong></span> <span class='ocrx_word' id='word_1_17' title='bbox 2005 500 2235 570; x_wconf 74' lang='lat' dir='ltr'><strong><em>tentant,</em></strong></span> <span class='ocrx_word' id='word_1_18' title='bbox 2268 502 2324 570; x_wconf 83' lang='lat' dir='ltr'><strong><em>ut</em></strong></span> <span class='ocrx_word' id='word_1_19' title='bbox 2353 493 2593 570; x_wconf 81' lang='lat' dir='ltr'><strong><em>loquitur</em></strong></span> <span class='ocrx_word' id='word_1_20' title='bbox 2611 495 2850 570; x_wconf 82' lang='lat' dir='ltr'><strong><em>Solinus,</em></strong></span> <span class='ocrx_word' id='word_1_21' title='bbox 2882 513 3122 568; x_wconf 83' lang='lat' dir='ltr'><strong><em>suprema</em></strong></span> <span class='ocrx_word' id='word_1_22' title='bbox 3150 496 3424 570; x_wconf 73' lang='lat' dir='ltr'><strong><em>Euripidis</em></strong></span> <span class='ocrx_word' id='word_1_23' title='bbox 3448 517 3594 555; x_wconf 83' lang='lat' dir='ltr'><strong><em>sunt-</em></strong></span> 
     </span>
    </p>
   </div>
   <div class='ocr_carea' id='block_1_5' title="bbox 309 561 1898 632">
    <p class='ocr_par' dir='ltr' id='par_1_5' title="bbox 309 561 1898 632">
     <span class='ocr_line' id='line_1_5' title="bbox 309 561 1898 632; baseline -0.001 -15"><span class='ocrx_word' id='word_1_24' title='bbox 309 562 480 632; x_wconf 91' lang='lat' dir='ltr'><strong><em>inquit</em></strong></span> <span class='ocrx_word' id='word_1_25' title='bbox 507 561 730 628; x_wconf 79' lang='lat' dir='ltr'><strong><em>Festus,</em></strong></span> <span class='ocrx_word' id='word_1_26' title='bbox 775 565 989 618; x_wconf 76' lang='lat' dir='ltr'><strong><em>verendi</em></strong></span> <span class='ocrx_word' id='word_1_27' title='bbox 1017 579 1126 617; x_wconf 89' lang='lat' dir='ltr'><strong><em>mos</em></strong></span> <span class='ocrx_word' id='word_1_28' title='bbox 1168 563 1264 630; x_wconf 77' lang='lat' dir='ltr'><strong><em>[uit</em></strong></span> <span class='ocrx_word' id='word_1_29' title='bbox 1296 561 1484 629; x_wconf 78' lang='lat' dir='ltr'><strong><em>Italis;</em></strong></span> <span class='ocrx_word' id='word_1_30' title='bbox 1516 565 1718 632; x_wconf 79' lang='lat' dir='ltr'><strong><em>magnis</em></strong></span> <span class='ocrx_word' id='word_1_31' title='bbox 1761 565 1898 619; x_wconf 88' lang='lat' dir='ltr'><strong><em>enim</em></strong></span> 
     </span>
    </p>
   </div>
   <div class='ocr_carea' id='block_1_6' title="bbox 309 634 1901 705">
    <p class='ocr_par' dir='ltr' id='par_1_6' title="bbox 309 634 1901 705">
     <span class='ocr_line' id='line_1_6' title="bbox 309 634 1901 705; baseline 0.001 -19"><span class='ocrx_word' id='word_1_32' title='bbox 309 634 552 703; x_wconf 79' lang='lat' dir='ltr'><strong><em>periculis</em></strong></span> <span class='ocrx_word' id='word_1_33' title='bbox 611 635 824 687; x_wconf 89' lang='lat' dir='ltr'><strong><em>adducti</em></strong></span> <span class='ocrx_word' id='word_1_34' title='bbox 854 635 1100 689; x_wconf 80' lang='lat' dir='ltr'><strong><em>vovebant</em></strong></span> <span class='ocrx_word' id='word_1_35' title='bbox 1148 649 1480 703; x_wconf 61' lang='lat' dir='ltr'><strong><em>qudcumque</em></strong></span> <span class='ocrx_word' id='word_1_36' title='bbox 1509 637 1744 705; x_wconf 75' lang='lat' dir='ltr'><strong><em>proximo</em></strong></span> <span class='ocrx_word' id='word_1_37' title='bbox 1789 652 1901 688; x_wconf 79' lang='lat' dir='ltr'><strong><em>vere</em></strong></span> 
     </span>
    </p>
   </div>
   <div class='ocr_carea' id='block_1_7' title="bbox 309 705 1900 776">
    <p class='ocr_par' dir='ltr' id='par_1_7' title="bbox 309 705 1900 776">
     <span class='ocr_line' id='line_1_7' title="bbox 309 705 1900 776; baseline 0 -17"><span class='ocrx_word' id='word_1_38' title='bbox 309 715 432 759; x_wconf 87' lang='lat' dir='ltr'><strong><em>nata</em></strong></span> <span class='ocrx_word' id='word_1_39' title='bbox 457 714 622 759; x_wconf 85' lang='lat' dir='ltr'><strong><em>essent</em></strong></span> <span class='ocrx_word' id='word_1_40' title='bbox 671 707 810 776; x_wconf 90' lang='lat' dir='ltr'><strong><em>apud</em></strong></span> <span class='ocrx_word' id='word_1_41' title='bbox 851 724 906 760; x_wconf 86' lang='lat' dir='ltr'><strong><em>se</em></strong></span> <span class='ocrx_word' id='word_1_42' title='bbox 945 705 1199 760; x_wconf 79' lang='lat' dir='ltr'><strong><em>animalia</em></strong></span> <span class='ocrx_word' id='word_1_43' title='bbox 1226 706 1616 776; x_wconf 73' lang='lat' dir='ltr'><strong><em>immolaturos;</em></strong></span> <span class='ocrx_word' id='word_1_44' title='bbox 1647 706 1734 760; x_wconf 87' lang='lat' dir='ltr'><strong><em>sed</em></strong></span> <span class='ocrx_word' id='word_1_45' title='bbox 1782 722 1900 759; x_wconf 89' lang='lat' dir='ltr'><strong><em>cum</em></strong></span> 
     </span>
    </p>
   </div>
   <div class='ocr_carea' id='block_1_8' title="bbox 309 775 1902 848">
    <p class='ocr_par' dir='ltr' id='par_1_8' title="bbox 309 775 1902 848">
     <span class='ocr_line' id='line_1_8' title="bbox 309 775 1902 848; baseline 0.001 -20"><span class='ocrx_word' id='word_1_46' title='bbox 309 776 513 830; x_wconf 77' lang='lat' dir='ltr'><strong><em>crudele</em></strong></span> <span class='ocrx_word' id='word_1_47' title='bbox 538 775 793 831; x_wconf 79' lang='lat' dir='ltr'><strong><em>rideretur</em></strong></span> <span class='ocrx_word' id='word_1_48' title='bbox 821 794 1006 842; x_wconf 84' lang='lat' dir='ltr'><strong><em>pueros</em></strong></span> <span class='ocrx_word' id='word_1_49' title='bbox 1032 788 1078 830; x_wconf 86' lang='lat' dir='ltr'><strong><em>et</em></strong></span> <span class='ocrx_word' id='word_1_50' title='bbox 1107 775 1314 844; x_wconf 89' lang='lat' dir='ltr'><strong><em>puellas</em></strong></span> <span class='ocrx_word' id='word_1_51' title='bbox 1347 777 1659 848; x_wconf 79' lang='lat' dir='ltr'><strong><em>interﬁcere,</em></strong></span> <span class='ocrx_word' id='word_1_52' title='bbox 1685 778 1902 848; x_wconf 88' lang='lat' dir='ltr'><strong><em>perduc-</em></strong></span> 
     </span>
    </p>
   </div>
   <div class='ocr_carea' id='block_1_9' title="bbox 309 849 1899 919">
    <p class='ocr_par' dir='ltr' id='par_1_9' title="bbox 309 849 1899 919">
     <span class='ocr_line' id='line_1_9' title="bbox 309 849 1899 919; baseline 0.001 -18"><span class='ocrx_word' id='word_1_53' title='bbox 309 859 387 901; x_wconf 84' lang='lat' dir='ltr'><strong><em>tos</em></strong></span> <span class='ocrx_word' id='word_1_54' title='bbox 417 849 468 900; x_wconf 91' lang='lat' dir='ltr'><strong><em>in</em></strong></span> <span class='ocrx_word' id='word_1_55' title='bbox 510 849 747 902; x_wconf 83' lang='lat' dir='ltr'><strong><em>adultam</em></strong></span> <span class='ocrx_word' id='word_1_56' title='bbox 780 857 980 902; x_wconf 78' lang='lat' dir='ltr'><strong><em>(etatem</em></strong></span> <span class='ocrx_word' id='word_1_57' title='bbox 1009 849 1243 902; x_wconf 82' lang='lat' dir='ltr'><strong><em>uelabant</em></strong></span> <span class='ocrx_word' id='word_1_58' title='bbox 1263 889 1279 914; x_wconf 94' lang='lat'><strong><em>,</em></strong></span> <span class='ocrx_word' id='word_1_59' title='bbox 1313 857 1466 919; x_wconf 88' lang='lat' dir='ltr'><strong><em>atque</em></strong></span> <span class='ocrx_word' id='word_1_60' title='bbox 1493 850 1566 900; x_wconf 86' lang='lat' dir='ltr'><strong><em>ita</em></strong></span> <span class='ocrx_word' id='word_1_61' title='bbox 1598 857 1742 902; x_wconf 77' lang='lat' dir='ltr'><strong><em>extra</em></strong></span> <span class='ocrx_word' id='word_1_62' title='bbox 1769 849 1899 918; x_wconf 81' lang='lat' dir='ltr'><strong><em>ﬁnes</em></strong></span> 
     </span>
    </p>
   </div>
   <div class='ocr_carea' id='block_1_10' title="bbox 306 918 1898 991">
    <p class='ocr_par' dir='ltr' id='par_1_10' title="bbox 306 918 1898 991">
     <span class='ocr_line' id='line_1_10' title="bbox 306 918 1898 991; baseline 0.001 -21"><span class='ocrx_word' id='word_1_63' title='bbox 306 935 431 991; x_wconf 81' lang='lat' dir='ltr'><strong><em>suos</em></strong></span> <span class='ocrx_word' id='word_1_64' title='bbox 455 921 748 991; x_wconf 76' lang='lat' dir='ltr'><strong><em>exigebant.</em></strong></span> <span class='ocrx_word' id='word_1_65' title='bbox 781 922 844 974; x_wconf 83' lang='lat' dir='ltr'><strong><em>Et</em></strong></span> <span class='ocrx_word' id='word_1_66' title='bbox 880 919 1086 974; x_wconf 77' lang='lat' dir='ltr'><strong><em>Nullius</em></strong></span> <span class='ocrx_word' id='word_1_67' title='bbox 1125 918 1472 974; x_wconf 86' lang='lat' dir='ltr'><strong><em>Marcellinus</em></strong></span> <span class='ocrx_word' id='word_1_68' title='bbox 1503 937 1513 971; x_wconf 95' lang='lat'>:</span> <span class='ocrx_word' id='word_1_69' title='bbox 1557 919 1662 972; x_wconf 86' lang='lat' dir='ltr'><strong><em>Ver</em></strong></span> <span class='ocrx_word' id='word_1_70' title='bbox 1692 937 1898 972; x_wconf 88' lang='lat' dir='ltr'><strong><em>sacrunt</em></strong></span> 
     </span>
    </p>
   </div>
   <div class='ocr_carea' id='block_1_11' title="bbox 306 989 1900 1062">
    <p class='ocr_par' dir='ltr' id='par_1_11' title="bbox 306 989 1900 1062">
     <span class='ocr_line' id='line_1_11' title="bbox 306 989 1900 1062; baseline 0.003 -21"><span class='ocrx_word' id='word_1_71' title='bbox 306 989 557 1059; x_wconf 69' lang='lat' dir='ltr'><strong><em>quidam,</em></strong></span> <span class='ocrx_word' id='word_1_72' title='bbox 588 991 788 1061; x_wconf 79' lang='lat' dir='ltr'><strong><em>inquit,</em></strong></span> <span class='ocrx_word' id='word_1_73' title='bbox 824 993 1017 1045; x_wconf 88' lang='lat' dir='ltr'><strong><em>dictum</em></strong></span> <span class='ocrx_word' id='word_1_74' title='bbox 1046 1001 1230 1060; x_wconf 86' lang='lat' dir='ltr'><strong><em>putant</em></strong></span> <span class='ocrx_word' id='word_1_75' title='bbox 1259 1001 1316 1044; x_wconf 89' lang='lat' dir='ltr'><strong><em>ut</em></strong></span> <span class='ocrx_word' id='word_1_76' title='bbox 1366 992 1668 1062; x_wconf 86' lang='lat' dir='ltr'><strong><em>plerumque</em></strong></span> <span class='ocrx_word' id='word_1_77' title='bbox 1692 991 1900 1045; x_wconf 82' lang='lat' dir='ltr'><strong><em>vitabile</em></strong></span> 
     </span>
    </p>
   </div>
   <div class='ocr_carea' id='block_1_12' title="bbox 306 1062 1902 1134">
    <p class='ocr_par' dir='ltr' id='par_1_12' title="bbox 306 1062 1902 1134">
     <span class='ocr_line' id='line_1_12' title="bbox 306 1062 1902 1134; baseline 0.001 -21"><span class='ocrx_word' id='word_1_78' title='bbox 306 1070 354 1114; x_wconf 89' lang='lat' dir='ltr'><strong><em>et</em></strong></span> <span class='ocrx_word' id='word_1_79' title='bbox 382 1066 777 1134; x_wconf 66' lang='lat' dir='ltr'><strong><em>exsecrandum,</em></strong></span> <span class='ocrx_word' id='word_1_80' title='bbox 810 1064 900 1117; x_wconf 87' lang='lat' dir='ltr'><strong><em>sed</em></strong></span> <span class='ocrx_word' id='word_1_81' title='bbox 928 1065 1150 1134; x_wconf 76' lang='lat' dir='ltr'><strong><em>Sisenna</em></strong></span> <span class='ocrx_word' id='word_1_82' title='bbox 1178 1063 1475 1134; x_wconf 87' lang='lat' dir='ltr'><strong><em>religiosum</em></strong></span> <span class='ocrx_word' id='word_1_83' title='bbox 1505 1063 1628 1115; x_wconf 81' lang='lat' dir='ltr'><strong><em>dicit</em></strong></span> <span class='ocrx_word' id='word_1_84' title='bbox 1651 1062 1902 1116; x_wconf 87' lang='lat' dir='ltr'><strong><em>historia-</em></strong></span> 
     </span>
    </p>
   </div>
   <div class='ocr_carea' id='block_1_13' title="bbox 305 1133 1900 1199">
    <p class='ocr_par' dir='ltr' id='par_1_13' title="bbox 305 1133 1900 1199">
     <span class='ocr_line' id='line_1_13' title="bbox 305 1133 1900 1199; baseline 0.001 -15"><span class='ocrx_word' id='word_1_85' title='bbox 305 1149 421 1185; x_wconf 84' lang='lat' dir='ltr'><strong><em>rum</em></strong></span> <span class='ocrx_word' id='word_1_86' title='bbox 468 1133 566 1186; x_wconf 80' lang='lat' dir='ltr'><strong><em>lib.</em></strong></span> <span class='ocrx_word' id='word_1_87' title='bbox 592 1151 673 1190; x_wconf 86' lang='lat' dir='ltr'><strong><em>tv:</em></strong></span> <span class='ocrx_word' id='word_1_88' title='bbox 716 1135 977 1199; x_wconf 85' lang='lat' dir='ltr'><strong><em>quondam</em></strong></span> <span class='ocrx_word' id='word_1_89' title='bbox 1008 1133 1190 1188; x_wconf 90' lang='lat' dir='ltr'><strong><em>Sabini</em></strong></span> <span class='ocrx_word' id='word_1_90' title='bbox 1221 1135 1466 1187; x_wconf 87' lang='lat' dir='ltr'><strong><em>dicuntur</em></strong></span> <span class='ocrx_word' id='word_1_91' title='bbox 1491 1135 1712 1198; x_wconf 70' lang='lat' dir='ltr'><strong><em>vovisse,</em></strong></span> <span class='ocrx_word' id='word_1_92' title='bbox 1742 1135 1787 1186; x_wconf 85' lang='lat' dir='ltr'><strong><em>si</em></strong></span> <span class='ocrx_word' id='word_1_93' title='bbox 1821 1151 1900 1186; x_wconf 87' lang='lat' dir='ltr'><strong><em>res</em></strong></span> 
     </span>
    </p>
   </div>
   <div class='ocr_carea' id='block_1_14' title="bbox 306 1204 1900 1263">
    <p class='ocr_par' dir='ltr' id='par_1_14' title="bbox 306 1204 1900 1263">
     <span class='ocr_line' id='line_1_14' title="bbox 306 1204 1900 1263; baseline 0.001 -7"><span class='ocrx_word' id='word_1_94' title='bbox 306 1207 591 1258; x_wconf 81' lang='lat' dir='ltr'><strong><em>communis</em></strong></span> <span class='ocrx_word' id='word_1_95' title='bbox 630 1204 931 1260; x_wconf 86' lang='lat' dir='ltr'><strong><em>melioribus</em></strong></span> <span class='ocrx_word' id='word_1_96' title='bbox 961 1207 1086 1259; x_wconf 87' lang='lat' dir='ltr'><strong><em>locis</em></strong></span> <span class='ocrx_word' id='word_1_97' title='bbox 1117 1206 1424 1259; x_wconf 86' lang='lat' dir='ltr'><strong><em>constitisset</em></strong></span> <span class='ocrx_word' id='word_1_98' title='bbox 1443 1246 1456 1263; x_wconf 91' lang='lat'><strong><em>.</em></strong></span> <span class='ocrx_word' id='word_1_99' title='bbox 1488 1222 1542 1258; x_wconf 88' lang='lat' dir='ltr'><strong><em>se</em></strong></span> <span class='ocrx_word' id='word_1_100' title='bbox 1567 1221 1652 1258; x_wconf 84' lang='lat' dir='ltr'><strong><em>ver</em></strong></span> <span class='ocrx_word' id='word_1_101' title='bbox 1696 1221 1900 1258; x_wconf 87' lang='lat' dir='ltr'><strong><em>sacrum</em></strong></span> 
     </span>
    </p>
   </div>
   <div class='ocr_carea' id='block_1_15' title="bbox 303 1274 1896 1400">
    <p class='ocr_par' dir='ltr' id='par_1_15' title="bbox 303 1274 1896 1400">
     <span class='ocr_line' id='line_1_15' title="bbox 303 1274 1896 1400; baseline 0.003 -74"><span class='ocrx_word' id='word_1_102' title='bbox 303 1274 548 1400; x_wconf 54' lang='lat' dir='ltr'><strong><em>{acturos</em></strong></span> <span class='ocrx_word' id='word_1_103' title='bbox 583 1277 797 1340; x_wconf 83' lang='lat' dir='ltr'><strong><em>Strabo,</em></strong></span> <span class='ocrx_word' id='word_1_104' title='bbox 835 1280 869 1331; x_wconf 95' lang='lat' dir='ltr'><strong><em>l.</em></strong></span> <span class='ocrx_word' id='word_1_105' title='bbox 900 1293 954 1340; x_wconf 90' lang='lat' dir='ltr'><strong><em>v,</em></strong></span> <span class='ocrx_word' id='word_1_106' title='bbox 986 1285 1039 1331; x_wconf 89' lang='lat' dir='ltr'><strong><em>et</em></strong></span> <span class='ocrx_word' id='word_1_107' title='bbox 1072 1275 1285 1343; x_wconf 77' lang='lat' dir='ltr'><strong><em>Livius,</em></strong></span> <span class='ocrx_word' id='word_1_108' title='bbox 1337 1278 1372 1332; x_wconf 94' lang='grc' dir='ltr'>Ι.</span> <span class='ocrx_word' id='word_1_109' title='bbox 1418 1291 1491 1329; x_wconf 81' lang='lat' dir='ltr'><strong><em>xu</em></strong></span> <span class='ocrx_word' id='word_1_110' title='bbox 1530 1285 1584 1330; x_wconf 91' lang='lat' dir='ltr'><strong><em>et</em></strong></span> <span class='ocrx_word' id='word_1_111' title='bbox 1635 1276 1670 1329; x_wconf 96' lang='lat' dir='ltr'><strong><em>l.</em></strong></span> <span class='ocrx_word' id='word_1_112' title='bbox 1713 1291 1896 1340; x_wconf 75' lang='lat' dir='ltr'><strong><em>xxxrv,</em></strong></span> 
     </span>
     <span class='ocr_line' id='line_1_16' title="bbox 324 1346 1896 1400; baseline 0.001 -2"><span class='ocrx_word' id='word_1_113' title='bbox 324 1346 464 1400; x_wconf 83' lang='lat' dir='ltr'><strong><em>mins</em></strong></span> <span class='ocrx_word' id='word_1_114' title='bbox 492 1349 602 1400; x_wconf 90' lang='lat' dir='ltr'><strong><em>voti</em></strong></span> <span class='ocrx_word' id='word_1_115' title='bbox 636 1351 998 1400; x_wconf 89' lang='lat' dir='ltr'><strong><em>meminerunt</em></strong></span> <span class='ocrx_word' id='word_1_116' title='bbox 1033 1348 1324 1400; x_wconf 89' lang='lat' dir='ltr'><strong><em>:consulat</em></strong></span> <span class='ocrx_word' id='word_1_117' title='bbox 1354 1363 1448 1400; x_wconf 89' lang='lat' dir='ltr'><strong><em>eos</em></strong></span> <span class='ocrx_word' id='word_1_118' title='bbox 1487 1348 1676 1400; x_wconf 79' lang='lat' dir='ltr'><strong><em>lcetor.</em></strong></span> <span class='ocrx_word' id='word_1_119' title='bbox 1707 1362 1777 1400; x_wconf 88' lang='lat' dir='ltr'><strong><em>ne</em></strong></span> <span class='ocrx_word' id='word_1_120' title='bbox 1800 1348 1896 1400; x_wconf 91' lang='lat' dir='ltr'><strong><em>im-</em></strong></span> 
     </span>
    </p>
   </div>
   <div class='ocr_carea' id='block_1_16' title="bbox 324 1346 1902 1415">
    <p class='ocr_par' dir='ltr' id='par_1_16' title="bbox 324 1346 1902 1415">
     <span class='ocr_line' id='line_1_17' title="bbox 324 1346 1902 1415; baseline 0.002 -17"><span class='ocrx_word' id='word_1_121' title='bbox 324 1346 464 1415; x_wconf 82' lang='lat' dir='ltr'><strong><em>tnjns</em></strong></span> <span class='ocrx_word' id='word_1_122' title='bbox 492 1349 602 1401; x_wconf 89' lang='lat' dir='ltr'><strong><em>voti</em></strong></span> <span class='ocrx_word' id='word_1_123' title='bbox 636 1351 998 1403; x_wconf 89' lang='lat' dir='ltr'><strong><em>meminerunt</em></strong></span> <span class='ocrx_word' id='word_1_124' title='bbox 1033 1348 1324 1402; x_wconf 90' lang='lat' dir='ltr'><strong><em>:consulat</em></strong></span> <span class='ocrx_word' id='word_1_125' title='bbox 1354 1363 1448 1402; x_wconf 89' lang='lat' dir='ltr'><strong><em>eos</em></strong></span> <span class='ocrx_word' id='word_1_126' title='bbox 1487 1348 1676 1412; x_wconf 81' lang='lat' dir='ltr'><strong><em>lcetor,</em></strong></span> <span class='ocrx_word' id='word_1_127' title='bbox 1707 1362 1777 1403; x_wconf 89' lang='lat' dir='ltr'><strong><em>ne</em></strong></span> <span class='ocrx_word' id='word_1_128' title='bbox 1800 1348 1902 1401; x_wconf 87' lang='lat' dir='ltr'><strong><em>im-</em></strong></span> 
     </span>
    </p>
   </div>
   <div class='ocr_carea' id='block_1_17' title="bbox 303 1420 928 1476">
    <p class='ocr_par' dir='ltr' id='par_1_17' title="bbox 303 1420 928 1476">
     <span class='ocr_line' id='line_1_18' title="bbox 303 1420 928 1476; baseline 0.01 -6"><span class='ocrx_word' id='word_1_129' title='bbox 303 1432 585 1473; x_wconf 88' lang='lat' dir='ltr'><strong><em>moremnr</em></strong></span> <span class='ocrx_word' id='word_1_130' title='bbox 607 1420 656 1474; x_wconf 90' lang='lat' dir='ltr'><strong><em>in</em></strong></span> <span class='ocrx_word' id='word_1_131' title='bbox 688 1435 749 1474; x_wconf 91' lang='lat' dir='ltr'><strong><em>re</em></strong></span> <span class='ocrx_word' id='word_1_132' title='bbox 783 1430 928 1476; x_wconf 83' lang='lat' dir='ltr'><strong><em>nota.</em></strong></span> 
     </span>
    </p>
   </div>
   <div class='ocr_carea' id='block_1_18' title="bbox 379 1488 1900 1559">
    <p class='ocr_par' dir='ltr' id='par_1_18' title="bbox 379 1488 1900 1559">
     <span class='ocr_line' id='line_1_19' title="bbox 379 1488 1900 1559; baseline -0.001 -15"><span class='ocrx_word' id='word_1_133' title='bbox 379 1488 575 1559; x_wconf 89' lang='lat' dir='ltr'><strong><em>(lbid.)</em></strong></span> <span class='ocrx_word' id='word_1_134' title='bbox 634 1489 1011 1546; x_wconf 65' lang='lat' dir='ltr'><strong><em>Lacedaemonii</em></strong></span> <span class='ocrx_word' id='word_1_135' title='bbox 1052 1505 1139 1544; x_wconf 81' lang='lat' dir='ltr'><strong><em>ver</em></strong></span> <span class='ocrx_word' id='word_1_136' title='bbox 1185 1505 1391 1544; x_wconf 87' lang='lat' dir='ltr'><strong><em>sacrum</em></strong></span> <span class='ocrx_word' id='word_1_137' title='bbox 1431 1490 1748 1544; x_wconf 87' lang='lat' dir='ltr'><strong><em>destinantes</em></strong></span> <span class='ocrx_word' id='word_1_138' title='bbox 1791 1488 1900 1543; x_wconf 86' lang='lat' dir='ltr'><strong><em>He-</em></strong></span> 
     </span>
    </p>
   </div>
   <div class='ocr_carea' id='block_1_19' title="bbox 301 1559 1901 1616">
    <p class='ocr_par' dir='ltr' id='par_1_19' title="bbox 301 1559 1901 1616">
     <span class='ocr_line' id='line_1_20' title="bbox 301 1559 1901 1616; baseline -0.001 -3"><span class='ocrx_word' id='word_1_139' title='bbox 301 1561 532 1614; x_wconf 88' lang='lat' dir='ltr'><strong><em>racleam</em></strong></span> <span class='ocrx_word' id='word_1_140' title='bbox 564 1561 737 1614; x_wconf 81' lang='lat' dir='ltr'><strong><em>urbem</em></strong></span> <span class='ocrx_word' id='word_1_141' title='bbox 769 1564 1021 1616; x_wconf 88' lang='lat' dir='ltr'><strong><em>condunt.</em></strong></span> <span class='ocrx_word' id='word_1_142' title='bbox 1059 1562 1392 1616; x_wconf 78' lang='lat' dir='ltr'><strong><em>llissentiunt</em></strong></span> <span class='ocrx_word' id='word_1_143' title='bbox 1429 1562 1498 1615; x_wconf 90' lang='lat' dir='ltr'><strong><em>ab</em></strong></span> <span class='ocrx_word' id='word_1_144' title='bbox 1544 1559 1775 1614; x_wconf 86' lang='lat' dir='ltr'><strong><em>invicem</em></strong></span> <span class='ocrx_word' id='word_1_145' title='bbox 1810 1575 1901 1613; x_wconf 87' lang='lat' dir='ltr'><strong><em>co-</em></strong></span> 
     </span>
    </p>
   </div>
   <div class='ocr_carea' id='block_1_20' title="bbox 302 1631 1899 1700">
    <p class='ocr_par' dir='ltr' id='par_1_20' title="bbox 302 1631 1899 1700">
     <span class='ocr_line' id='line_1_21' title="bbox 302 1631 1899 1700; baseline 0 -16"><span class='ocrx_word' id='word_1_146' title='bbox 302 1631 476 1687; x_wconf 86' lang='lat' dir='ltr'><strong><em>dices.</em></strong></span> <span class='ocrx_word' id='word_1_147' title='bbox 506 1631 638 1687; x_wconf 88' lang='lat' dir='ltr'><strong><em>Nam</em></strong></span> <span class='ocrx_word' id='word_1_148' title='bbox 669 1634 720 1686; x_wconf 90' lang='lat' dir='ltr'><strong><em>in</em></strong></span> <span class='ocrx_word' id='word_1_149' title='bbox 750 1633 931 1700; x_wconf 83' lang='lat' dir='ltr'><strong><em>Peta.,</em></strong></span> <span class='ocrx_word' id='word_1_150' title='bbox 963 1632 1121 1687; x_wconf 87' lang='lat' dir='ltr'><strong><em>Fux.:</em></strong></span> <span class='ocrx_word' id='word_1_151' title='bbox 1156 1632 1538 1687; x_wconf 77' lang='lat' dir='ltr'><strong><em>Lacedamtonii</em></strong></span> <span class='ocrx_word' id='word_1_152' title='bbox 1582 1649 1666 1685; x_wconf 83' lang='lat' dir='ltr'><strong><em>uer</em></strong></span> <span class='ocrx_word' id='word_1_153' title='bbox 1693 1647 1899 1686; x_wconf 87' lang='lat' dir='ltr'><strong><em>sacrum</em></strong></span> 
     </span>
    </p>
   </div>
   <div class='ocr_carea' id='block_1_21' title="bbox 304 1702 1897 1772">
    <p class='ocr_par' dir='ltr' id='par_1_21' title="bbox 304 1702 1897 1772">
     <span class='ocr_line' id='line_1_22' title="bbox 304 1702 1897 1772; baseline 0 -16"><span class='ocrx_word' id='word_1_154' title='bbox 304 1702 612 1757; x_wconf 87' lang='lat' dir='ltr'><strong><em>Heracliam</em></strong></span> <span class='ocrx_word' id='word_1_155' title='bbox 661 1705 973 1759; x_wconf 86' lang='lat' dir='ltr'><strong><em>destinantes</em></strong></span> <span class='ocrx_word' id='word_1_156' title='bbox 1025 1707 1199 1758; x_wconf 85' lang='lat' dir='ltr'><strong><em>urbem</em></strong></span> <span class='ocrx_word' id='word_1_157' title='bbox 1256 1704 1519 1768; x_wconf 86' lang='lat' dir='ltr'><strong><em>condunt;</em></strong></span> <span class='ocrx_word' id='word_1_158' title='bbox 1561 1703 1700 1772; x_wconf 90' lang='lat' dir='ltr'><strong><em>quod</em></strong></span> <span class='ocrx_word' id='word_1_159' title='bbox 1755 1702 1897 1757; x_wconf 89' lang='lat' dir='ltr'><strong><em>idem</em></strong></span> 
     </span>
    </p>
   </div>
   <div class='ocr_carea' id='block_1_22' title="bbox 303 1772 1900 1846">
    <p class='ocr_par' dir='ltr' id='par_1_22' title="bbox 303 1772 1900 1846">
     <span class='ocr_line' id='line_1_23' title="bbox 303 1772 1900 1846; baseline 0.001 -20"><span class='ocrx_word' id='word_1_160' title='bbox 303 1784 483 1846; x_wconf 69' lang='lat' dir='ltr'><strong><em>exstat</em></strong></span> <span class='ocrx_word' id='word_1_161' title='bbox 518 1778 568 1828; x_wconf 91' lang='lat' dir='ltr'><strong><em>in</em></strong></span> <span class='ocrx_word' id='word_1_162' title='bbox 601 1775 720 1842; x_wconf 84' lang='lat' dir='ltr'><strong><em>F:t.,</em></strong></span> <span class='ocrx_word' id='word_1_163' title='bbox 756 1776 878 1841; x_wconf 82' lang='lat' dir='ltr'><strong><em>Lu.,</em></strong></span> <span class='ocrx_word' id='word_1_164' title='bbox 911 1776 1015 1830; x_wconf 88' lang='lat' dir='ltr'><strong><em>ttisi</em></strong></span> <span class='ocrx_word' id='word_1_165' title='bbox 1060 1777 1184 1846; x_wconf 82' lang='lat' dir='ltr'><strong>quia</strong></span> <span class='ocrx_word' id='word_1_166' title='bbox 1220 1790 1318 1844; x_wconf 86' lang='lat' dir='ltr'><strong><em>pro</em></strong></span> <span class='ocrx_word' id='word_1_167' title='bbox 1362 1773 1670 1828; x_wconf 86' lang='lat' dir='ltr'><strong><em>Heracleam</em></strong></span> <span class='ocrx_word' id='word_1_168' title='bbox 1699 1772 1900 1846; x_wconf 81' lang='lat' dir='ltr'><strong><em>habent</em></strong></span> 
     </span>
    </p>
   </div>
   <div class='ocr_carea' id='block_1_23' title="bbox 305 1844 1974 1946">
    <p class='ocr_par' dir='ltr' id='par_1_23' title="bbox 305 1844 1974 1946">
     <span class='ocr_line' id='line_1_24' title="bbox 305 1844 1974 1946; baseline 0 0"><span class='ocrx_word' id='word_1_169' title='bbox 305 1844 630 1946; x_wconf 35' lang='lat' dir='ltr'><strong><em>E33553&quot;</em></strong></span> <span class='ocrx_word' id='word_1_170' title='bbox 649 1844 1208 1946; x_wconf 52' lang='lat' dir='ltr'><strong><em>E‘.“ﬂ‘:?&quot;‘.i‘1‘:’.-‘l“°f&#39;.</em></strong></span> <span class='ocrx_word' id='word_1_171' title='bbox 1231 1845 1898 1946; x_wconf 56' lang='lat' dir='ltr'><strong><em>&#39;i’rlelfsiiﬁ&#39;i‘3l33P°fli</em></strong></span> <span class='ocrx_word' id='word_1_172' title='bbox 1929 1885 1974 1946; x_wconf 89' lang='lat' dir='ltr'><strong>B</strong></span> 
     </span>
    </p>
   </div>
   <div class='ocr_carea' id='block_1_24' title="bbox 303 1917 1898 1988">
    <p class='ocr_par' dir='ltr' id='par_1_24' title="bbox 303 1917 1898 1988">
     <span class='ocr_line' id='line_1_25' title="bbox 303 1917 1898 1988; baseline 0 -17"><span class='ocrx_word' id='word_1_173' title='bbox 303 1931 406 1984; x_wconf 77' lang='lat' dir='ltr'><strong><em>gus</em></strong></span> <span class='ocrx_word' id='word_1_174' title='bbox 454 1920 598 1972; x_wconf 90' lang='lat' dir='ltr'><strong><em>enim</em></strong></span> <span class='ocrx_word' id='word_1_175' title='bbox 645 1919 692 1973; x_wconf 83' lang='lat' dir='ltr'><strong><em>ei</em></strong></span> <span class='ocrx_word' id='word_1_176' title='bbox 737 1935 878 1973; x_wconf 90' lang='lat' dir='ltr'><strong><em>nunc</em></strong></span> <span class='ocrx_word' id='word_1_177' title='bbox 921 1919 1099 1986; x_wconf 88' lang='lat' dir='ltr'><strong><em>peri,</em></strong></span> <span class='ocrx_word' id='word_1_178' title='bbox 1140 1933 1281 1974; x_wconf 86' lang='lat' dir='ltr'><strong><em>nunc</em></strong></span> <span class='ocrx_word' id='word_1_179' title='bbox 1332 1933 1429 1988; x_wconf 89' lang='lat' dir='ltr'><strong><em>per</em></strong></span> <span class='ocrx_word' id='word_1_180' title='bbox 1471 1935 1496 1970; x_wconf 89' lang='lat' dir='ltr'><strong><em>e</em></strong></span> <span class='ocrx_word' id='word_1_181' title='bbox 1538 1917 1804 1982; x_wconf 81' lang='lat' dir='ltr'><strong><em>redditur,</em></strong></span> <span class='ocrx_word' id='word_1_182' title='bbox 1841 1925 1898 1971; x_wconf 91' lang='lat' dir='ltr'><strong><em>ut</em></strong></span> 
     </span>
    </p>
   </div>
   <div class='ocr_carea' id='block_1_25' title="bbox 305 1989 1895 2045">
    <p class='ocr_par' dir='ltr' id='par_1_25' title="bbox 305 1989 1895 2045">
     <span class='ocr_line' id='line_1_26' title="bbox 305 1989 1895 2045; baseline 0 -2"><span class='ocrx_word' id='word_1_183' title='bbox 305 1989 639 2043; x_wconf 78' lang='lat' dir='ltr'><strong><em>Alexandria</em></strong></span> <span class='ocrx_word' id='word_1_184' title='bbox 667 2000 720 2042; x_wconf 88' lang='lat' dir='ltr'><strong><em>et</em></strong></span> <span class='ocrx_word' id='word_1_185' title='bbox 752 1990 1115 2044; x_wconf 77' lang='lat' dir='ltr'><strong><em>Alexandrea.</em></strong></span> <span class='ocrx_word' id='word_1_186' title='bbox 1145 1992 1312 2045; x_wconf 88' lang='lat' dir='ltr'><strong><em>Porro</em></strong></span> <span class='ocrx_word' id='word_1_187' title='bbox 1357 1989 1472 2042; x_wconf 68' lang='lat' dir='ltr'><strong><em>hmc</em></strong></span> <span class='ocrx_word' id='word_1_188' title='bbox 1511 2004 1614 2043; x_wconf 91' lang='lat' dir='ltr'><strong><em>non</em></strong></span> <span class='ocrx_word' id='word_1_189' title='bbox 1646 1989 1895 2043; x_wconf 90' lang='lat' dir='ltr'><strong><em>eumdem</em></strong></span> 
     </span>
    </p>
   </div>
   <div class='ocr_carea' id='block_1_26' title="bbox 306 2058 1894 2130">
    <p class='ocr_par' dir='ltr' id='par_1_26' title="bbox 306 2058 1894 2130">
     <span class='ocr_line' id='line_1_27' title="bbox 306 2058 1894 2130; baseline 0 -18"><span class='ocrx_word' id='word_1_190' title='bbox 306 2059 629 2115; x_wconf 82' lang='lat' dir='ltr'><strong><em>laterculutn</em></strong></span> <span class='ocrx_word' id='word_1_191' title='bbox 661 2060 719 2114; x_wconf 89' lang='lat' dir='ltr'><strong><em>in</em></strong></span> <span class='ocrx_word' id='word_1_192' title='bbox 743 2061 994 2116; x_wconf 90' lang='lat' dir='ltr'><strong><em>omnibus</em></strong></span> <span class='ocrx_word' id='word_1_193' title='bbox 1020 2061 1170 2115; x_wconf 84' lang='lat' dir='ltr'><strong><em>libris</em></strong></span> <span class='ocrx_word' id='word_1_194' title='bbox 1194 2069 1489 2130; x_wconf 88' lang='lat' dir='ltr'><strong><em>occupant;</em></strong></span> <span class='ocrx_word' id='word_1_195' title='bbox 1517 2075 1642 2114; x_wconf 87' lang='lat' dir='ltr'><strong><em>nam</em></strong></span> <span class='ocrx_word' id='word_1_196' title='bbox 1670 2061 1719 2112; x_wconf 93' lang='lat' dir='ltr'><strong><em>in</em></strong></span> <span class='ocrx_word' id='word_1_197' title='bbox 1744 2058 1894 2113; x_wconf 87' lang='lat' dir='ltr'><strong><em>Peta.</em></strong></span> 
     </span>
    </p>
   </div>
   <div class='ocr_carea' id='block_1_27' title="bbox 305 2130 1894 2202">
    <p class='ocr_par' dir='ltr' id='par_1_27' title="bbox 305 2130 1894 2202">
     <span class='ocr_line' id='line_1_28' title="bbox 305 2130 1894 2202; baseline 0 -19"><span class='ocrx_word' id='word_1_198' title='bbox 305 2147 436 2202; x_wconf 77' lang='lat' dir='ltr'><strong><em>cum</em></strong></span> <span class='ocrx_word' id='word_1_199' title='bbox 487 2133 574 2202; x_wconf 90' lang='lat' dir='ltr'><strong><em>qui</em></strong></span> <span class='ocrx_word' id='word_1_200' title='bbox 608 2134 912 2202; x_wconf 86' lang='lat' dir='ltr'><strong><em>oppositum</em></strong></span> <span class='ocrx_word' id='word_1_201' title='bbox 965 2132 1126 2185; x_wconf 90' lang='lat' dir='ltr'><strong><em>habet</em></strong></span> <span class='ocrx_word' id='word_1_202' title='bbox 1166 2149 1366 2187; x_wconf 86' lang='lat' dir='ltr'><strong><em>annum</em></strong></span> <span class='ocrx_word' id='word_1_203' title='bbox 1405 2131 1441 2184; x_wconf 73' lang='grc'>2</span> <span class='ocrx_word' id='word_1_204' title='bbox 1474 2132 1646 2202; x_wconf 86' lang='lat' dir='ltr'><strong><em>Darii;</em></strong></span> <span class='ocrx_word' id='word_1_205' title='bbox 1695 2131 1746 2184; x_wconf 93' lang='lat' dir='ltr'><strong><em>in</em></strong></span> <span class='ocrx_word' id='word_1_206' title='bbox 1790 2130 1894 2192; x_wconf 73' lang='grc' dir='ltr'><strong><em>ΡΞ..</em></strong></span> 
     </span>
    </p>
   </div>
   <div class='ocr_carea' id='block_1_28' title="bbox 308 2201 1899 2273">
    <p class='ocr_par' dir='ltr' id='par_1_28' title="bbox 308 2201 1899 2273">
     <span class='ocr_line' id='line_1_29' title="bbox 308 2201 1899 2273; baseline 0.001 -19"><span class='ocrx_word' id='word_1_207' title='bbox 308 2201 470 2273; x_wconf 59' lang='grc' dir='ltr'><strong><em>ΕΜ..</em></strong></span> <span class='ocrx_word' id='word_1_208' title='bbox 497 2201 585 2273; x_wconf 89' lang='lat' dir='ltr'><strong><em>qui</em></strong></span> <span class='ocrx_word' id='word_1_209' title='bbox 612 2201 700 2256; x_wconf 79' lang='lat' dir='ltr'><strong><em>an.</em></strong></span> <span class='ocrx_word' id='word_1_210' title='bbox 729 2204 791 2268; x_wconf 81' lang='lat'><strong><em>&#39;5;</em></strong></span> <span class='ocrx_word' id='word_1_211' title='bbox 827 2220 876 2257; x_wconf 88' lang='lat' dir='ltr'><strong><em>tn</em></strong></span> <span class='ocrx_word' id='word_1_212' title='bbox 925 2204 1027 2267; x_wconf 75' lang='lat' dir='ltr'><strong><em>VL,</em></strong></span> <span class='ocrx_word' id='word_1_213' title='bbox 1053 2202 1143 2267; x_wconf 92' lang='lat'><strong><em>0.,</em></strong></span> <span class='ocrx_word' id='word_1_214' title='bbox 1179 2205 1269 2272; x_wconf 89' lang='lat' dir='ltr'><strong><em>qui</em></strong></span> <span class='ocrx_word' id='word_1_215' title='bbox 1308 2217 1449 2257; x_wconf 92' lang='lat' dir='ltr'><strong><em>anno</em></strong></span> <span class='ocrx_word' id='word_1_216' title='bbox 1482 2201 1573 2266; x_wconf 73' lang='lat'><strong><em>10;</em></strong></span> <span class='ocrx_word' id='word_1_217' title='bbox 1606 2203 1657 2256; x_wconf 89' lang='lat' dir='ltr'><strong><em>in</em></strong></span> <span class='ocrx_word' id='word_1_218' title='bbox 1686 2202 1810 2267; x_wconf 89' lang='lat' dir='ltr'><strong><em>Lo.,</em></strong></span> <span class='ocrx_word' id='word_1_219' title='bbox 1845 2211 1899 2256; x_wconf 91' lang='lat' dir='ltr'><strong><em>et</em></strong></span> 
     </span>
    </p>
   </div>
   <div class='ocr_carea' id='block_1_29' title="bbox 309 2272 1899 2345">
    <p class='ocr_par' dir='ltr' id='par_1_29' title="bbox 309 2272 1899 2345">
     <span class='ocr_line' id='line_1_30' title="bbox 309 2272 1899 2345; baseline 0.001 -19"><span class='ocrx_word' id='word_1_220' title='bbox 309 2272 432 2345; x_wconf 58' lang='lat' dir='ltr'><strong><em>Em,</em></strong></span> <span class='ocrx_word' id='word_1_221' title='bbox 458 2272 697 2342; x_wconf 16' lang='lat' dir='ltr'><strong><em>etilllar.,</em></strong></span> <span class='ocrx_word' id='word_1_222' title='bbox 721 2291 843 2330; x_wconf 91' lang='lat' dir='ltr'><strong><em>eum</em></strong></span> <span class='ocrx_word' id='word_1_223' title='bbox 873 2275 966 2344; x_wconf 87' lang='lat' dir='ltr'><strong><em>qui</em></strong></span> <span class='ocrx_word' id='word_1_224' title='bbox 993 2292 1138 2330; x_wconf 88' lang='lat' dir='ltr'><strong><em>anno</em></strong></span> <span class='ocrx_word' id='word_1_225' title='bbox 1164 2277 1228 2341; x_wconf 69' lang='lat'><strong>4;</strong></span> <span class='ocrx_word' id='word_1_226' title='bbox 1262 2290 1384 2330; x_wconf 91' lang='lat' dir='ltr'><strong><em>cum</em></strong></span> <span class='ocrx_word' id='word_1_227' title='bbox 1415 2273 1610 2345; x_wconf 88' lang='lat' dir='ltr'><strong><em>quibus</em></strong></span> <span class='ocrx_word' id='word_1_228' title='bbox 1639 2273 1779 2329; x_wconf 90' lang='lat' dir='ltr'><strong><em>idem</em></strong></span> <span class='ocrx_word' id='word_1_229' title='bbox 1812 2287 1899 2328; x_wconf 90' lang='lat' dir='ltr'><strong><em>re-</em></strong></span> 
     </span>
    </p>
   </div>
   <div class='ocr_carea' id='block_1_30' title="bbox 309 2343 726 2401">
    <p class='ocr_par' dir='ltr' id='par_1_30' title="bbox 309 2343 726 2401">
     <span class='ocr_line' id='line_1_31' title="bbox 309 2343 726 2401; baseline 0.007 -3"><span class='ocrx_word' id='word_1_230' title='bbox 309 2343 491 2399; x_wconf 85' lang='lat' dir='ltr'><strong><em>ferunt</em></strong></span> <span class='ocrx_word' id='word_1_231' title='bbox 519 2350 726 2401; x_wconf 67' lang='lat' dir='ltr'><strong><em>excusi.</em></strong></span> 
     </span>
    </p>
   </div>
   <div class='ocr_carea' id='block_1_31' title="bbox 285 2415 1900 2491">
    <p class='ocr_par' dir='ltr' id='par_1_31' title="bbox 285 2415 1900 2491">
     <span class='ocr_line' id='line_1_32' title="bbox 285 2415 1900 2491; baseline -0.001 -21"><span class='ocrx_word' id='word_1_232' title='bbox 285 2474 292 2477; x_wconf 98' lang='lat'>_</span> <span class='ocrx_word' id='word_1_233' title='bbox 383 2416 590 2491; x_wconf 66' lang='lat' dir='ltr'><strong><em>(lbid.)</em></strong></span> <span class='ocrx_word' id='word_1_234' title='bbox 615 2418 904 2491; x_wconf 76' lang='lat' dir='ltr'><strong><em>Alcibiades</em></strong></span> <span class='ocrx_word' id='word_1_235' title='bbox 929 2420 1181 2491; x_wconf 77' lang='lat' dir='ltr'><strong><em>profugus</em></strong></span> <span class='ocrx_word' id='word_1_236' title='bbox 1202 2461 1216 2485; x_wconf 92' lang='lat'><strong><em>,</em></strong></span> <span class='ocrx_word' id='word_1_237' title='bbox 1251 2427 1358 2491; x_wconf 56' lang='lat' dir='ltr'><strong><em>etc.</em></strong></span> <span class='ocrx_word' id='word_1_238' title='bbox 1396 2416 1675 2491; x_wconf 74' lang='lat' dir='ltr'><strong><em>Revocant</em></strong></span> <span class='ocrx_word' id='word_1_239' title='bbox 1703 2417 1802 2470; x_wconf 91' lang='lat' dir='ltr'><strong><em>ista</em></strong></span> <span class='ocrx_word' id='word_1_240' title='bbox 1831 2415 1900 2491; x_wconf 83' lang='lat' dir='ltr'><strong><em>ad</em></strong></span> 
     </span>
    </p>
   </div>
   <div class='ocr_carea' id='block_1_32' title="bbox 307 2487 1895 2559">
    <p class='ocr_par' dir='ltr' id='par_1_32' title="bbox 307 2487 1895 2559">
     <span class='ocr_line' id='line_1_33' title="bbox 307 2487 1895 2559; baseline -0.001 -17"><span class='ocrx_word' id='word_1_241' title='bbox 307 2502 404 2542; x_wconf 83' lang='lat' dir='ltr'><strong><em>an.</em></strong></span> <span class='ocrx_word' id='word_1_242' title='bbox 452 2489 516 2543; x_wconf 86' lang='grc'>10</span> <span class='ocrx_word' id='word_1_243' title='bbox 545 2489 687 2542; x_wconf 85' lang='lat' dir='ltr'><strong><em>Darii</em></strong></span> <span class='ocrx_word' id='word_1_244' title='bbox 715 2490 836 2559; x_wconf 91' lang='lat' dir='ltr'><strong><em>Lo.,</em></strong></span> <span class='ocrx_word' id='word_1_245' title='bbox 878 2487 1037 2554; x_wconf 63' lang='lat' dir='ltr'><strong><em>Man,</em></strong></span> <span class='ocrx_word' id='word_1_246' title='bbox 1067 2487 1275 2555; x_wconf 79' lang='lat' dir='ltr'><strong><em>septem</em></strong></span> <span class='ocrx_word' id='word_1_247' title='bbox 1319 2487 1562 2544; x_wconf 81' lang='lat' dir='ltr'><strong><em>Vaticani</em></strong></span> <span class='ocrx_word' id='word_1_248' title='bbox 1591 2495 1645 2541; x_wconf 88' lang='lat' dir='ltr'><strong><em>et</em></strong></span> <span class='ocrx_word' id='word_1_249' title='bbox 1685 2487 1895 2542; x_wconf 84' lang='lat' dir='ltr'><strong><em>excusi.</em></strong></span> 
     </span>
    </p>
   </div>
   <div class='ocr_carea' id='block_1_33' title="bbox 307 2559 1900 2628">
    <p class='ocr_par' dir='ltr' id='par_1_33' title="bbox 307 2559 1900 2628">
     <span class='ocr_line' id='line_1_34' title="bbox 307 2559 1900 2628; baseline -0.002 -15"><span class='ocrx_word' id='word_1_250' title='bbox 307 2559 383 2613; x_wconf 88' lang='lat' dir='ltr'><strong><em>At</em></strong></span> <span class='ocrx_word' id='word_1_251' title='bbox 414 2559 493 2612; x_wconf 94' lang='lat' dir='ltr'><strong><em>Pi.</em></strong></span> <span class='ocrx_word' id='word_1_252' title='bbox 521 2560 586 2614; x_wconf 88' lang='lat' dir='ltr'><strong><em>ad</em></strong></span> <span class='ocrx_word' id='word_1_253' title='bbox 612 2563 746 2616; x_wconf 81' lang='lat' dir='ltr'><strong><em>an.l</em></strong></span> <span class='ocrx_word' id='word_1_254' title='bbox 777 2562 943 2626; x_wconf 80' lang='lat' dir='ltr'><strong><em>Darii;</em></strong></span> <span class='ocrx_word' id='word_1_255' title='bbox 973 2562 1063 2628; x_wconf 87' lang='lat'><strong><em>0.,</em></strong></span> <span class='ocrx_word' id='word_1_256' title='bbox 1097 2561 1202 2625; x_wconf 81' lang='lat' dir='ltr'><strong><em>Vi.,</em></strong></span> <span class='ocrx_word' id='word_1_257' title='bbox 1230 2560 1294 2614; x_wconf 91' lang='lat' dir='ltr'><strong><em>ad</em></strong></span> <span class='ocrx_word' id='word_1_258' title='bbox 1318 2576 1406 2613; x_wconf 88' lang='lat' dir='ltr'><strong><em>an.</em></strong></span> <span class='ocrx_word' id='word_1_259' title='bbox 1434 2560 1501 2617; x_wconf 85' lang='lat'><strong><em>5:</em></strong></span> <span class='ocrx_word' id='word_1_260' title='bbox 1535 2559 1706 2624; x_wconf 87' lang='lat' dir='ltr'><strong><em>Peta.,</em></strong></span> <span class='ocrx_word' id='word_1_261' title='bbox 1738 2559 1900 2623; x_wconf 80' lang='lat' dir='ltr'><strong><em>Fux.,</em></strong></span> 
     </span>
    </p>
   </div>
   <div class='ocr_carea' id='block_1_34' title="bbox 308 2630 1902 2705">
    <p class='ocr_par' dir='ltr' id='par_1_34' title="bbox 308 2630 1902 2705">
     <span class='ocr_line' id='line_1_35' title="bbox 308 2630 1902 2705; baseline -0.001 -21"><span class='ocrx_word' id='word_1_262' title='bbox 308 2631 382 2685; x_wconf 88' lang='lat' dir='ltr'><strong><em>ad</em></strong></span> <span class='ocrx_word' id='word_1_263' title='bbox 404 2648 492 2685; x_wconf 87' lang='lat' dir='ltr'><strong><em>an.</em></strong></span> <span class='ocrx_word' id='word_1_264' title='bbox 521 2633 575 2686; x_wconf 88' lang='lat'><strong><em>9.</em></strong></span> <span class='ocrx_word' id='word_1_265' title='bbox 601 2633 969 2705; x_wconf 54' lang='lat' dir='ltr'><strong><em>Thucydides</em></strong></span> <span class='ocrx_word' id='word_1_266' title='bbox 1002 2634 1037 2686; x_wconf 94' lang='lat' dir='ltr'><strong><em>l.</em></strong></span> <span class='ocrx_word' id='word_1_267' title='bbox 1065 2648 1162 2705; x_wconf 82' lang='lat' dir='ltr'><strong><em>vut</em></strong></span> <span class='ocrx_word' id='word_1_268' title='bbox 1197 2631 1479 2705; x_wconf 80' lang='lat' dir='ltr'><strong><em>vult_hanc</em></strong></span> <span class='ocrx_word' id='word_1_269' title='bbox 1512 2631 1688 2705; x_wconf 83' lang='lat' dir='ltr'><strong><em>fugam</em></strong></span> <span class='ocrx_word' id='word_1_270' title='bbox 1731 2630 1902 2705; x_wconf 42' lang='lat' dir='ltr'><strong><em>conti:</em></strong></span> 
     </span>
    </p>
   </div>
   <div class='ocr_carea' id='block_1_35' title="bbox 310 2701 1900 2772">
    <p class='ocr_par' dir='ltr' id='par_1_35' title="bbox 310 2701 1900 2772">
     <span class='ocr_line' id='line_1_36' title="bbox 310 2701 1900 2772; baseline -0.001 -16"><span class='ocrx_word' id='word_1_271' title='bbox 310 2705 460 2769; x_wconf 81' lang='lat' dir='ltr'><strong><em>gisse</em></strong></span> <span class='ocrx_word' id='word_1_272' title='bbox 493 2704 650 2768; x_wconf 84' lang='lat' dir='ltr'><strong><em>paulo</em></strong></span> <span class='ocrx_word' id='word_1_273' title='bbox 676 2701 800 2758; x_wconf 72' lang='lat' dir='ltr'><strong><em>ante</em></strong></span> <span class='ocrx_word' id='word_1_274' title='bbox 829 2719 1027 2758; x_wconf 89' lang='lat' dir='ltr'><strong><em>annum</em></strong></span> <span class='ocrx_word' id='word_1_275' title='bbox 1049 2704 1113 2757; x_wconf 71' lang='lat' dir='ltr'><strong><em>2t</em></strong></span> <span class='ocrx_word' id='word_1_276' title='bbox 1143 2703 1271 2756; x_wconf 86' lang='lat' dir='ltr'><strong><em>belli</em></strong></span> <span class='ocrx_word' id='word_1_277' title='bbox 1304 2702 1781 2772; x_wconf 67' lang='lat' dir='ltr'><strong><em>Peloponnesiaci,</em></strong></span> <span class='ocrx_word' id='word_1_278' title='bbox 1810 2701 1900 2770; x_wconf 87' lang='lat' dir='ltr'><strong><em>qui</em></strong></span> 
     </span>
    </p>
   </div>
   <div class='ocr_carea' id='block_1_36' title="bbox 310 2773 1902 2842">
    <p class='ocr_par' dir='ltr' id='par_1_36' title="bbox 310 2773 1902 2842">
     <span class='ocr_line' id='line_1_37' title="bbox 310 2773 1902 2842; baseline -0.002 -14"><span class='ocrx_word' id='word_1_279' title='bbox 310 2775 593 2829; x_wconf 79' lang='lat' dir='ltr'><strong><em>concurrit</em></strong></span> <span class='ocrx_word' id='word_1_280' title='bbox 619 2791 741 2830; x_wconf 89' lang='lat' dir='ltr'><strong><em>cum</em></strong></span> <span class='ocrx_word' id='word_1_281' title='bbox 772 2791 915 2830; x_wconf 85' lang='lat' dir='ltr'><strong><em>anno</em></strong></span> <span class='ocrx_word' id='word_1_282' title='bbox 950 2779 1018 2830; x_wconf 84' lang='grc'>15</span> <span class='ocrx_word' id='word_1_283' title='bbox 1059 2775 1224 2830; x_wconf 88' lang='lat' dir='ltr'><strong><em>Darii.</em></strong></span> <span class='ocrx_word' id='word_1_284' title='bbox 1256 2774 1440 2842; x_wconf 89' lang='lat' dir='ltr'><strong><em>Itaque</em></strong></span> <span class='ocrx_word' id='word_1_285' title='bbox 1488 2773 1679 2828; x_wconf 77' lang='lat' dir='ltr'><strong><em>excnsi</em></strong></span> <span class='ocrx_word' id='word_1_286' title='bbox 1731 2773 1902 2842; x_wconf 84' lang='lat' dir='ltr'><strong><em>magis</em></strong></span> 
     </span>
    </p>
   </div>
   <div class='ocr_carea' id='block_1_37' title="bbox 311 2844 1900 2918">
    <p class='ocr_par' dir='ltr' id='par_1_37' title="bbox 311 2844 1900 2918">
     <span class='ocr_line' id='line_1_38' title="bbox 311 2844 1900 2918; baseline 0.001 -23"><span class='ocrx_word' id='word_1_287' title='bbox 311 2847 582 2918; x_wconf 70' lang='lat' dir='ltr'><strong><em>accedunt</em></strong></span> <span class='ocrx_word' id='word_1_288' title='bbox 609 2849 672 2900; x_wconf 88' lang='lat' dir='ltr'><strong><em>ad</em></strong></span> <span class='ocrx_word' id='word_1_289' title='bbox 698 2851 726 2900; x_wconf 93' lang='lat' dir='ltr'><strong><em>&#39;l</em></strong></span> <span class='ocrx_word' id='word_1_290' title='bbox 747 2847 1089 2918; x_wconf 84' lang='lat' dir='ltr'><strong><em>hucydidem,</em></strong></span> <span class='ocrx_word' id='word_1_291' title='bbox 1125 2847 1292 2899; x_wconf 89' lang='lat' dir='ltr'><strong><em>immo</em></strong></span> <span class='ocrx_word' id='word_1_292' title='bbox 1322 2847 1482 2918; x_wconf 84' lang='lat' dir='ltr'><strong><em>etiam</em></strong></span> <span class='ocrx_word' id='word_1_293' title='bbox 1515 2844 1580 2918; x_wconf 75' lang='lat' dir='ltr'><strong><em>ad</em></strong></span> <span class='ocrx_word' id='word_1_294' title='bbox 1613 2844 1900 2918; x_wconf 74' lang='lat' dir='ltr'><strong><em>Diodorum</em></strong></span> 
     </span>
    </p>
   </div>
   <div class='ocr_carea' id='block_1_38' title="bbox 313 2916 1899 2990">
    <p class='ocr_par' dir='ltr' id='par_1_38' title="bbox 313 2916 1899 2990">
     <span class='ocr_line' id='line_1_39' title="bbox 313 2916 1899 2990; baseline 0 -20"><span class='ocrx_word' id='word_1_295' title='bbox 313 2916 414 2971; x_wconf 91' lang='lat' dir='ltr'><strong><em>lib.</em></strong></span> <span class='ocrx_word' id='word_1_296' title='bbox 445 2932 560 2990; x_wconf 75' lang='grc' dir='ltr'>χιιι,</span> <span class='ocrx_word' id='word_1_297' title='bbox 584 2919 672 2986; x_wconf 85' lang='lat' dir='ltr'><strong><em>qui</em></strong></span> <span class='ocrx_word' id='word_1_298' title='bbox 703 2916 867 2972; x_wconf 79' lang='lat' dir='ltr'><strong><em>refert</em></strong></span> <span class='ocrx_word' id='word_1_299' title='bbox 892 2919 1029 2973; x_wconf 89' lang='lat' dir='ltr'><strong><em>hanc</em></strong></span> <span class='ocrx_word' id='word_1_300' title='bbox 1054 2917 1375 2990; x_wconf 77' lang='lat' dir='ltr'><strong><em>pugnamad</em></strong></span> <span class='ocrx_word' id='word_1_301' title='bbox 1403 2931 1491 2970; x_wconf 87' lang='lat' dir='ltr'><strong><em>att.</em></strong></span> <span class='ocrx_word' id='word_1_302' title='bbox 1523 2916 1548 2969; x_wconf 89' lang='grc'><strong><em>1</em></strong></span> <span class='ocrx_word' id='word_1_303' title='bbox 1579 2916 1783 2990; x_wconf 77' lang='lat' dir='ltr'><strong><em>olymp.</em></strong></span> <span class='ocrx_word' id='word_1_304' title='bbox 1808 2916 1899 2980; x_wconf 76' lang='grc'><strong><em>95,</em></strong></span> 
     </span>
    </p>
   </div>
   <div class='ocr_carea' id='block_1_39' title="bbox 312 2987 1904 3060">
    <p class='ocr_par' dir='ltr' id='par_1_39' title="bbox 312 2987 1904 3060">
     <span class='ocr_line' id='line_1_40' title="bbox 312 2987 1904 3060; baseline 0 -20"><span class='ocrx_word' id='word_1_305' title='bbox 312 3004 451 3042; x_wconf 84' lang='lat' dir='ltr'><strong><em>coss.</em></strong></span> <span class='ocrx_word' id='word_1_306' title='bbox 500 2988 729 3060; x_wconf 86' lang='lat' dir='ltr'><strong><em>Papyrio</em></strong></span> <span class='ocrx_word' id='word_1_307' title='bbox 753 2999 799 3043; x_wconf 90' lang='lat' dir='ltr'><strong><em>et</em></strong></span> <span class='ocrx_word' id='word_1_308' title='bbox 847 2987 1071 3060; x_wconf 59' lang='lat' dir='ltr'><strong><em>Nautio.</em></strong></span> <span class='ocrx_word' id='word_1_309' title='bbox 1090 2987 1447 3043; x_wconf 82' lang='lat' dir='ltr'><strong><em>Nihilominus</em></strong></span> <span class='ocrx_word' id='word_1_310' title='bbox 1465 3028 1480 3052; x_wconf 97' lang='lat'><strong><em>,</em></strong></span> <span class='ocrx_word' id='word_1_311' title='bbox 1506 2989 1628 3056; x_wconf 87' lang='lat' dir='ltr'><strong><em>quia</em></strong></span> <span class='ocrx_word' id='word_1_312' title='bbox 1653 2987 1751 3060; x_wconf 73' lang='lat' dir='ltr'><strong><em>ille</em></strong></span> <span class='ocrx_word' id='word_1_313' title='bbox 1775 3002 1904 3040; x_wconf 88' lang='lat' dir='ltr'><strong><em>con-</em></strong></span> 
     </span>
    </p>
   </div>
   <div class='ocr_carea' id='block_1_40' title="bbox 310 3056 1901 3128">
    <p class='ocr_par' dir='ltr' id='par_1_40' title="bbox 310 3056 1901 3128">
     <span class='ocr_line' id='line_1_41' title="bbox 310 3056 1901 3128; baseline -0.001 -16"><span class='ocrx_word' id='word_1_314' title='bbox 310 3061 524 3113; x_wconf 85' lang='lat' dir='ltr'><strong><em>SnIattts</em></strong></span> <span class='ocrx_word' id='word_1_315' title='bbox 549 3056 787 3114; x_wconf 49' lang='lat' dir='ltr'><strong><em>in&#39;l&#39;ast‘is</em></strong></span> <span class='ocrx_word' id='word_1_316' title='bbox 817 3059 1082 3128; x_wconf 87' lang='lat' dir='ltr'><strong><em>Onuphrii</em></strong></span> <span class='ocrx_word' id='word_1_317' title='bbox 1107 3060 1452 3114; x_wconf 91' lang='lat' dir='ltr'><strong><em>constituitur</em></strong></span> <span class='ocrx_word' id='word_1_318' title='bbox 1479 3074 1624 3112; x_wconf 87' lang='lat' dir='ltr'><strong><em>anno</em></strong></span> <span class='ocrx_word' id='word_1_319' title='bbox 1643 3056 1677 3108; x_wconf 78' lang='lat'><strong><em>‘2</em></strong></span> <span class='ocrx_word' id='word_1_320' title='bbox 1697 3059 1901 3127; x_wconf 87' lang='lat' dir='ltr'><strong><em>olymp.</em></strong></span> 
     </span>
    </p>
   </div>
   <div class='ocr_carea' id='block_1_41' title="bbox 311 3128 1905 3200">
    <p class='ocr_par' dir='ltr' id='par_1_41' title="bbox 311 3128 1905 3200">
     <span class='ocr_line' id='line_1_42' title="bbox 311 3128 1905 3200; baseline -0.002 -15"><span class='ocrx_word' id='word_1_321' title='bbox 311 3128 409 3197; x_wconf 74' lang='lat'><strong><em>9‘2,</em></strong></span> <span class='ocrx_word' id='word_1_322' title='bbox 437 3134 524 3200; x_wconf 89' lang='lat' dir='ltr'><strong><em>qui</em></strong></span> <span class='ocrx_word' id='word_1_323' title='bbox 549 3143 631 3186; x_wconf 90' lang='lat' dir='ltr'><strong><em>est</em></strong></span> <span class='ocrx_word' id='word_1_324' title='bbox 658 3133 818 3188; x_wconf 88' lang='lat' dir='ltr'><strong><em>Urbis</em></strong></span> <span class='ocrx_word' id='word_1_325' title='bbox 843 3133 966 3194; x_wconf 80' lang='lat'><strong><em>608.</em></strong></span> <span class='ocrx_word' id='word_1_326' title='bbox 1001 3132 1296 3187; x_wconf 85' lang='lat' dir='ltr'><strong><em>secundum</em></strong></span> <span class='ocrx_word' id='word_1_327' title='bbox 1331 3129 1540 3184; x_wconf 88' lang='lat' dir='ltr'><strong><em>Livium</em></strong></span> <span class='ocrx_word' id='word_1_328' title='bbox 1565 3138 1622 3183; x_wconf 90' lang='lat' dir='ltr'><strong><em>et</em></strong></span> <span class='ocrx_word' id='word_1_329' title='bbox 1647 3139 1905 3200; x_wconf 86' lang='lat' dir='ltr'><strong><em>supputa-</em></strong></span> 
     </span>
    </p>
   </div>
   <div class='ocr_carea' id='block_1_42' title="bbox 314 3198 1901 3272">
    <p class='ocr_par' dir='ltr' id='par_1_42' title="bbox 314 3198 1901 3272">
     <span class='ocr_line' id='line_1_43' title="bbox 314 3198 1901 3272; baseline -0.003 -18"><span class='ocrx_word' id='word_1_330' title='bbox 314 3198 523 3256; x_wconf 76' lang='lat' dir='ltr'><strong><em>tionem</em></strong></span> <span class='ocrx_word' id='word_1_331' title='bbox 555 3204 831 3264; x_wconf 80' lang='lat' dir='ltr'><strong><em>Varronis,</em></strong></span> <span class='ocrx_word' id='word_1_332' title='bbox 866 3214 917 3256; x_wconf 92' lang='lat' dir='ltr'><strong><em>et</em></strong></span> <span class='ocrx_word' id='word_1_333' title='bbox 938 3205 1027 3272; x_wconf 88' lang='lat' dir='ltr'><strong><em>qui</em></strong></span> <span class='ocrx_word' id='word_1_334' title='bbox 1056 3203 1333 3258; x_wconf 83' lang='lat' dir='ltr'><strong><em>concurrit</em></strong></span> <span class='ocrx_word' id='word_1_335' title='bbox 1360 3217 1480 3256; x_wconf 92' lang='lat' dir='ltr'><strong><em>cum</em></strong></span> <span class='ocrx_word' id='word_1_336' title='bbox 1509 3217 1611 3272; x_wconf 64' lang='lat' dir='ltr'><strong><em>an.</em></strong></span> <span class='ocrx_word' id='word_1_337' title='bbox 1635 3198 1701 3253; x_wconf 75' lang='lat' dir='ltr'><strong>M</strong></span> <span class='ocrx_word' id='word_1_338' title='bbox 1734 3200 1901 3264; x_wconf 84' lang='lat' dir='ltr'><strong><em>Darii,</em></strong></span> 
     </span>
    </p>
   </div>
   <div class='ocr_carea' id='block_1_43' title="bbox 2005 565 3595 638">
    <p class='ocr_par' dir='ltr' id='par_1_43' title="bbox 2005 565 3595 638">
     <span class='ocr_line' id='line_1_44' title="bbox 2005 565 3595 638; baseline 0.008 -23"><span class='ocrx_word' id='word_1_339' title='bbox 2005 575 2096 631; x_wconf 90' lang='lat' dir='ltr'><strong><em>ptu</em></strong></span> <span class='ocrx_word' id='word_1_340' title='bbox 2125 565 2322 633; x_wconf 79' lang='lat' dir='ltr'><strong><em>funeris</em></strong></span> <span class='ocrx_word' id='word_1_341' title='bbox 2350 568 2620 638; x_wconf 83' lang='lat' dir='ltr'><strong><em>prosequi,</em></strong></span> <span class='ocrx_word' id='word_1_342' title='bbox 2655 566 2742 620; x_wconf 87' lang='lat' dir='ltr'><strong><em>sed</em></strong></span> <span class='ocrx_word' id='word_1_343' title='bbox 2771 565 2962 621; x_wconf 81' lang='lat' dir='ltr'><strong><em>crinem</em></strong></span> <span class='ocrx_word' id='word_1_344' title='bbox 2995 579 3175 624; x_wconf 86' lang='lat' dir='ltr'><strong><em>tonsus</em></strong></span> <span class='ocrx_word' id='word_1_345' title='bbox 3199 565 3301 636; x_wconf 71' lang='lat' dir='ltr'><strong><em>est,</em></strong></span> <span class='ocrx_word' id='word_1_346' title='bbox 3335 583 3380 626; x_wconf 85' lang='lat' dir='ltr'><strong><em>et</em></strong></span> <span class='ocrx_word' id='word_1_347' title='bbox 3409 589 3595 627; x_wconf 70' lang='lat' dir='ltr'><strong><em>maero-</em></strong></span> 
     </span>
    </p>
   </div>
   <div class='ocr_carea' id='block_1_44' title="bbox 2003 639 3597 708">
    <p class='ocr_par' dir='ltr' id='par_1_44' title="bbox 2003 639 3597 708">
     <span class='ocr_line' id='line_1_45' title="bbox 2003 639 3597 708; baseline 0.009 -22"><span class='ocrx_word' id='word_1_348' title='bbox 2003 650 2110 687; x_wconf 89' lang='lat' dir='ltr'><strong><em>rem</em></strong></span> <span class='ocrx_word' id='word_1_349' title='bbox 2140 652 2286 708; x_wconf 82' lang='lat' dir='ltr'><strong><em>quem</em></strong></span> <span class='ocrx_word' id='word_1_350' title='bbox 2316 639 2490 708; x_wconf 87' lang='lat' dir='ltr'><strong><em>animo</em></strong></span> <span class='ocrx_word' id='word_1_351' title='bbox 2524 648 2858 708; x_wconf 87' lang='lat' dir='ltr'><strong><em>conceperat,</em></strong></span> <span class='ocrx_word' id='word_1_352' title='bbox 2904 640 3046 693; x_wconf 86' lang='lat' dir='ltr'><strong><em>vultu</em></strong></span> <span class='ocrx_word' id='word_1_353' title='bbox 3076 640 3371 706; x_wconf 82' lang='lat' dir='ltr'><strong><em>publicavit.</em></strong></span> <span class='ocrx_word' id='word_1_354' title='bbox 3401 642 3597 701; x_wconf 87' lang='lat' dir='ltr'><strong><em>Suidas</em></strong></span> 
     </span>
    </p>
   </div>
   <div class='ocr_carea' id='block_1_45' title="bbox 2003 706 3587 780">
    <p class='ocr_par' dir='ltr' id='par_1_45' title="bbox 2003 706 3587 780">
     <span class='ocr_line' id='line_1_46' title="bbox 2003 706 3587 780; baseline 0.007 -22"><span class='ocrx_word' id='word_1_355' title='bbox 2003 718 2179 760; x_wconf 86' lang='lat' dir='ltr'><strong><em>autem</em></strong></span> <span class='ocrx_word' id='word_1_356' title='bbox 2210 706 2460 762; x_wconf 84' lang='lat' dir='ltr'><strong><em>dissentit</em></strong></span> <span class='ocrx_word' id='word_1_357' title='bbox 2484 709 2550 761; x_wconf 90' lang='lat' dir='ltr'><strong><em>ah</em></strong></span> <span class='ocrx_word' id='word_1_358' title='bbox 2578 706 2800 764; x_wconf 80' lang='lat' dir='ltr'><strong><em>auctore</em></strong></span> <span class='ocrx_word' id='word_1_359' title='bbox 2832 711 2882 764; x_wconf 91' lang='lat' dir='ltr'><strong><em>in</em></strong></span> <span class='ocrx_word' id='word_1_360' title='bbox 2912 710 3184 780; x_wconf 77' lang='lat' dir='ltr'><strong><em>Saphocle</em></strong></span> <span class='ocrx_word' id='word_1_361' title='bbox 3211 728 3331 768; x_wconf 87' lang='lat' dir='ltr'><strong><em>cum</em></strong></span> <span class='ocrx_word' id='word_1_362' title='bbox 3358 715 3430 768; x_wconf 86' lang='lat' dir='ltr'><strong><em>ait</em></strong></span> <span class='ocrx_word' id='word_1_363' title='bbox 3462 729 3587 769; x_wconf 86' lang='lat' dir='ltr'><strong><em>eum</em></strong></span> 
     </span>
    </p>
   </div>
   <div class='ocr_carea' id='block_1_46' title="bbox 2005 781 3592 858">
    <p class='ocr_par' dir='ltr' id='par_1_46' title="bbox 2005 781 3592 858">
     <span class='ocr_line' id='line_1_47' title="bbox 2005 781 3592 858; baseline 0.008 -29"><span class='ocrx_word' id='word_1_364' title='bbox 2005 789 2278 858; x_wconf 63' lang='lat' dir='ltr'><strong><em>mortuum</em></strong></span> <span class='ocrx_word' id='word_1_365' title='bbox 2306 789 2469 858; x_wconf 76' lang='lat' dir='ltr'><strong><em>_sexto</em></strong></span> <span class='ocrx_word' id='word_1_366' title='bbox 2512 790 2798 858; x_wconf 71' lang='lat' dir='ltr'><strong><em>annopost</em></strong></span> <span class='ocrx_word' id='word_1_367' title='bbox 2847 781 3186 858; x_wconf 62' lang='lat' dir='ltr'><strong><em>Euripidem.</em></strong></span> <span class='ocrx_word' id='word_1_368' title='bbox 3220 787 3287 838; x_wconf 87' lang='lat' dir='ltr'><strong><em>At</em></strong></span> <span class='ocrx_word' id='word_1_369' title='bbox 3327 784 3592 858; x_wconf 81' lang='lat' dir='ltr'><strong><em>Diodorus</em></strong></span> 
     </span>
    </p>
   </div>
   <div class='ocr_carea' id='block_1_47' title="bbox 2005 847 3587 918">
    <p class='ocr_par' dir='ltr' id='par_1_47' title="bbox 2005 847 3587 918">
     <span class='ocr_line' id='line_1_48' title="bbox 2005 847 3587 918; baseline 0.008 -18"><span class='ocrx_word' id='word_1_370' title='bbox 2005 847 2101 902; x_wconf 90' lang='lat' dir='ltr'><strong><em>lib.</em></strong></span> <span class='ocrx_word' id='word_1_371' title='bbox 2144 866 2239 903; x_wconf 87' lang='lat' dir='ltr'><strong><em>xtu</em></strong></span> <span class='ocrx_word' id='word_1_372' title='bbox 2270 849 2400 904; x_wconf 89' lang='lat' dir='ltr'><strong><em>citat</em></strong></span> <span class='ocrx_word' id='word_1_373' title='bbox 2439 847 2830 918; x_wconf 81' lang='lat' dir='ltr'><strong><em>Apollodorum</em></strong></span> <span class='ocrx_word' id='word_1_374' title='bbox 2864 855 2913 906; x_wconf 91' lang='lat' dir='ltr'><strong><em>in</em></strong></span> <span class='ocrx_word' id='word_1_375' title='bbox 2938 847 3222 910; x_wconf 89' lang='lat' dir='ltr'><strong><em>Chronicis</em></strong></span> <span class='ocrx_word' id='word_1_376' title='bbox 3263 856 3587 912; x_wconf 77' lang='lat' dir='ltr'><strong><em>scribentem</em></strong></span> 
     </span>
    </p>
   </div>
   <div class='ocr_carea' id='block_1_48' title="bbox 2006 920 3583 993">
    <p class='ocr_par' dir='ltr' id='par_1_48' title="bbox 2006 920 3583 993">
     <span class='ocr_line' id='line_1_49' title="bbox 2006 920 3583 993; baseline 0.008 -22"><span class='ocrx_word' id='word_1_377' title='bbox 2006 920 2720 993; x_wconf 63' lang='lat' dir='ltr'><strong><em>EuripidemetSophoclem</em></strong></span> <span class='ocrx_word' id='word_1_378' title='bbox 2746 924 2936 978; x_wconf 90' lang='lat' dir='ltr'><strong><em>eodem</em></strong></span> <span class='ocrx_word' id='word_1_379' title='bbox 2955 939 3100 979; x_wconf 87' lang='lat' dir='ltr'><strong><em>anno</em></strong></span> <span class='ocrx_word' id='word_1_380' title='bbox 3125 928 3230 979; x_wconf 85' lang='lat' dir='ltr'><strong><em>vita</em></strong></span> <span class='ocrx_word' id='word_1_381' title='bbox 3257 927 3583 993; x_wconf 60' lang='lat' dir='ltr'><strong><em>excessisse,</em></strong></span> 
     </span>
    </p>
   </div>
   <div class='ocr_carea' id='block_1_49' title="bbox 2002 990 3594 1068">
    <p class='ocr_par' dir='ltr' id='par_1_49' title="bbox 2002 990 3594 1068">
     <span class='ocr_line' id='line_1_50' title="bbox 2002 990 3594 1068; baseline 0.008 -24"><span class='ocrx_word' id='word_1_382' title='bbox 2002 990 2462 1068; x_wconf 27' lang='lat' dir='ltr'><strong><em>Calliahprrel&#39;ccto</em></strong></span> <span class='ocrx_word' id='word_1_383' title='bbox 2489 993 2726 1068; x_wconf 58' lang='lat' dir='ltr'><strong><em>Athenis</em></strong></span> <span class='ocrx_word' id='word_1_384' title='bbox 2743 1005 2795 1068; x_wconf 84' lang='lat' dir='ltr'><strong><em>et</em></strong></span> <span class='ocrx_word' id='word_1_385' title='bbox 2823 1011 2963 1068; x_wconf 84' lang='lat' dir='ltr'><strong><em>anno</em></strong></span> <span class='ocrx_word' id='word_1_386' title='bbox 2990 995 3022 1047; x_wconf 80' lang='grc'>5</span> <span class='ocrx_word' id='word_1_387' title='bbox 3051 997 3259 1068; x_wconf 79' lang='lat' dir='ltr'><strong><em>olymp.</em></strong></span> <span class='ocrx_word' id='word_1_388' title='bbox 3282 997 3369 1052; x_wconf 81' lang='grc'><strong><em>95.</em></strong></span> <span class='ocrx_word' id='word_1_389' title='bbox 3392 990 3594 1056; x_wconf 80' lang='lat' dir='ltr'><strong><em>Pausa-</em></strong></span> 
     </span>
    </p>
   </div>
   <div class='ocr_carea' id='block_1_50' title="bbox 2005 1062 3596 1136">
    <p class='ocr_par' dir='ltr' id='par_1_50' title="bbox 2005 1062 3596 1136">
     <span class='ocr_line' id='line_1_51' title="bbox 2005 1062 3596 1136; baseline 0.008 -22"><span class='ocrx_word' id='word_1_390' title='bbox 2005 1063 2120 1136; x_wconf 78' lang='lat' dir='ltr'><strong><em>nias</em></strong></span> <span class='ocrx_word' id='word_1_391' title='bbox 2150 1062 2311 1136; x_wconf 83' lang='lat' dir='ltr'><strong><em>lib.t,</em></strong></span> <span class='ocrx_word' id='word_1_392' title='bbox 2334 1065 2550 1136; x_wconf 87' lang='lat' dir='ltr'><strong><em>Solinus</em></strong></span> <span class='ocrx_word' id='word_1_393' title='bbox 2579 1076 2628 1136; x_wconf 86' lang='lat' dir='ltr'><strong><em>et</em></strong></span> <span class='ocrx_word' id='word_1_394' title='bbox 2653 1065 2858 1119; x_wconf 89' lang='lat' dir='ltr'><strong><em>Plinius</em></strong></span> <span class='ocrx_word' id='word_1_395' title='bbox 2880 1067 2975 1120; x_wconf 91' lang='lat' dir='ltr'><strong><em>lib.</em></strong></span> <span class='ocrx_word' id='word_1_396' title='bbox 3006 1084 3078 1122; x_wconf 84' lang='lat' dir='ltr'><strong><em>vn</em></strong></span> <span class='ocrx_word' id='word_1_397' title='bbox 3101 1062 3327 1136; x_wconf 71' lang='lat' dir='ltr'><strong><em>cap.‘29.</em></strong></span> <span class='ocrx_word' id='word_1_398' title='bbox 3353 1070 3596 1126; x_wconf 75' lang='lat' dir='ltr'><strong><em>referunt</em></strong></span> 
     </span>
    </p>
   </div>
   <div class='ocr_carea' id='block_1_51' title="bbox 2003 1134 3596 1209">
    <p class='ocr_par' dir='ltr' id='par_1_51' title="bbox 2003 1134 3596 1209">
     <span class='ocr_line' id='line_1_52' title="bbox 2003 1134 3596 1209; baseline 0.008 -25"><span class='ocrx_word' id='word_1_399' title='bbox 2003 1134 2206 1209; x_wconf 73' lang='lat' dir='ltr'><strong><em>obitum</em></strong></span> <span class='ocrx_word' id='word_1_400' title='bbox 2237 1135 2528 1209; x_wconf 67' lang='lat' dir='ltr'><strong><em>Sophoclis</em></strong></span> <span class='ocrx_word' id='word_1_401' title='bbox 2553 1135 2620 1189; x_wconf 89' lang='lat' dir='ltr'><strong><em>ad</em></strong></span> <span class='ocrx_word' id='word_1_402' title='bbox 2659 1151 2780 1190; x_wconf 91' lang='lat' dir='ltr'><strong><em>cum</em></strong></span> <span class='ocrx_word' id='word_1_403' title='bbox 2834 1152 3031 1192; x_wconf 86' lang='lat' dir='ltr'><strong><em>annum</em></strong></span> <span class='ocrx_word' id='word_1_404' title='bbox 3086 1134 3193 1209; x_wconf 88' lang='lat' dir='ltr'><strong><em>quo</em></strong></span> <span class='ocrx_word' id='word_1_405' title='bbox 3249 1140 3596 1197; x_wconf 81' lang='lat' dir='ltr'><strong><em>Lacedaemo-</em></strong></span> 
     </span>
    </p>
   </div>
   <div class='ocr_carea' id='block_1_52' title="bbox 2005 1204 3596 1278">
    <p class='ocr_par' dir='ltr' id='par_1_52' title="bbox 2005 1204 3596 1278">
     <span class='ocr_line' id='line_1_53' title="bbox 2005 1204 3596 1278; baseline 0.008 -21"><span class='ocrx_word' id='word_1_406' title='bbox 2005 1204 2100 1278; x_wconf 84' lang='lat' dir='ltr'><strong><em>nii,</em></strong></span> <span class='ocrx_word' id='word_1_407' title='bbox 2133 1206 2269 1261; x_wconf 90' lang='lat' dir='ltr'><strong><em>duce</em></strong></span> <span class='ocrx_word' id='word_1_408' title='bbox 2298 1207 2604 1278; x_wconf 87' lang='lat' dir='ltr'><strong><em>Lysandro,</em></strong></span> <span class='ocrx_word' id='word_1_409' title='bbox 2639 1209 2950 1274; x_wconf 87' lang='lat' dir='ltr'><strong><em>irruperunt</em></strong></span> <span class='ocrx_word' id='word_1_410' title='bbox 2977 1209 3029 1263; x_wconf 88' lang='lat' dir='ltr'><strong><em>in</em></strong></span> <span class='ocrx_word' id='word_1_411' title='bbox 3062 1204 3318 1274; x_wconf 77' lang='lat' dir='ltr'><strong><em>Atticam,</em></strong></span> <span class='ocrx_word' id='word_1_412' title='bbox 3352 1223 3402 1268; x_wconf 89' lang='lat' dir='ltr'><strong><em>et</em></strong></span> <span class='ocrx_word' id='word_1_413' title='bbox 3434 1214 3596 1270; x_wconf 90' lang='lat' dir='ltr'><strong><em>obse-</em></strong></span> 
     </span>
    </p>
   </div>
   <div class='ocr_carea' id='block_1_53' title="bbox 2003 1275 3593 1348">
    <p class='ocr_par' dir='ltr' id='par_1_53' title="bbox 2003 1275 3593 1348">
     <span class='ocr_line' id='line_1_54' title="bbox 2003 1275 3593 1348; baseline 0.006 -18"><span class='ocrx_word' id='word_1_414' title='bbox 2003 1275 2199 1348; x_wconf 82' lang='lat' dir='ltr'><strong><em>derunt</em></strong></span> <span class='ocrx_word' id='word_1_415' title='bbox 2223 1275 2489 1340; x_wconf 58' lang='lat' dir='ltr'><strong><em>Athenas,</em></strong></span> <span class='ocrx_word' id='word_1_416' title='bbox 2521 1294 2790 1348; x_wconf 88' lang='lat' dir='ltr'><strong><em>quemque</em></strong></span> <span class='ocrx_word' id='word_1_417' title='bbox 2821 1279 3089 1335; x_wconf 87' lang='lat' dir='ltr'><strong><em>Diodorus</em></strong></span> <span class='ocrx_word' id='word_1_418' title='bbox 3113 1283 3222 1336; x_wconf 85' lang='lat' dir='ltr'><strong><em>vnlt</em></strong></span> <span class='ocrx_word' id='word_1_419' title='bbox 3245 1297 3364 1338; x_wconf 88' lang='lat' dir='ltr'><strong><em>esse</em></strong></span> <span class='ocrx_word' id='word_1_420' title='bbox 3389 1300 3593 1340; x_wconf 85' lang='lat' dir='ltr'><strong><em>annum</em></strong></span> 
     </span>
    </p>
   </div>
   <div class='ocr_carea' id='block_1_54' title="bbox 2007 1346 3593 1424">
    <p class='ocr_par' dir='ltr' id='par_1_54' title="bbox 2007 1346 3593 1424">
     <span class='ocr_line' id='line_1_55' title="bbox 2007 1346 3593 1424; baseline 0.008 -26"><span class='ocrx_word' id='word_1_421' title='bbox 2007 1346 2261 1424; x_wconf 74' lang='lat' dir='ltr'><strong><em>lolymp.</em></strong></span> <span class='ocrx_word' id='word_1_422' title='bbox 2287 1348 2372 1404; x_wconf 85' lang='grc'><strong><em>95.</em></strong></span> <span class='ocrx_word' id='word_1_423' title='bbox 2405 1346 2756 1424; x_wconf 75' lang='lat' dir='ltr'><strong><em>Plutarchus,</em></strong></span> <span class='ocrx_word' id='word_1_424' title='bbox 2789 1350 2990 1424; x_wconf 25' lang='lat' dir='ltr'><strong><em>libuvu</em></strong></span> <span class='ocrx_word' id='word_1_425' title='bbox 3018 1351 3294 1424; x_wconf 87' lang='lat' dir='ltr'><strong><em>Sympos.,</em></strong></span> <span class='ocrx_word' id='word_1_426' title='bbox 3327 1356 3400 1408; x_wconf 88' lang='lat' dir='ltr'><strong><em>ait</em></strong></span> <span class='ocrx_word' id='word_1_427' title='bbox 3431 1355 3593 1410; x_wconf 87' lang='lat' dir='ltr'><strong><em>Euri-</em></strong></span> 
     </span>
    </p>
   </div>
   <div class='ocr_carea' id='block_1_55' title="bbox 2003 1419 3595 1498">
    <p class='ocr_par' dir='ltr' id='par_1_55' title="bbox 2003 1419 3595 1498">
     <span class='ocr_line' id='line_1_56' title="bbox 2003 1419 3595 1498; baseline 0.006 -29"><span class='ocrx_word' id='word_1_428' title='bbox 2003 1419 2181 1488; x_wconf 87' lang='lat' dir='ltr'><strong><em>pidem</em></strong></span> <span class='ocrx_word' id='word_1_429' title='bbox 2211 1420 2513 1498; x_wconf 76' lang='lat' dir='ltr'><strong><em>decessisse</em></strong></span> <span class='ocrx_word' id='word_1_430' title='bbox 2530 1422 2649 1498; x_wconf 66' lang='lat' dir='ltr'><strong><em>ipso</em></strong></span> <span class='ocrx_word' id='word_1_431' title='bbox 2682 1422 2844 1475; x_wconf 89' lang='lat' dir='ltr'><strong><em>natali</em></strong></span> <span class='ocrx_word' id='word_1_432' title='bbox 2874 1419 3109 1498; x_wconf 70' lang='lat' dir='ltr'><strong><em>Dionysii</em></strong></span> <span class='ocrx_word' id='word_1_433' title='bbox 3138 1419 3271 1477; x_wconf 82' lang='lat' dir='ltr'><strong><em>inter</em></strong></span> <span class='ocrx_word' id='word_1_434' title='bbox 3296 1424 3494 1498; x_wconf 71' lang='lat' dir='ltr'><strong><em>Sicilia:</em></strong></span> <span class='ocrx_word' id='word_1_435' title='bbox 3515 1438 3595 1498; x_wconf 83' lang='lat' dir='ltr'><strong><em>ly-</em></strong></span> 
     </span>
    </p>
   </div>
   <div class='ocr_carea' id='block_1_56' title="bbox 2002 1492 3592 1563">
    <p class='ocr_par' dir='ltr' id='par_1_56' title="bbox 2002 1492 3592 1563">
     <span class='ocr_line' id='line_1_57' title="bbox 2002 1492 3592 1563; baseline 0.006 -21"><span class='ocrx_word' id='word_1_436' title='bbox 2002 1506 2195 1563; x_wconf 82' lang='lat' dir='ltr'><strong><em>rannos</em></strong></span> <span class='ocrx_word' id='word_1_437' title='bbox 2243 1492 2483 1546; x_wconf 87' lang='lat' dir='ltr'><strong><em>senioris.</em></strong></span> <span class='ocrx_word' id='word_1_438' title='bbox 2530 1492 2734 1563; x_wconf 83' lang='lat' dir='ltr'><strong><em>Forsan</em></strong></span> <span class='ocrx_word' id='word_1_439' title='bbox 2779 1495 3012 1562; x_wconf 88' lang='lat' dir='ltr'><strong><em>sumpsit</em></strong></span> <span class='ocrx_word' id='word_1_440' title='bbox 3060 1504 3264 1562; x_wconf 85' lang='lat' dir='ltr'><strong><em>patrem</em></strong></span> <span class='ocrx_word' id='word_1_441' title='bbox 3312 1512 3406 1561; x_wconf 89' lang='lat' dir='ltr'><strong><em>pro</em></strong></span> <span class='ocrx_word' id='word_1_442' title='bbox 3447 1492 3592 1563; x_wconf 78' lang='lat' dir='ltr'><strong><em>lilio,</em></strong></span> 
     </span>
    </p>
   </div>
   <div class='ocr_carea' id='block_1_57' title="bbox 2004 1560 3595 1639">
    <p class='ocr_par' dir='ltr' id='par_1_57' title="bbox 2004 1560 3595 1639">
     <span class='ocr_line' id='line_1_58' title="bbox 2004 1560 3595 1639; baseline 0.005 -25"><span class='ocrx_word' id='word_1_443' title='bbox 2004 1560 2283 1639; x_wconf 66' lang='lat' dir='ltr'><strong><em>veletiam</em></strong></span> <span class='ocrx_word' id='word_1_444' title='bbox 2316 1565 2550 1639; x_wconf 76' lang='lat' dir='ltr'><strong><em>natalem</em></strong></span> <span class='ocrx_word' id='word_1_445' title='bbox 2582 1562 2822 1634; x_wconf 85' lang='lat' dir='ltr'><strong><em>Dionysii</em></strong></span> <span class='ocrx_word' id='word_1_446' title='bbox 2849 1560 3088 1619; x_wconf 78' lang='lat' dir='ltr'><strong><em>senioris</em></strong></span> <span class='ocrx_word' id='word_1_447' title='bbox 3113 1581 3212 1634; x_wconf 90' lang='lat' dir='ltr'><strong><em>pro</em></strong></span> <span class='ocrx_word' id='word_1_448' title='bbox 3235 1560 3387 1621; x_wconf 87' lang='lat' dir='ltr'><strong><em>initio</em></strong></span> <span class='ocrx_word' id='word_1_449' title='bbox 3410 1560 3595 1639; x_wconf 56' lang='lat' dir='ltr'><strong><em>tyranL</em></strong></span> 
     </span>
    </p>
   </div>
   <div class='ocr_carea' id='block_1_58' title="bbox 2004 1632 3594 1703">
    <p class='ocr_par' dir='ltr' id='par_1_58' title="bbox 2004 1632 3594 1703">
     <span class='ocr_line' id='line_1_59' title="bbox 2004 1632 3594 1703; baseline 0.006 -17"><span class='ocrx_word' id='word_1_450' title='bbox 2004 1632 2144 1686; x_wconf 88' lang='lat' dir='ltr'><strong><em>nidis</em></strong></span> <span class='ocrx_word' id='word_1_451' title='bbox 2176 1633 2344 1703; x_wconf 90' lang='lat' dir='ltr'><strong><em>ipsius</em></strong></span> <span class='ocrx_word' id='word_1_452' title='bbox 2368 1675 2381 1697; x_wconf 90' lang='lat'><strong><em>,</em></strong></span> <span class='ocrx_word' id='word_1_453' title='bbox 2411 1634 2552 1701; x_wconf 88' lang='lat' dir='ltr'><strong><em>quod</em></strong></span> <span class='ocrx_word' id='word_1_454' title='bbox 2578 1632 2766 1689; x_wconf 72' lang='lat' dir='ltr'><strong><em>auctor</em></strong></span> <span class='ocrx_word' id='word_1_455' title='bbox 2788 1646 3068 1702; x_wconf 89' lang='lat' dir='ltr'><strong><em>comparat</em></strong></span> <span class='ocrx_word' id='word_1_456' title='bbox 3095 1632 3214 1690; x_wconf 80' lang='lat' dir='ltr'><strong><em>cum</em></strong></span> <span class='ocrx_word' id='word_1_457' title='bbox 3244 1651 3388 1693; x_wconf 88' lang='lat' dir='ltr'><strong><em>anno</em></strong></span> <span class='ocrx_word' id='word_1_458' title='bbox 3409 1632 3594 1695; x_wconf 79' lang='lat' dir='ltr'><strong><em>obitus</em></strong></span> 
     </span>
    </p>
   </div>
   <div class='ocr_carea' id='block_1_59' title="bbox 2005 1703 3593 1775">
    <p class='ocr_par' dir='ltr' id='par_1_59' title="bbox 2005 1703 3593 1775">
     <span class='ocr_line' id='line_1_60' title="bbox 2005 1703 3593 1775; baseline 0.005 -18"><span class='ocrx_word' id='word_1_459' title='bbox 2005 1705 2198 1758; x_wconf 89' lang='lat' dir='ltr'><strong><em>horum</em></strong></span> <span class='ocrx_word' id='word_1_460' title='bbox 2227 1703 2455 1758; x_wconf 88' lang='lat' dir='ltr'><strong><em>duorum</em></strong></span> <span class='ocrx_word' id='word_1_461' title='bbox 2487 1706 2874 1775; x_wconf 68' lang='lat' dir='ltr'><strong><em>tragtndorum.</em></strong></span> <span class='ocrx_word' id='word_1_462' title='bbox 2908 1706 3013 1761; x_wconf 89' lang='lat' dir='ltr'><strong><em>Sed</em></strong></span> <span class='ocrx_word' id='word_1_463' title='bbox 3035 1707 3139 1762; x_wconf 91' lang='lat' dir='ltr'><strong><em>hoc</em></strong></span> <span class='ocrx_word' id='word_1_464' title='bbox 3163 1708 3279 1762; x_wconf 87' lang='lat' dir='ltr'><strong><em>loco</em></strong></span> <span class='ocrx_word' id='word_1_465' title='bbox 3303 1709 3593 1765; x_wconf 85' lang='lat' dir='ltr'><strong><em>dicendum</em></strong></span> 
     </span>
    </p>
   </div>
   <div class='ocr_carea' id='block_1_60' title="bbox 2002 1775 3596 1850">
    <p class='ocr_par' dir='ltr' id='par_1_60' title="bbox 2002 1775 3596 1850">
     <span class='ocr_line' id='line_1_61' title="bbox 2002 1775 3596 1850; baseline 0.004 -21"><span class='ocrx_word' id='word_1_466' title='bbox 2002 1785 2087 1829; x_wconf 90' lang='lat' dir='ltr'><strong><em>est</em></strong></span> <span class='ocrx_word' id='word_1_467' title='bbox 2127 1790 2246 1830; x_wconf 92' lang='lat' dir='ltr'><strong><em>cum</em></strong></span> <span class='ocrx_word' id='word_1_468' title='bbox 2276 1775 2581 1850; x_wconf 73' lang='lat' dir='ltr'><strong><em>Plutarcho</em></strong></span> <span class='ocrx_word' id='word_1_469' title='bbox 2625 1781 2677 1830; x_wconf 91' lang='lat' dir='ltr'><strong><em>in</em></strong></span> <span class='ocrx_word' id='word_1_470' title='bbox 2709 1777 2881 1831; x_wconf 89' lang='lat' dir='ltr'><strong><em>Numa</em></strong></span> <span class='ocrx_word' id='word_1_471' title='bbox 2925 1794 3027 1836; x_wconf 89' lang='lat' dir='ltr'><strong><em>non</em></strong></span> <span class='ocrx_word' id='word_1_472' title='bbox 3070 1796 3177 1833; x_wconf 89' lang='lat' dir='ltr'><strong><em>esse</em></strong></span> <span class='ocrx_word' id='word_1_473' title='bbox 3209 1779 3362 1846; x_wconf 76' lang='lat' dir='ltr'><strong><em>facile</em></strong></span> <span class='ocrx_word' id='word_1_474' title='bbox 3393 1783 3596 1850; x_wconf 77' lang='lat' dir='ltr'><strong><em>exigere</em></strong></span> 
     </span>
    </p>
   </div>
   <div class='ocr_carea' id='block_1_61' title="bbox 2003 1847 3595 1924">
    <p class='ocr_par' dir='ltr' id='par_1_61' title="bbox 2003 1847 3595 1924">
     <span class='ocr_line' id='line_1_62' title="bbox 2003 1847 3595 1924; baseline 0.003 -23"><span class='ocrx_word' id='word_1_475' title='bbox 2003 1855 2176 1924; x_wconf 68' lang='lat' dir='ltr'><strong><em>letales</em></strong></span> <span class='ocrx_word' id='word_1_476' title='bbox 2216 1847 2608 1924; x_wconf 84' lang='lat' dir='ltr'><strong><em>ad_amussim,</em></strong></span> <span class='ocrx_word' id='word_1_477' title='bbox 2650 1851 2869 1924; x_wconf 75' lang='lat' dir='ltr'><strong><em>maxime</em></strong></span> <span class='ocrx_word' id='word_1_478' title='bbox 2912 1851 2958 1924; x_wconf 80' lang='lat' dir='ltr'><strong><em>si</em></strong></span> <span class='ocrx_word' id='word_1_479' title='bbox 2987 1853 3300 1904; x_wconf 85' lang='lat' dir='ltr'><strong><em>reducantur</em></strong></span> <span class='ocrx_word' id='word_1_480' title='bbox 3325 1852 3392 1924; x_wconf 90' lang='lat' dir='ltr'><strong><em>ad</em></strong></span> <span class='ocrx_word' id='word_1_481' title='bbox 3423 1847 3595 1924; x_wconf 70' lang='lat' dir='ltr'><strong><em>olym-</em></strong></span> 
     </span>
    </p>
   </div>
   <div class='ocr_carea' id='block_1_62' title="bbox 2003 1917 3596 1990">
    <p class='ocr_par' dir='ltr' id='par_1_62' title="bbox 2003 1917 3596 1990">
     <span class='ocr_line' id='line_1_63' title="bbox 2003 1917 3596 1990; baseline 0.008 -21"><span class='ocrx_word' id='word_1_482' title='bbox 2003 1919 2253 1987; x_wconf 77' lang='lat' dir='ltr'><strong><em>pionices.</em></strong></span> <span class='ocrx_word' id='word_1_483' title='bbox 2298 1917 2483 1990; x_wconf 84' lang='lat' dir='ltr'><strong><em>Itaque</em></strong></span> <span class='ocrx_word' id='word_1_484' title='bbox 2543 1920 2594 1974; x_wconf 88' lang='lat' dir='ltr'><strong><em>itt</em></strong></span> <span class='ocrx_word' id='word_1_485' title='bbox 2653 1919 2753 1976; x_wconf 87' lang='lat' dir='ltr'><strong><em>hac</em></strong></span> <span class='ocrx_word' id='word_1_486' title='bbox 2815 1921 3081 1977; x_wconf 80' lang='lat' dir='ltr'><strong><em>varietate</em></strong></span> <span class='ocrx_word' id='word_1_487' title='bbox 3132 1924 3302 1977; x_wconf 91' lang='lat' dir='ltr'><strong><em>satius</em></strong></span> <span class='ocrx_word' id='word_1_488' title='bbox 3365 1917 3596 1981; x_wconf 53' lang='lat' dir='ltr'><strong><em>l&#39;uit&#39;nil</em></strong></span> 
     </span>
    </p>
   </div>
   <div class='ocr_carea' id='block_1_63' title="bbox 2001 1998 2234 2045">
    <p class='ocr_par' dir='ltr' id='par_1_63' title="bbox 2001 1998 2234 2045">
     <span class='ocr_line' id='line_1_64' title="bbox 2001 1998 2234 2045; baseline -0.004 0"><span class='ocrx_word' id='word_1_489' title='bbox 2001 1998 2234 2045; x_wconf 84' lang='lat' dir='ltr'><strong><em>mutare.</em></strong></span> 
     </span>
    </p>
   </div>
   <div class='ocr_carea' id='block_1_64' title="bbox 2074 2059 3594 2154">
    <p class='ocr_par' dir='ltr' id='par_1_64' title="bbox 2074 2059 3594 2154">
     <span class='ocr_line' id='line_1_65' title="bbox 2074 2059 3594 2154; baseline 0.005 -40"><span class='ocrx_word' id='word_1_490' title='bbox 2074 2059 2263 2154; x_wconf 48' lang='lat' dir='ltr'><strong><em>(lbid.)</em></strong></span> <span class='ocrx_word' id='word_1_491' title='bbox 2303 2062 3019 2154; x_wconf 32' lang='lat' dir='ltr'><strong><em>ApudAAt-fhelaum.LApud</em></strong></span> <span class='ocrx_word' id='word_1_492' title='bbox 3049 2064 3315 2148; x_wconf 77' lang='lat' dir='ltr'><strong><em>Arelatum</em></strong></span> <span class='ocrx_word' id='word_1_493' title='bbox 3467 2066 3594 2154; x_wconf 38' lang='lat' dir='ltr'><strong><em>va...</em></strong></span> 
     </span>
    </p>
   </div>
   <div class='ocr_carea' id='block_1_65' title="bbox 2004 2131 3595 2204">
    <p class='ocr_par' dir='ltr' id='par_1_65' title="bbox 2004 2131 3595 2204">
     <span class='ocr_line' id='line_1_66' title="bbox 2004 2131 3595 2204; baseline 0.004 -18"><span class='ocrx_word' id='word_1_494' title='bbox 2004 2131 2121 2196; x_wconf 87' lang='lat' dir='ltr'><strong><em>Lo.,</em></strong></span> <span class='ocrx_word' id='word_1_495' title='bbox 2150 2132 2283 2187; x_wconf 84' lang='lat' dir='ltr'><strong><em>Ven.</em></strong></span> <span class='ocrx_word' id='word_1_496' title='bbox 2318 2131 2514 2188; x_wconf 80' lang='lat' dir='ltr'><strong><em>Verum</em></strong></span> <span class='ocrx_word' id='word_1_497' title='bbox 2541 2133 2746 2203; x_wconf 90' lang='lat' dir='ltr'><strong><em>absque</em></strong></span> <span class='ocrx_word' id='word_1_498' title='bbox 2772 2131 2941 2189; x_wconf 85' lang='lat' dir='ltr'><strong><em>dubio</em></strong></span> <span class='ocrx_word' id='word_1_499' title='bbox 2965 2137 3278 2204; x_wconf 88' lang='lat' dir='ltr'><strong><em>germanior</em></strong></span> <span class='ocrx_word' id='word_1_500' title='bbox 3305 2148 3386 2191; x_wconf 86' lang='lat' dir='ltr'><strong><em>est</em></strong></span> <span class='ocrx_word' id='word_1_501' title='bbox 3431 2139 3595 2192; x_wconf 87' lang='lat' dir='ltr'><strong><em>lectio</em></strong></span> 
     </span>
    </p>
   </div>
   <div class='ocr_carea' id='block_1_66' title="bbox 2003 2205 3596 2273">
    <p class='ocr_par' dir='ltr' id='par_1_66' title="bbox 2003 2205 3596 2273">
     <span class='ocr_line' id='line_1_67' title="bbox 2003 2205 3596 2273; baseline 0.004 -16"><span class='ocrx_word' id='word_1_502' title='bbox 2003 2205 2254 2273; x_wconf 78' lang='lat' dir='ltr'><strong><em>vulgata,</em></strong></span> <span class='ocrx_word' id='word_1_503' title='bbox 2286 2221 2408 2258; x_wconf 91' lang='lat' dir='ltr'><strong><em>cum</em></strong></span> <span class='ocrx_word' id='word_1_504' title='bbox 2437 2205 2741 2260; x_wconf 87' lang='lat' dir='ltr'><strong><em>institutum</em></strong></span> <span class='ocrx_word' id='word_1_505' title='bbox 2776 2209 3011 2261; x_wconf 80' lang='lat' dir='ltr'><strong><em>auctoris</em></strong></span> <span class='ocrx_word' id='word_1_506' title='bbox 3042 2209 3112 2261; x_wconf 90' lang='lat' dir='ltr'><strong><em>sit</em></strong></span> <span class='ocrx_word' id='word_1_507' title='bbox 3142 2223 3313 2262; x_wconf 90' lang='lat' dir='ltr'><strong><em>annos</em></strong></span> <span class='ocrx_word' id='word_1_508' title='bbox 3339 2209 3596 2264; x_wconf 83' lang='lat' dir='ltr'><strong><em>Archelai</em></strong></span> 
     </span>
    </p>
   </div>
   <div class='ocr_carea' id='block_1_67' title="bbox 2002 2275 3595 2344">
    <p class='ocr_par' dir='ltr' id='par_1_67' title="bbox 2002 2275 3595 2344">
     <span class='ocr_line' id='line_1_68' title="bbox 2002 2275 3595 2344; baseline 0.003 -15"><span class='ocrx_word' id='word_1_509' title='bbox 2002 2277 2146 2344; x_wconf 85' lang='lat' dir='ltr'><strong><em>regis</em></strong></span> <span class='ocrx_word' id='word_1_510' title='bbox 2175 2275 2528 2330; x_wconf 86' lang='lat' dir='ltr'><strong><em>Macedonum</em></strong></span> <span class='ocrx_word' id='word_1_511' title='bbox 2559 2289 2860 2332; x_wconf 81' lang='lat' dir='ltr'><strong><em>contexere</em></strong></span> <span class='ocrx_word' id='word_1_512' title='bbox 2886 2296 2898 2330; x_wconf 92' lang='lat'>:</span> <span class='ocrx_word' id='word_1_513' title='bbox 2931 2280 2997 2332; x_wconf 89' lang='lat' dir='ltr'><strong><em>ad</em></strong></span> <span class='ocrx_word' id='word_1_514' title='bbox 3028 2294 3186 2344; x_wconf 87' lang='lat' dir='ltr'><strong><em>quem</em></strong></span> <span class='ocrx_word' id='word_1_515' title='bbox 3224 2279 3431 2334; x_wconf 85' lang='lat' dir='ltr'><strong><em>accedit</em></strong></span> <span class='ocrx_word' id='word_1_516' title='bbox 3461 2279 3595 2334; x_wconf 84' lang='lat' dir='ltr'><strong><em>Pau-</em></strong></span> 
     </span>
    </p>
   </div>
   <div class='ocr_carea' id='block_1_68' title="bbox 2002 2347 3594 2419">
    <p class='ocr_par' dir='ltr' id='par_1_68' title="bbox 2002 2347 3594 2419">
     <span class='ocr_line' id='line_1_69' title="bbox 2002 2347 3594 2419; baseline 0.001 -17"><span class='ocrx_word' id='word_1_517' title='bbox 2002 2347 2185 2402; x_wconf 85' lang='lat' dir='ltr'><strong><em>sanias</em></strong></span> <span class='ocrx_word' id='word_1_518' title='bbox 2215 2347 2316 2419; x_wconf 84' lang='lat' dir='ltr'><strong><em>lib.</em></strong></span> <span class='ocrx_word' id='word_1_519' title='bbox 2349 2363 2386 2412; x_wconf 90' lang='grc' dir='ltr'>ι,</span> <span class='ocrx_word' id='word_1_520' title='bbox 2413 2349 2538 2402; x_wconf 91' lang='lat' dir='ltr'><strong><em>dum</em></strong></span> <span class='ocrx_word' id='word_1_521' title='bbox 2571 2347 2645 2401; x_wconf 87' lang='lat' dir='ltr'><strong><em>ait</em></strong></span> <span class='ocrx_word' id='word_1_522' title='bbox 2677 2348 2977 2419; x_wconf 79' lang='lat' dir='ltr'><strong><em>Euripidem</em></strong></span> <span class='ocrx_word' id='word_1_523' title='bbox 3009 2367 3124 2403; x_wconf 87' lang='lat' dir='ltr'><strong><em>cunt</em></strong></span> <span class='ocrx_word' id='word_1_524' title='bbox 3152 2352 3206 2403; x_wconf 90' lang='lat' dir='ltr'><strong><em>in</em></strong></span> <span class='ocrx_word' id='word_1_525' title='bbox 3230 2351 3594 2404; x_wconf 80' lang='lat' dir='ltr'><strong><em>Macedoniam</em></strong></span> 
     </span>
    </p>
   </div>
   <div class='ocr_carea' id='block_1_69' title="bbox 2002 2417 3595 2492">
    <p class='ocr_par' dir='ltr' id='par_1_69' title="bbox 2002 2417 3595 2492">
     <span class='ocr_line' id='line_1_70' title="bbox 2002 2417 3595 2492; baseline 0.004 -22"><span class='ocrx_word' id='word_1_526' title='bbox 2002 2419 2073 2470; x_wconf 90' lang='lat' dir='ltr'><strong><em>ad</em></strong></span> <span class='ocrx_word' id='word_1_527' title='bbox 2104 2417 2409 2492; x_wconf 84' lang='lat' dir='ltr'><strong><em>Archelaum</em></strong></span> <span class='ocrx_word' id='word_1_528' title='bbox 2438 2434 2608 2492; x_wconf 80' lang='lat' dir='ltr'><strong><em>regem</em></strong></span> <span class='ocrx_word' id='word_1_529' title='bbox 2635 2419 2727 2491; x_wconf 91' lang='lat' dir='ltr'><strong><em>(de</em></strong></span> <span class='ocrx_word' id='word_1_530' title='bbox 2754 2417 2860 2492; x_wconf 67' lang='lat' dir='ltr'><strong><em>quo</em></strong></span> <span class='ocrx_word' id='word_1_531' title='bbox 2895 2420 2981 2474; x_wconf 91' lang='lat' dir='ltr'><strong><em>hic</em></strong></span> <span class='ocrx_word' id='word_1_532' title='bbox 3011 2422 3302 2492; x_wconf 79' lang='lat' dir='ltr'><strong><em>Eusebius)</em></strong></span> <span class='ocrx_word' id='word_1_533' title='bbox 3335 2423 3595 2489; x_wconf 80' lang='lat' dir='ltr'><strong><em>profectus</em></strong></span> 
     </span>
    </p>
   </div>
   <div class='ocr_carea' id='block_1_70' title="bbox 2003 2489 3598 2565">
    <p class='ocr_par' dir='ltr' id='par_1_70' title="bbox 2003 2489 3598 2565">
     <span class='ocr_line' id='line_1_71' title="bbox 2003 2489 3598 2565; baseline 0.002 -22"><span class='ocrx_word' id='word_1_534' title='bbox 2003 2500 2150 2552; x_wconf 88' lang='lat' dir='ltr'><strong><em>esset,</em></strong></span> <span class='ocrx_word' id='word_1_535' title='bbox 2179 2491 2288 2543; x_wconf 86' lang='lat' dir='ltr'><strong><em>illic</em></strong></span> <span class='ocrx_word' id='word_1_536' title='bbox 2318 2489 2571 2565; x_wconf 80' lang='lat' dir='ltr'><strong><em>sepultum</em></strong></span> <span class='ocrx_word' id='word_1_537' title='bbox 2596 2489 2786 2565; x_wconf 56' lang='lat' dir='ltr'><strong><em>fuisse:</em></strong></span> <span class='ocrx_word' id='word_1_538' title='bbox 2809 2491 3012 2565; x_wconf 85' lang='lat' dir='ltr'><strong><em>Plutar.</em></strong></span> <span class='ocrx_word' id='word_1_539' title='bbox 3047 2494 3100 2565; x_wconf 85' lang='lat' dir='ltr'><strong><em>in</em></strong></span> <span class='ocrx_word' id='word_1_540' title='bbox 3128 2489 3374 2565; x_wconf 81' lang='lat' dir='ltr'><strong><em>Lycurgo</em></strong></span> <span class='ocrx_word' id='word_1_541' title='bbox 3404 2497 3471 2546; x_wconf 85' lang='lat' dir='ltr'><strong><em>ait</em></strong></span> <span class='ocrx_word' id='word_1_542' title='bbox 3496 2492 3598 2546; x_wconf 90' lang='lat' dir='ltr'><strong><em>hu-</em></strong></span> 
     </span>
    </p>
   </div>
   <div class='ocr_carea' id='block_1_71' title="bbox 2003 2562 3594 2631">
    <p class='ocr_par' dir='ltr' id='par_1_71' title="bbox 2003 2562 3594 2631">
     <span class='ocr_line' id='line_1_72' title="bbox 2003 2562 3594 2631; baseline 0.004 -18"><span class='ocrx_word' id='word_1_543' title='bbox 2003 2571 2196 2614; x_wconf 89' lang='lat' dir='ltr'><strong><em>matum</em></strong></span> <span class='ocrx_word' id='word_1_544' title='bbox 2223 2578 2380 2631; x_wconf 85' lang='lat' dir='ltr'><strong><em>prape</em></strong></span> <span class='ocrx_word' id='word_1_545' title='bbox 2400 2562 2727 2615; x_wconf 81' lang='lat' dir='ltr'><strong><em>Arethusam.</em></strong></span> <span class='ocrx_word' id='word_1_546' title='bbox 2761 2563 3025 2618; x_wconf 87' lang='lat' dir='ltr'><strong><em>Diodorus</em></strong></span> <span class='ocrx_word' id='word_1_547' title='bbox 3051 2563 3146 2618; x_wconf 92' lang='lat' dir='ltr'><strong><em>lib.</em></strong></span> <span class='ocrx_word' id='word_1_548' title='bbox 3177 2562 3274 2619; x_wconf 64' lang='lat' dir='ltr'><strong><em>aut</em></strong></span> <span class='ocrx_word' id='word_1_549' title='bbox 3306 2583 3315 2616; x_wconf 91' lang='lat'>:</span> <span class='ocrx_word' id='word_1_550' title='bbox 3345 2574 3484 2628; x_wconf 88' lang='lat' dir='ltr'><strong><em>sunt,</em></strong></span> <span class='ocrx_word' id='word_1_551' title='bbox 3511 2565 3594 2619; x_wconf 88' lang='lat' dir='ltr'><strong><em>in-</em></strong></span> 
     </span>
    </p>
   </div>
   <div class='ocr_carea' id='block_1_72' title="bbox 2005 2632 3596 2705">
    <p class='ocr_par' dir='ltr' id='par_1_72' title="bbox 2005 2632 3596 2705">
     <span class='ocr_line' id='line_1_73' title="bbox 2005 2632 3596 2705; baseline 0.003 -21"><span class='ocrx_word' id='word_1_552' title='bbox 2005 2634 2147 2705; x_wconf 76' lang='lat' dir='ltr'><strong><em>quit,</em></strong></span> <span class='ocrx_word' id='word_1_553' title='bbox 2182 2634 2284 2705; x_wconf 70' lang='lat' dir='ltr'><strong><em>qui</em></strong></span> <span class='ocrx_word' id='word_1_554' title='bbox 2335 2634 2508 2686; x_wconf 85' lang='lat' dir='ltr'><strong><em>dicant</em></strong></span> <span class='ocrx_word' id='word_1_555' title='bbox 2540 2632 2848 2704; x_wconf 82' lang='lat' dir='ltr'><strong><em>Euripidem</em></strong></span> <span class='ocrx_word' id='word_1_556' title='bbox 2892 2635 3037 2698; x_wconf 82' lang='lat' dir='ltr'><strong><em>apud</em></strong></span> <span class='ocrx_word' id='word_1_557' title='bbox 3077 2637 3386 2690; x_wconf 85' lang='lat' dir='ltr'><strong><em>Archelaum</em></strong></span> <span class='ocrx_word' id='word_1_558' title='bbox 3422 2651 3596 2705; x_wconf 84' lang='lat' dir='ltr'><strong><em>regem</em></strong></span> 
     </span>
    </p>
   </div>
   <div class='ocr_carea' id='block_1_73' title="bbox 2007 2701 3596 2777">
    <p class='ocr_par' dir='ltr' id='par_1_73' title="bbox 2007 2701 3596 2777">
     <span class='ocr_line' id='line_1_74' title="bbox 2007 2701 3596 2777; baseline 0.003 -22"><span class='ocrx_word' id='word_1_559' title='bbox 2007 2701 2644 2777; x_wconf 56' lang='lat' dir='ltr'><strong><em>Macedonum,dumper</em></strong></span> <span class='ocrx_word' id='word_1_560' title='bbox 2674 2701 2828 2774; x_wconf 84' lang='lat' dir='ltr'><strong><em>agros</em></strong></span> <span class='ocrx_word' id='word_1_561' title='bbox 2855 2714 3152 2777; x_wconf 88' lang='lat' dir='ltr'><strong><em>vagaretur,</em></strong></span> <span class='ocrx_word' id='word_1_562' title='bbox 3195 2709 3248 2760; x_wconf 91' lang='lat' dir='ltr'><strong><em>in</em></strong></span> <span class='ocrx_word' id='word_1_563' title='bbox 3288 2723 3440 2760; x_wconf 89' lang='lat' dir='ltr'><strong><em>canes</em></strong></span> <span class='ocrx_word' id='word_1_564' title='bbox 3463 2701 3596 2760; x_wconf 81' lang='lat' dir='ltr'><strong><em>inci-</em></strong></span> 
     </span>
    </p>
   </div>
   <div class='ocr_carea' id='block_1_74' title="bbox 2006 2775 3594 2842">
    <p class='ocr_par' dir='ltr' id='par_1_74' title="bbox 2006 2775 3594 2842">
     <span class='ocr_line' id='line_1_75' title="bbox 2006 2775 3594 2842; baseline 0.003 -14"><span class='ocrx_word' id='word_1_565' title='bbox 2006 2775 2173 2840; x_wconf 81' lang='lat' dir='ltr'><strong><em>disse,</em></strong></span> <span class='ocrx_word' id='word_1_566' title='bbox 2226 2775 2470 2842; x_wconf 86' lang='lat' dir='ltr'><strong><em>aquibus</em></strong></span> <span class='ocrx_word' id='word_1_567' title='bbox 2515 2775 2801 2828; x_wconf 86' lang='lat' dir='ltr'><strong><em>dilaniatus</em></strong></span> <span class='ocrx_word' id='word_1_568' title='bbox 2834 2775 3130 2838; x_wconf 82' lang='lat' dir='ltr'><strong><em>interierit:</em></strong></span> <span class='ocrx_word' id='word_1_569' title='bbox 3178 2787 3232 2831; x_wconf 88' lang='lat' dir='ltr'><strong><em>et</em></strong></span> <span class='ocrx_word' id='word_1_570' title='bbox 3272 2778 3462 2832; x_wconf 85' lang='lat' dir='ltr'><strong><em>eadem</em></strong></span> <span class='ocrx_word' id='word_1_571' title='bbox 3507 2787 3594 2832; x_wconf 83' lang='lat' dir='ltr'><strong><em>est</em></strong></span> 
     </span>
    </p>
   </div>
   <div class='ocr_carea' id='block_1_75' title="bbox 2007 2845 3587 2914">
    <p class='ocr_par' dir='ltr' id='par_1_75' title="bbox 2007 2845 3587 2914">
     <span class='ocr_line' id='line_1_76' title="bbox 2007 2845 3587 2914; baseline 0.004 -14"><span class='ocrx_word' id='word_1_572' title='bbox 2007 2846 2276 2900; x_wconf 86' lang='lat' dir='ltr'><strong><em>sententia</em></strong></span> <span class='ocrx_word' id='word_1_573' title='bbox 2311 2846 2546 2901; x_wconf 83' lang='lat' dir='ltr'><strong><em>llerodo.</em></strong></span> <span class='ocrx_word' id='word_1_574' title='bbox 2571 2845 2666 2899; x_wconf 90' lang='lat' dir='ltr'><strong><em>lib.</em></strong></span> <span class='ocrx_word' id='word_1_575' title='bbox 2702 2862 2815 2910; x_wconf 87' lang='lat' dir='ltr'><strong><em>xm,</em></strong></span> <span class='ocrx_word' id='word_1_576' title='bbox 2850 2858 2900 2900; x_wconf 92' lang='lat' dir='ltr'><strong><em>et</em></strong></span> <span class='ocrx_word' id='word_1_577' title='bbox 2925 2849 3080 2903; x_wconf 82' lang='lat' dir='ltr'><strong><em>Gellii</em></strong></span> <span class='ocrx_word' id='word_1_578' title='bbox 3109 2849 3206 2904; x_wconf 92' lang='lat' dir='ltr'><strong><em>lib.</em></strong></span> <span class='ocrx_word' id='word_1_579' title='bbox 3238 2863 3314 2902; x_wconf 89' lang='lat' dir='ltr'><strong><em>xv</em></strong></span> <span class='ocrx_word' id='word_1_580' title='bbox 3350 2864 3465 2914; x_wconf 87' lang='lat' dir='ltr'><strong><em>cap.</em></strong></span> <span class='ocrx_word' id='word_1_581' title='bbox 3496 2849 3587 2906; x_wconf 71' lang='lat'><strong><em>9.0.</em></strong></span> 
     </span>
    </p>
   </div>
   <div class='ocr_carea' id='block_1_76' title="bbox 2006 2916 3592 2988">
    <p class='ocr_par' dir='ltr' id='par_1_76' title="bbox 2006 2916 3592 2988">
     <span class='ocr_line' id='line_1_77' title="bbox 2006 2916 3592 2988; baseline 0.002 -17"><span class='ocrx_word' id='word_1_582' title='bbox 2006 2916 2341 2971; x_wconf 80' lang='lat' dir='ltr'><strong><em>Observabis</em></strong></span> <span class='ocrx_word' id='word_1_583' title='bbox 2366 2919 2526 2971; x_wconf 89' lang='lat' dir='ltr'><strong><em>etiam</em></strong></span> <span class='ocrx_word' id='word_1_584' title='bbox 2553 2917 2713 2988; x_wconf 85' lang='lat' dir='ltr'><strong><em>paulo</em></strong></span> <span class='ocrx_word' id='word_1_585' title='bbox 2739 2918 2875 2972; x_wconf 82' lang='lat' dir='ltr'><strong><em>intra</em></strong></span> <span class='ocrx_word' id='word_1_586' title='bbox 2915 2918 3056 2974; x_wconf 90' lang='lat' dir='ltr'><strong><em>idem</em></strong></span> <span class='ocrx_word' id='word_1_587' title='bbox 3085 2935 3373 2975; x_wconf 88' lang='lat' dir='ltr'><strong><em>occurrere</em></strong></span> <span class='ocrx_word' id='word_1_588' title='bbox 3401 2929 3460 2973; x_wconf 89' lang='lat' dir='ltr'><strong><em>ut</em></strong></span> <span class='ocrx_word' id='word_1_589' title='bbox 3494 2935 3592 2988; x_wconf 88' lang='lat' dir='ltr'><strong><em>pro</em></strong></span> 
     </span>
    </p>
   </div>
   <div class='ocr_carea' id='block_1_77' title="bbox 2007 2987 3590 3060">
    <p class='ocr_par' dir='ltr' id='par_1_77' title="bbox 2007 2987 3590 3060">
     <span class='ocr_line' id='line_1_78' title="bbox 2007 2987 3590 3060; baseline 0.004 -21"><span class='ocrx_word' id='word_1_590' title='bbox 2007 2988 2321 3060; x_wconf 78' lang='lat' dir='ltr'><strong><em>Archelaum</em></strong></span> <span class='ocrx_word' id='word_1_591' title='bbox 2346 2989 2552 3058; x_wconf 83' lang='lat' dir='ltr'><strong><em>legatur</em></strong></span> <span class='ocrx_word' id='word_1_592' title='bbox 2578 2987 2845 3043; x_wconf 85' lang='lat' dir='ltr'><strong><em>Arelatunt</em></strong></span> <span class='ocrx_word' id='word_1_593' title='bbox 2873 2991 2926 3044; x_wconf 88' lang='lat' dir='ltr'><strong><em>itt</em></strong></span> <span class='ocrx_word' id='word_1_594' title='bbox 2949 2992 3158 3060; x_wconf 83' lang='lat' dir='ltr'><strong><em>aliquot</em></strong></span> <span class='ocrx_word' id='word_1_595' title='bbox 3186 2991 3590 3060; x_wconf 84' lang='lat' dir='ltr'><strong><em>chirograpbis.</em></strong></span> 
     </span>
    </p>
   </div>
   <div class='ocr_carea' id='block_1_78' title="bbox 2007 3058 3595 3130">
    <p class='ocr_par' dir='ltr' id='par_1_78' title="bbox 2007 3058 3595 3130">
     <span class='ocr_line' id='line_1_79' title="bbox 2007 3058 3595 3130; baseline 0.002 -16"><span class='ocrx_word' id='word_1_596' title='bbox 2007 3058 2199 3114; x_wconf 88' lang='lat' dir='ltr'><strong><em>Simile</em></strong></span> <span class='ocrx_word' id='word_1_597' title='bbox 2231 3062 2355 3127; x_wconf 86' lang='lat' dir='ltr'><strong><em>quid</em></strong></span> <span class='ocrx_word' id='word_1_598' title='bbox 2385 3069 2562 3114; x_wconf 80' lang='lat' dir='ltr'><strong><em>exstat</em></strong></span> <span class='ocrx_word' id='word_1_599' title='bbox 2594 3061 2736 3127; x_wconf 90' lang='lat' dir='ltr'><strong><em>apud</em></strong></span> <span class='ocrx_word' id='word_1_600' title='bbox 2765 3058 3123 3130; x_wconf 79' lang='lat' dir='ltr'><strong><em>PmSperuin,</em></strong></span> <span class='ocrx_word' id='word_1_601' title='bbox 3169 3063 3254 3116; x_wconf 89' lang='lat' dir='ltr'><strong><em>ubi</em></strong></span> <span class='ocrx_word' id='word_1_602' title='bbox 3293 3058 3388 3130; x_wconf 80' lang='lat' dir='ltr'><strong><em>pro</em></strong></span> <span class='ocrx_word' id='word_1_603' title='bbox 3409 3062 3595 3117; x_wconf 84' lang='lat' dir='ltr'><strong><em>Arelas</em></strong></span> 
     </span>
    </p>
   </div>
   <div class='ocr_carea' id='block_1_79' title="bbox 2007 3131 3364 3200">
    <p class='ocr_par' dir='ltr' id='par_1_79' title="bbox 2007 3131 3364 3200">
     <span class='ocr_line' id='line_1_80' title="bbox 2007 3131 3364 3200; baseline 0.001 -15"><span class='ocrx_word' id='word_1_604' title='bbox 2007 3131 2204 3199; x_wconf 73' lang='lat' dir='ltr'><strong><em>legitur</em></strong></span> <span class='ocrx_word' id='word_1_605' title='bbox 2241 3132 2293 3185; x_wconf 92' lang='lat' dir='ltr'><strong><em>in</em></strong></span> <span class='ocrx_word' id='word_1_606' title='bbox 2333 3131 2660 3186; x_wconf 88' lang='lat' dir='ltr'><strong><em>editionibus</em></strong></span> <span class='ocrx_word' id='word_1_607' title='bbox 2695 3133 3079 3200; x_wconf 75' lang='lat' dir='ltr'><strong><em>superioribus</em></strong></span> <span class='ocrx_word' id='word_1_608' title='bbox 3117 3134 3364 3187; x_wconf 84' lang='lat' dir='ltr'><strong><em>Arcillas.</em></strong></span> 
     </span>
    </p>
   </div>
   <div class='ocr_carea' id='block_1_80' title="bbox 2082 3201 3591 3275">
    <p class='ocr_par' dir='ltr' id='par_1_80' title="bbox 2082 3201 3591 3275">
     <span class='ocr_line' id='line_1_81' title="bbox 2082 3201 3591 3275; baseline 0.002 -20"><span class='ocrx_word' id='word_1_609' title='bbox 2082 3202 2250 3275; x_wconf 23' lang='lat' dir='ltr'><strong><em>(silit),</em></strong></span> <span class='ocrx_word' id='word_1_610' title='bbox 2273 3201 2664 3275; x_wconf 17' lang='lat'><strong><em>&quot;0751127377110&quot;.</em></strong></span> <span class='ocrx_word' id='word_1_611' title='bbox 2700 3203 2792 3258; x_wconf 90' lang='lat' dir='ltr'><strong><em>Sic</em></strong></span> <span class='ocrx_word' id='word_1_612' title='bbox 2823 3205 3164 3258; x_wconf 86' lang='lat' dir='ltr'><strong><em>restituimns</em></strong></span> <span class='ocrx_word' id='word_1_613' title='bbox 3197 3220 3295 3273; x_wconf 89' lang='lat' dir='ltr'><strong><em>pro</em></strong></span> <span class='ocrx_word' id='word_1_614' title='bbox 3326 3203 3591 3271; x_wconf 85' lang='lat' dir='ltr'><strong><em>Memnon,</em></strong></span> 
     </span>
    </p>
   </div>
   <div class='ocr_carea' id='block_1_81' title="bbox 314 3271 3590 3343">
    <p class='ocr_par' dir='ltr' id='par_1_81' title="bbox 314 3271 3590 3343">
     <span class='ocr_line' id='line_1_82' title="bbox 314 3271 3590 3343; baseline 0.001 -17"><span class='ocrx_word' id='word_1_615' title='bbox 314 3273 422 3327; x_wconf 87' lang='lat' dir='ltr'><strong><em>hoc</em></strong></span> <span class='ocrx_word' id='word_1_616' title='bbox 454 3285 608 3343; x_wconf 89' lang='lat' dir='ltr'><strong><em>pacto</em></strong></span> <span class='ocrx_word' id='word_1_617' title='bbox 647 3274 916 3330; x_wconf 79' lang='lat' dir='ltr'><strong><em>DlOdOlUS</em></strong></span> <span class='ocrx_word' id='word_1_618' title='bbox 959 3271 1071 3332; x_wconf 84' lang='lat' dir='ltr'><strong><em>uno</em></strong></span> <span class='ocrx_word' id='word_1_619' title='bbox 1115 3283 1320 3329; x_wconf 89' lang='lat' dir='ltr'><strong><em>tantum</em></strong></span> <span class='ocrx_word' id='word_1_620' title='bbox 1372 3289 1515 3326; x_wconf 88' lang='lat' dir='ltr'><strong><em>anno</em></strong></span> <span class='ocrx_word' id='word_1_621' title='bbox 1563 3271 1852 3327; x_wconf 77' lang='lat' dir='ltr'><strong><em>dissideret</em></strong></span> <span class='ocrx_word' id='word_1_622' title='bbox 1875 3287 1906 3327; x_wconf 88' lang='lat' dir='ltr'><strong><em>a</em></strong></span> <span class='ocrx_word' id='word_1_623' title='bbox 1934 3274 1980 3338; x_wconf 84' lang='lat' dir='ltr'><strong><em>C</em></strong></span> <span class='ocrx_word' id='word_1_624' title='bbox 2010 3288 2074 3327; x_wconf 81' lang='lat' dir='ltr'><strong><em>ex</em></strong></span> <span class='ocrx_word' id='word_1_625' title='bbox 2094 3271 2171 3329; x_wconf 40' lang='lat' dir='ltr'><strong><em>&#39;A.</em></strong></span> <span class='ocrx_word' id='word_1_626' title='bbox 2191 3313 2207 3339; x_wconf 91' lang='lat'><strong><em>,</em></strong></span> <span class='ocrx_word' id='word_1_627' title='bbox 2239 3274 2303 3328; x_wconf 89' lang='lat' dir='ltr'><strong><em>L.</em></strong></span> <span class='ocrx_word' id='word_1_628' title='bbox 2325 3271 2346 3334; x_wconf 63' lang='grc'><strong><em>,⁷</em></strong></span> <span class='ocrx_word' id='word_1_629' title='bbox 2368 3274 2425 3329; x_wconf 90' lang='lat' dir='ltr'><strong><em>S.</em></strong></span> <span class='ocrx_word' id='word_1_630' title='bbox 2445 3317 2461 3343; x_wconf 92' lang='lat'><strong><em>,</em></strong></span> <span class='ocrx_word' id='word_1_631' title='bbox 2496 3274 2614 3328; x_wconf 79' lang='lat' dir='ltr'><strong><em>Vat.</em></strong></span> <span class='ocrx_word' id='word_1_632' title='bbox 2637 3319 2650 3342; x_wconf 92' lang='lat'><strong><em>,</em></strong></span> <span class='ocrx_word' id='word_1_633' title='bbox 2683 3275 2787 3337; x_wconf 84' lang='lat' dir='ltr'><strong><em>M..</em></strong></span> <span class='ocrx_word' id='word_1_634' title='bbox 2814 3275 2875 3332; x_wconf 90' lang='lat' dir='ltr'><strong><em>P.</em></strong></span> <span class='ocrx_word' id='word_1_635' title='bbox 2895 3317 2909 3339; x_wconf 90' lang='lat'><strong><em>,</em></strong></span> <span class='ocrx_word' id='word_1_636' title='bbox 2943 3275 3024 3330; x_wconf 86' lang='lat' dir='ltr'><strong><em>Vi.</em></strong></span> <span class='ocrx_word' id='word_1_637' title='bbox 3049 3316 3063 3342; x_wconf 97' lang='lat'><strong><em>,</em></strong></span> <span class='ocrx_word' id='word_1_638' title='bbox 3090 3271 3210 3340; x_wconf 38' lang='lat' dir='ltr'><strong><em>Pi.,_</em></strong></span> <span class='ocrx_word' id='word_1_639' title='bbox 3230 3277 3403 3338; x_wconf 89' lang='lat' dir='ltr'><strong><em>Peta.,</em></strong></span> <span class='ocrx_word' id='word_1_640' title='bbox 3429 3275 3590 3340; x_wconf 83' lang='lat' dir='ltr'><strong><em>Fux.,</em></strong></span> 
     </span>
    </p>
   </div>
   <div class='ocr_carea' id='block_1_82' title="bbox 312 3344 656 3408">
    <p class='ocr_par' dir='ltr' id='par_1_82' title="bbox 312 3344 656 3408">
     <span class='ocr_line' id='line_1_83' title="bbox 312 3344 656 3408; baseline -0.003 -9"><span class='ocrx_word' id='word_1_641' title='bbox 312 3344 656 3408; x_wconf 74' lang='lat' dir='ltr'><strong><em>Thucydide.</em></strong></span> 
     </span>
    </p>
   </div>
   <div class='ocr_carea' id='block_1_83' title="bbox 391 3407 1907 3487">
    <p class='ocr_par' dir='ltr' id='par_1_83' title="bbox 391 3407 1907 3487">
     <span class='ocr_line' id='line_1_84' title="bbox 391 3407 1907 3487; baseline -0.001 -16"><span class='ocrx_word' id='word_1_642' title='bbox 391 3417 408 3487; x_wconf 98' lang='lat'>(</span> <span class='ocrx_word' id='word_1_643' title='bbox 433 3407 595 3486; x_wconf 39' lang='lat' dir='ltr'><strong><em>lli-id.)</em></strong></span> <span class='ocrx_word' id='word_1_644' title='bbox 625 3416 808 3472; x_wconf 86' lang='lat' dir='ltr'><strong><em>Clades</em></strong></span> <span class='ocrx_word' id='word_1_645' title='bbox 836 3433 953 3486; x_wconf 67' lang='lat' dir='ltr'><strong><em>qua:</em></strong></span> <span class='ocrx_word' id='word_1_646' title='bbox 982 3415 1374 3471; x_wconf 81' lang='lat' dir='ltr'><strong><em>Atheniensibus</em></strong></span> <span class='ocrx_word' id='word_1_647' title='bbox 1405 3416 1590 3470; x_wconf 87' lang='lat' dir='ltr'><strong><em>accidit</em></strong></span> <span class='ocrx_word' id='word_1_648' title='bbox 1622 3415 1672 3467; x_wconf 90' lang='lat' dir='ltr'><strong><em>in</em></strong></span> <span class='ocrx_word' id='word_1_649' title='bbox 1696 3413 1907 3470; x_wconf 88' lang='lat' dir='ltr'><strong><em>Sicilia.</em></strong></span> 
     </span>
    </p>
   </div>
   <div class='ocr_carea' id='block_1_84' title="bbox 318 3487 1911 3559">
    <p class='ocr_par' dir='ltr' id='par_1_84' title="bbox 318 3487 1911 3559">
     <span class='ocr_line' id='line_1_85' title="bbox 318 3487 1911 3559; baseline 0 -19"><span class='ocrx_word' id='word_1_650' title='bbox 318 3487 510 3540; x_wconf 83' lang='lat' dir='ltr'><strong><em>Clades</em></strong></span> <span class='ocrx_word' id='word_1_651' title='bbox 560 3497 674 3559; x_wconf 73' lang='lat' dir='ltr'><strong><em>qua:</em></strong></span> <span class='ocrx_word' id='word_1_652' title='bbox 719 3490 769 3542; x_wconf 88' lang='lat' dir='ltr'><strong><em>in</em></strong></span> <span class='ocrx_word' id='word_1_653' title='bbox 821 3490 1006 3544; x_wconf 82' lang='lat' dir='ltr'><strong><em>Sic-ilia</em></strong></span> <span class='ocrx_word' id='word_1_654' title='bbox 1028 3489 1419 3543; x_wconf 78' lang='lat' dir='ltr'><strong><em>Atheniensibus</em></strong></span> <span class='ocrx_word' id='word_1_655' title='bbox 1471 3488 1911 3559; x_wconf 77' lang='lat' dir='ltr'><strong><em>accidit:alterne</em></strong></span> 
     </span>
    </p>
   </div>
   <div class='ocr_carea' id='block_1_85' title="bbox 316 3557 1908 3631">
    <p class='ocr_par' dir='ltr' id='par_1_85' title="bbox 316 3557 1908 3631">
     <span class='ocr_line' id='line_1_86' title="bbox 316 3557 1908 3631; baseline 0 -21"><span class='ocrx_word' id='word_1_656' title='bbox 316 3557 606 3631; x_wconf 83' lang='lat' dir='ltr'><strong><em>pugnantes</em></strong></span> <span class='ocrx_word' id='word_1_657' title='bbox 627 3576 800 3615; x_wconf 87' lang='lat' dir='ltr'><strong><em>omnes</em></strong></span> <span class='ocrx_word' id='word_1_658' title='bbox 822 3562 1110 3615; x_wconf 82' lang='lat' dir='ltr'><strong><em>ceciderunt.</em></strong></span> <span class='ocrx_word' id='word_1_659' title='bbox 1144 3560 1280 3615; x_wconf 83' lang='lat' dir='ltr'><strong><em>Fux.</em></strong></span> <span class='ocrx_word' id='word_1_660' title='bbox 1315 3559 1482 3614; x_wconf 89' lang='lat' dir='ltr'><strong><em>Porro</em></strong></span> <span class='ocrx_word' id='word_1_661' title='bbox 1505 3567 1724 3631; x_wconf 78' lang='lat' dir='ltr'><strong><em>septem</em></strong></span> <span class='ocrx_word' id='word_1_662' title='bbox 1760 3557 1908 3631; x_wconf 84' lang='lat' dir='ltr'><strong><em>Vati-</em></strong></span> 
     </span>
    </p>
   </div>
   <div class='ocr_carea' id='block_1_86' title="bbox 316 3629 1905 3687">
    <p class='ocr_par' dir='ltr' id='par_1_86' title="bbox 316 3629 1905 3687">
     <span class='ocr_line' id='line_1_87' title="bbox 316 3629 1905 3687; baseline -0.003 -3"><span class='ocrx_word' id='word_1_663' title='bbox 316 3629 442 3684; x_wconf 73' lang='lat' dir='ltr'><strong><em>cani</em></strong></span> <span class='ocrx_word' id='word_1_664' title='bbox 484 3642 537 3686; x_wconf 90' lang='lat' dir='ltr'><strong><em>et</em></strong></span> <span class='ocrx_word' id='word_1_665' title='bbox 569 3633 689 3686; x_wconf 89' lang='lat' dir='ltr'><strong><em>libri</em></strong></span> <span class='ocrx_word' id='word_1_666' title='bbox 737 3634 921 3686; x_wconf 83' lang='lat' dir='ltr'><strong><em>excusi</em></strong></span> <span class='ocrx_word' id='word_1_667' title='bbox 967 3632 1231 3687; x_wconf 81' lang='lat' dir='ltr'><strong><em>accidisse</em></strong></span> <span class='ocrx_word' id='word_1_668' title='bbox 1258 3632 1446 3684; x_wconf 88' lang='lat' dir='ltr'><strong><em>volunt</em></strong></span> <span class='ocrx_word' id='word_1_669' title='bbox 1471 3645 1614 3683; x_wconf 89' lang='lat' dir='ltr'><strong><em>anno</em></strong></span> <span class='ocrx_word' id='word_1_670' title='bbox 1648 3632 1678 3684; x_wconf 84' lang='grc'>6</span> <span class='ocrx_word' id='word_1_671' title='bbox 1709 3629 1853 3682; x_wconf 87' lang='lat' dir='ltr'><strong><em>Darii</em></strong></span> <span class='ocrx_word' id='word_1_672' title='bbox 1894 3647 1905 3680; x_wconf 90' lang='lat'><strong>:</strong></span> 
     </span>
    </p>
   </div>
   <div class='ocr_carea' id='block_1_87' title="bbox 316 3699 1910 3771">
    <p class='ocr_par' dir='ltr' id='par_1_87' title="bbox 316 3699 1910 3771">
     <span class='ocr_line' id='line_1_88' title="bbox 316 3699 1910 3771; baseline 0 -16"><span class='ocrx_word' id='word_1_673' title='bbox 316 3703 479 3770; x_wconf 88' lang='lat' dir='ltr'><strong><em>cujus</em></strong></span> <span class='ocrx_word' id='word_1_674' title='bbox 509 3705 584 3758; x_wconf 88' lang='lat' dir='ltr'><strong><em>rei</em></strong></span> <span class='ocrx_word' id='word_1_675' title='bbox 614 3712 862 3758; x_wconf 85' lang='lat' dir='ltr'><strong><em>auctores</em></strong></span> <span class='ocrx_word' id='word_1_676' title='bbox 894 3703 1094 3759; x_wconf 84' lang='lat' dir='ltr'><strong><em>habent</em></strong></span> <span class='ocrx_word' id='word_1_677' title='bbox 1125 3701 1513 3771; x_wconf 80' lang='lat' dir='ltr'><strong><em>chirographos</em></strong></span> <span class='ocrx_word' id='word_1_678' title='bbox 1539 3702 1661 3764; x_wconf 79' lang='lat' dir='ltr'><strong><em>L0,,</em></strong></span> <span class='ocrx_word' id='word_1_679' title='bbox 1687 3701 1782 3756; x_wconf 86' lang='lat' dir='ltr'><strong><em>Fa.</em></strong></span> <span class='ocrx_word' id='word_1_680' title='bbox 1811 3699 1910 3755; x_wconf 83' lang='lat' dir='ltr'><strong><em>Ve-</em></strong></span> 
     </span>
    </p>
   </div>
   <div class='ocr_carea' id='block_1_88' title="bbox 319 3772 1910 3842">
    <p class='ocr_par' dir='ltr' id='par_1_88' title="bbox 319 3772 1910 3842">
     <span class='ocr_line' id='line_1_89' title="bbox 319 3772 1910 3842; baseline -0.003 -14"><span class='ocrx_word' id='word_1_681' title='bbox 319 3788 443 3828; x_wconf 86' lang='lat' dir='ltr'><strong><em>rum</em></strong></span> <span class='ocrx_word' id='word_1_682' title='bbox 493 3776 820 3830; x_wconf 87' lang='lat' dir='ltr'><strong><em>dissentiunt</em></strong></span> <span class='ocrx_word' id='word_1_683' title='bbox 869 3776 1046 3840; x_wconf 88' lang='lat' dir='ltr'><strong><em>Peta.,</em></strong></span> <span class='ocrx_word' id='word_1_684' title='bbox 1085 3775 1189 3837; x_wconf 91' lang='lat' dir='ltr'><strong><em>Pi.,</em></strong></span> <span class='ocrx_word' id='word_1_685' title='bbox 1223 3772 1378 3838; x_wconf 82' lang='lat' dir='ltr'><strong><em>Fux.,</em></strong></span> <span class='ocrx_word' id='word_1_686' title='bbox 1426 3773 1582 3840; x_wconf 85' lang='lat' dir='ltr'><strong><em>Mar.,</em></strong></span> <span class='ocrx_word' id='word_1_687' title='bbox 1625 3774 1712 3842; x_wconf 91' lang='lat' dir='ltr'><strong><em>qui</em></strong></span> <span class='ocrx_word' id='word_1_688' title='bbox 1766 3773 1910 3842; x_wconf 77' lang='lat' dir='ltr'><strong><em>circa</em></strong></span> 
     </span>
    </p>
   </div>
   <div class='ocr_carea' id='block_1_89' title="bbox 320 3841 1908 3916">
    <p class='ocr_par' dir='ltr' id='par_1_89' title="bbox 320 3841 1908 3916">
     <span class='ocr_line' id='line_1_90' title="bbox 320 3841 1908 3916; baseline -0.002 -18"><span class='ocrx_word' id='word_1_689' title='bbox 320 3861 415 3898; x_wconf 86' lang='lat' dir='ltr'><strong><em>an.</em></strong></span> <span class='ocrx_word' id='word_1_690' title='bbox 453 3846 487 3901; x_wconf 82' lang='grc'><strong>5</strong></span> <span class='ocrx_word' id='word_1_691' title='bbox 521 3847 763 3916; x_wconf 83' lang='lat' dir='ltr'><strong><em>ejusdem</em></strong></span> <span class='ocrx_word' id='word_1_692' title='bbox 795 3855 1012 3909; x_wconf 89' lang='lat' dir='ltr'><strong><em>notant,</em></strong></span> <span class='ocrx_word' id='word_1_693' title='bbox 1047 3855 1101 3901; x_wconf 89' lang='lat' dir='ltr'><strong><em>et</em></strong></span> <span class='ocrx_word' id='word_1_694' title='bbox 1134 3845 1241 3907; x_wconf 68' lang='grc' dir='ltr'>γι..</span> <span class='ocrx_word' id='word_1_695' title='bbox 1269 3844 1358 3904; x_wconf 85' lang='grc'><strong><em>0.,</em></strong></span> <span class='ocrx_word' id='word_1_696' title='bbox 1394 3845 1482 3911; x_wconf 91' lang='lat' dir='ltr'><strong><em>qui</em></strong></span> <span class='ocrx_word' id='word_1_697' title='bbox 1511 3841 1783 3916; x_wconf 12' lang='lat' dir='ltr'><strong><em>circaian.</em></strong></span> <span class='ocrx_word' id='word_1_698' title='bbox 1819 3841 1908 3916; x_wconf 69' lang='lat' dir='ltr'><strong><em>l2,</em></strong></span> 
     </span>
    </p>
   </div>
   <div class='ocr_carea' id='block_1_90' title="bbox 320 3915 1912 3987">
    <p class='ocr_par' dir='ltr' id='par_1_90' title="bbox 320 3915 1912 3987">
     <span class='ocr_line' id='line_1_91' title="bbox 320 3915 1912 3987; baseline -0.003 -17"><span class='ocrx_word' id='word_1_699' title='bbox 320 3932 464 3981; x_wconf 86' lang='lat' dir='ltr'><strong><em>quos</em></strong></span> <span class='ocrx_word' id='word_1_700' title='bbox 503 3915 802 3987; x_wconf 84' lang='lat' dir='ltr'><strong><em>sequimur,</em></strong></span> <span class='ocrx_word' id='word_1_701' title='bbox 849 3921 974 3986; x_wconf 83' lang='lat' dir='ltr'><strong><em>quia</em></strong></span> <span class='ocrx_word' id='word_1_702' title='bbox 1006 3919 1251 3971; x_wconf 82' lang='lat' dir='ltr'><strong><em>tinuatur</em></strong></span> <span class='ocrx_word' id='word_1_703' title='bbox 1288 3917 1610 3969; x_wconf 88' lang='lat' dir='ltr'><strong><em>auctoritate</em></strong></span> <span class='ocrx_word' id='word_1_704' title='bbox 1639 3915 1912 3987; x_wconf 80' lang='lat' dir='ltr'><strong><em>Thucydi-</em></strong></span> 
     </span>
    </p>
   </div>
   <div class='ocr_carea' id='block_1_91' title="bbox 321 3986 1914 4052">
    <p class='ocr_par' dir='ltr' id='par_1_91' title="bbox 321 3986 1914 4052">
     <span class='ocr_line' id='line_1_92' title="bbox 321 3986 1914 4052; baseline -0.003 -11"><span class='ocrx_word' id='word_1_705' title='bbox 321 3989 432 4050; x_wconf 85' lang='lat' dir='ltr'><strong><em>dis,</em></strong></span> <span class='ocrx_word' id='word_1_706' title='bbox 465 3989 501 4042; x_wconf 92' lang='lat' dir='ltr'><strong><em>l.</em></strong></span> <span class='ocrx_word' id='word_1_707' title='bbox 529 3986 624 4047; x_wconf 78' lang='lat' dir='ltr'><strong><em>vlt.</em></strong></span> <span class='ocrx_word' id='word_1_708' title='bbox 654 3998 707 4044; x_wconf 88' lang='lat' dir='ltr'><strong><em>et</em></strong></span> <span class='ocrx_word' id='word_1_709' title='bbox 735 3988 992 4051; x_wconf 80' lang='lat' dir='ltr'><strong><em>Diodori,</em></strong></span> <span class='ocrx_word' id='word_1_710' title='bbox 1020 3989 1057 4044; x_wconf 96' lang='lat' dir='ltr'><strong><em>l.</em></strong></span> <span class='ocrx_word' id='word_1_711' title='bbox 1087 4005 1181 4052; x_wconf 85' lang='lat' dir='ltr'><strong><em>xu,</em></strong></span> <span class='ocrx_word' id='word_1_712' title='bbox 1207 3988 1334 4040; x_wconf 91' lang='lat' dir='ltr'><strong><em>dum</em></strong></span> <span class='ocrx_word' id='word_1_713' title='bbox 1367 3987 1504 4040; x_wconf 89' lang='lat' dir='ltr'><strong><em>hanc</em></strong></span> <span class='ocrx_word' id='word_1_714' title='bbox 1532 3986 1741 4039; x_wconf 75' lang='lat' dir='ltr'><strong><em>cladem</em></strong></span> <span class='ocrx_word' id='word_1_715' title='bbox 1766 4002 1914 4038; x_wconf 89' lang='lat' dir='ltr'><strong><em>cotu-</em></strong></span> 
     </span>
    </p>
   </div>
   <div class='ocr_carea' id='block_1_92' title="bbox 325 4055 1914 4127">
    <p class='ocr_par' dir='ltr' id='par_1_92' title="bbox 325 4055 1914 4127">
     <span class='ocr_line' id='line_1_93' title="bbox 325 4055 1914 4127; baseline 0.001 -18"><span class='ocrx_word' id='word_1_716' title='bbox 325 4071 541 4127; x_wconf 86' lang='lat' dir='ltr'><strong><em>parant,</em></strong></span> <span class='ocrx_word' id='word_1_717' title='bbox 565 4061 653 4115; x_wconf 88' lang='lat' dir='ltr'><strong><em>ille</em></strong></span> <span class='ocrx_word' id='word_1_718' title='bbox 685 4076 806 4114; x_wconf 89' lang='lat' dir='ltr'><strong><em>cum</em></strong></span> <span class='ocrx_word' id='word_1_719' title='bbox 835 4076 925 4114; x_wconf 91' lang='lat' dir='ltr'><strong><em>an.</em></strong></span> <span class='ocrx_word' id='word_1_720' title='bbox 958 4061 1024 4116; x_wconf 88' lang='grc'><strong><em>19</em></strong></span> <span class='ocrx_word' id='word_1_721' title='bbox 1055 4060 1180 4114; x_wconf 89' lang='lat' dir='ltr'><strong><em>belli</em></strong></span> <span class='ocrx_word' id='word_1_722' title='bbox 1208 4059 1676 4124; x_wconf 81' lang='lat' dir='ltr'><strong><em>Pelopoanesiaci,</em></strong></span> <span class='ocrx_word' id='word_1_723' title='bbox 1708 4057 1797 4119; x_wconf 86' lang='lat' dir='ltr'><strong><em>qui</em></strong></span> <span class='ocrx_word' id='word_1_724' title='bbox 1833 4055 1914 4111; x_wconf 92' lang='lat' dir='ltr'><strong><em>illi</em></strong></span> 
     </span>
    </p>
   </div>
   <div class='ocr_carea' id='block_1_93' title="bbox 323 4127 1914 4201">
    <p class='ocr_par' dir='ltr' id='par_1_93' title="bbox 323 4127 1914 4201">
     <span class='ocr_line' id='line_1_94' title="bbox 323 4127 1914 4201; baseline -0.001 -17"><span class='ocrx_word' id='word_1_725' title='bbox 323 4140 414 4184; x_wconf 86' lang='lat' dir='ltr'><strong><em>est</em></strong></span> <span class='ocrx_word' id='word_1_726' title='bbox 468 4130 535 4186; x_wconf 74' lang='lat' dir='ltr'><strong><em>l9.</em></strong></span> <span class='ocrx_word' id='word_1_727' title='bbox 582 4132 765 4198; x_wconf 87' lang='lat' dir='ltr'><strong><em>Darii,</em></strong></span> <span class='ocrx_word' id='word_1_728' title='bbox 820 4132 905 4185; x_wconf 92' lang='lat' dir='ltr'><strong><em>hic</em></strong></span> <span class='ocrx_word' id='word_1_729' title='bbox 950 4148 1070 4186; x_wconf 90' lang='lat' dir='ltr'><strong><em>cum</em></strong></span> <span class='ocrx_word' id='word_1_730' title='bbox 1129 4147 1217 4183; x_wconf 90' lang='lat' dir='ltr'><strong><em>an.</em></strong></span> <span class='ocrx_word' id='word_1_731' title='bbox 1250 4131 1283 4182; x_wconf 71' lang='grc' dir='ltr'>ιιι</span> <span class='ocrx_word' id='word_1_732' title='bbox 1312 4130 1516 4201; x_wconf 87' lang='lat' dir='ltr'><strong><em>olymp.</em></strong></span> <span class='ocrx_word' id='word_1_733' title='bbox 1562 4130 1659 4189; x_wconf 84' lang='lat' dir='ltr'><strong><em>9t:</em></strong></span> <span class='ocrx_word' id='word_1_734' title='bbox 1709 4127 1914 4198; x_wconf 77' lang='lat' dir='ltr'><strong><em>fuitque</em></strong></span> 
     </span>
    </p>
   </div>
   <div class='ocr_carea' id='block_1_94' title="bbox 327 4201 1915 4271">
    <p class='ocr_par' dir='ltr' id='par_1_94' title="bbox 327 4201 1915 4271">
     <span class='ocr_line' id='line_1_95' title="bbox 327 4201 1915 4271; baseline -0.001 -17"><span class='ocrx_word' id='word_1_735' title='bbox 327 4205 563 4256; x_wconf 83' lang='lat' dir='ltr'><strong><em>maxima</em></strong></span> <span class='ocrx_word' id='word_1_736' title='bbox 587 4202 772 4256; x_wconf 87' lang='lat' dir='ltr'><strong><em>clades</em></strong></span> <span class='ocrx_word' id='word_1_737' title='bbox 801 4204 1062 4267; x_wconf 87' lang='lat' dir='ltr'><strong><em>onmium,</em></strong></span> <span class='ocrx_word' id='word_1_738' title='bbox 1101 4216 1220 4271; x_wconf 69' lang='lat' dir='ltr'><strong><em>quan</em></strong></span> <span class='ocrx_word' id='word_1_739' title='bbox 1252 4203 1304 4256; x_wconf 91' lang='lat' dir='ltr'><strong><em>in</em></strong></span> <span class='ocrx_word' id='word_1_740' title='bbox 1337 4201 1439 4256; x_wconf 91' lang='lat' dir='ltr'><strong><em>hoc</em></strong></span> <span class='ocrx_word' id='word_1_741' title='bbox 1466 4201 1608 4255; x_wconf 89' lang='lat' dir='ltr'><strong><em>bello</em></strong></span> <span class='ocrx_word' id='word_1_742' title='bbox 1650 4201 1915 4271; x_wconf 83' lang='lat' dir='ltr'><strong><em>Pelopon-</em></strong></span> 
     </span>
    </p>
   </div>
   <div class='ocr_carea' id='block_1_95' title="bbox 330 4270 1917 4398">
    <p class='ocr_par' dir='ltr' id='par_1_95' title="bbox 330 4270 1917 4398">
     <span class='ocr_line' id='line_1_96' title="bbox 330 4270 1917 4398; baseline 0 -73"><span class='ocrx_word' id='word_1_743' title='bbox 330 4277 549 4398; x_wconf 48' lang='lat' dir='ltr'><strong><em>neaiﬁco</em></strong></span> <span class='ocrx_word' id='word_1_744' title='bbox 611 4276 928 4329; x_wconf 84' lang='lat' dir='ltr'><strong><em>acciderunt</em></strong></span> <span class='ocrx_word' id='word_1_745' title='bbox 984 4270 1447 4340; x_wconf 83' lang='lat' dir='ltr'><strong><em>Atheniensibus,</em></strong></span> <span class='ocrx_word' id='word_1_746' title='bbox 1510 4281 1568 4326; x_wconf 89' lang='lat' dir='ltr'><strong><em>ut</em></strong></span> <span class='ocrx_word' id='word_1_747' title='bbox 1627 4272 1700 4325; x_wconf 87' lang='lat' dir='ltr'><strong><em>ait</em></strong></span> <span class='ocrx_word' id='word_1_748' title='bbox 1767 4270 1917 4325; x_wconf 84' lang='lat' dir='ltr'><strong><em>Thu-</em></strong></span> 
     </span>
     <span class='ocr_line' id='line_1_97' title="bbox 330 4359 573 4398; baseline 0.004 -1"><span class='ocrx_word' id='word_1_749' title='bbox 330 4359 397 4398; x_wconf 87' lang='lat' dir='ltr'><strong><em>cv</em></strong></span> <span class='ocrx_word' id='word_1_750' title='bbox 442 4362 451 4396; x_wconf 95' lang='lat' dir='ltr'><strong>I</strong></span> <span class='ocrx_word' id='word_1_751' title='bbox 494 4361 573 4398; x_wconf 82' lang='lat' dir='ltr'><strong><em>es.</em></strong></span> 
     </span>
    </p>
   </div>
   <div class='ocr_carea' id='block_1_96' title="bbox 330 4359 573 4414">
    <p class='ocr_par' dir='ltr' id='par_1_96' title="bbox 330 4359 573 4414">
     <span class='ocr_line' id='line_1_98' title="bbox 330 4359 573 4414; baseline 0.012 -18"><span class='ocrx_word' id='word_1_752' title='bbox 330 4359 573 4414; x_wconf 82' lang='lat' dir='ltr'><strong><em>cyutues.</em></strong></span> 
     </span>
    </p>
   </div>
   <div class='ocr_carea' id='block_1_97' title="bbox 406 4414 1914 4486">
    <p class='ocr_par' dir='ltr' id='par_1_97' title="bbox 406 4414 1914 4486">
     <span class='ocr_line' id='line_1_99' title="bbox 406 4414 1914 4486; baseline -0.001 -18"><span class='ocrx_word' id='word_1_753' title='bbox 406 4415 590 4486; x_wconf 90' lang='lat' dir='ltr'><strong><em>(lbid.)</em></strong></span> <span class='ocrx_word' id='word_1_754' title='bbox 635 4416 830 4471; x_wconf 72' lang='lat' dir='ltr'><strong><em>Eubata</em></strong></span> <span class='ocrx_word' id='word_1_755' title='bbox 871 4417 933 4469; x_wconf 86' lang='lat' dir='ltr'><strong><em>ab</em></strong></span> <span class='ocrx_word' id='word_1_756' title='bbox 975 4415 1362 4470; x_wconf 84' lang='lat' dir='ltr'><strong><em>Atheniensium</em></strong></span> <span class='ocrx_word' id='word_1_757' title='bbox 1385 4416 1628 4468; x_wconf 87' lang='lat' dir='ltr'><strong><em>societate</em></strong></span> <span class='ocrx_word' id='word_1_758' title='bbox 1677 4414 1914 4486; x_wconf 79' lang='lat' dir='ltr'><strong><em>discedit.</em></strong></span> 
     </span>
    </p>
   </div>
   <div class='ocr_carea' id='block_1_98' title="bbox 327 4483 1913 4556">
    <p class='ocr_par' dir='ltr' id='par_1_98' title="bbox 327 4483 1913 4556">
     <span class='ocr_line' id='line_1_100' title="bbox 327 4483 1913 4556; baseline -0.005 -11"><span class='ocrx_word' id='word_1_759' title='bbox 327 4483 597 4556; x_wconf 79' lang='lat' dir='ltr'><strong><em>Agnosces</em></strong></span> <span class='ocrx_word' id='word_1_760' title='bbox 619 4499 853 4543; x_wconf 72' lang='lat' dir='ltr'><strong><em>veterem</em></strong></span> <span class='ocrx_word' id='word_1_761' title='bbox 884 4490 1084 4553; x_wconf 90' lang='lat' dir='ltr'><strong><em>locum,</em></strong></span> <span class='ocrx_word' id='word_1_762' title='bbox 1115 4503 1272 4556; x_wconf 91' lang='lat' dir='ltr'><strong><em>quem</em></strong></span> <span class='ocrx_word' id='word_1_763' title='bbox 1301 4487 1622 4541; x_wconf 89' lang='lat' dir='ltr'><strong><em>retinuimus</em></strong></span> <span class='ocrx_word' id='word_1_764' title='bbox 1644 4488 1710 4541; x_wconf 89' lang='lat' dir='ltr'><strong><em>ad</em></strong></span> <span class='ocrx_word' id='word_1_765' title='bbox 1735 4503 1823 4540; x_wconf 85' lang='lat' dir='ltr'><strong><em>an.</em></strong></span> <span class='ocrx_word' id='word_1_766' title='bbox 1849 4483 1913 4537; x_wconf 78' lang='lat'><strong><em>‘21</em></strong></span> 
     </span>
    </p>
   </div>
   <div class='ocr_carea' id='block_1_99' title="bbox 332 4558 1920 4624">
    <p class='ocr_par' dir='ltr' id='par_1_99' title="bbox 332 4558 1920 4624">
     <span class='ocr_line' id='line_1_101' title="bbox 332 4558 1920 4624; baseline -0.001 -12"><span class='ocrx_word' id='word_1_767' title='bbox 332 4559 618 4624; x_wconf 85' lang='lat' dir='ltr'><strong><em>Archelai,</em></strong></span> <span class='ocrx_word' id='word_1_768' title='bbox 662 4576 728 4613; x_wconf 88' lang='lat' dir='ltr'><strong><em>tte</em></strong></span> <span class='ocrx_word' id='word_1_769' title='bbox 758 4575 787 4614; x_wconf 88' lang='lat' dir='ltr'><strong><em>a</em></strong></span> <span class='ocrx_word' id='word_1_770' title='bbox 821 4571 1058 4614; x_wconf 75' lang='lat' dir='ltr'><strong><em>veterum</em></strong></span> <span class='ocrx_word' id='word_1_771' title='bbox 1101 4558 1349 4613; x_wconf 88' lang='lat' dir='ltr'><strong><em>codicum</em></strong></span> <span class='ocrx_word' id='word_1_772' title='bbox 1387 4569 1594 4623; x_wconf 87' lang='lat' dir='ltr'><strong><em>septem</em></strong></span> <span class='ocrx_word' id='word_1_773' title='bbox 1633 4558 1920 4612; x_wconf 84' lang='lat' dir='ltr'><strong><em>Vaticano-</em></strong></span> 
     </span>
    </p>
   </div>
   <div class='ocr_carea' id='block_1_100' title="bbox 334 4628 1916 4699">
    <p class='ocr_par' dir='ltr' id='par_1_100' title="bbox 334 4628 1916 4699">
     <span class='ocr_line' id='line_1_102' title="bbox 334 4628 1916 4699; baseline 0 -16"><span class='ocrx_word' id='word_1_774' title='bbox 334 4647 478 4696; x_wconf 90' lang='lat' dir='ltr'><strong><em>rutn,</em></strong></span> <span class='ocrx_word' id='word_1_775' title='bbox 515 4632 687 4698; x_wconf 84' lang='lat' dir='ltr'><strong><em>Peta.,</em></strong></span> <span class='ocrx_word' id='word_1_776' title='bbox 714 4630 870 4699; x_wconf 82' lang='lat' dir='ltr'><strong><em>an.,</em></strong></span> <span class='ocrx_word' id='word_1_777' title='bbox 907 4632 1025 4693; x_wconf 86' lang='lat' dir='ltr'><strong><em>Lo.,</em></strong></span> <span class='ocrx_word' id='word_1_778' title='bbox 1057 4630 1174 4690; x_wconf 87' lang='lat' dir='ltr'><strong><em>Fa..</em></strong></span> <span class='ocrx_word' id='word_1_779' title='bbox 1203 4631 1463 4699; x_wconf 84' lang='lat' dir='ltr'><strong><em>societate</em></strong></span> <span class='ocrx_word' id='word_1_780' title='bbox 1492 4628 1916 4695; x_wconf 86' lang='lat' dir='ltr'><strong><em>discederemus,</em></strong></span> 
     </span>
    </p>
   </div>
   <div class='ocr_carea' id='block_1_101' title="bbox 333 4698 1915 4767">
    <p class='ocr_par' dir='ltr' id='par_1_101' title="bbox 333 4698 1915 4767">
     <span class='ocr_line' id='line_1_103' title="bbox 333 4698 1915 4767; baseline -0.001 -13"><span class='ocrx_word' id='word_1_781' title='bbox 333 4702 461 4756; x_wconf 86' lang='lat' dir='ltr'><strong><em>licet</em></strong></span> <span class='ocrx_word' id='word_1_782' title='bbox 493 4704 544 4757; x_wconf 89' lang='lat' dir='ltr'><strong><em>in</em></strong></span> <span class='ocrx_word' id='word_1_783' title='bbox 573 4702 650 4757; x_wconf 88' lang='lat' dir='ltr'><strong><em>Pi.</em></strong></span> <span class='ocrx_word' id='word_1_784' title='bbox 681 4705 753 4755; x_wconf 89' lang='lat' dir='ltr'><strong><em>sit</em></strong></span> <span class='ocrx_word' id='word_1_785' title='bbox 781 4698 963 4756; x_wconf 77' lang='lat' dir='ltr'><strong><em>:ttlal&#39;l.</em></strong></span> <span class='ocrx_word' id='word_1_786' title='bbox 990 4701 1090 4767; x_wconf 68' lang='lat'><strong><em>2‘2;</em></strong></span> <span class='ocrx_word' id='word_1_787' title='bbox 1123 4702 1176 4754; x_wconf 87' lang='lat' dir='ltr'><strong><em>itt</em></strong></span> <span class='ocrx_word' id='word_1_788' title='bbox 1221 4702 1311 4764; x_wconf 92' lang='lat'><strong><em>0.,</em></strong></span> <span class='ocrx_word' id='word_1_789' title='bbox 1344 4698 1458 4767; x_wconf 70' lang='lat' dir='ltr'><strong><em>VL,</em></strong></span> <span class='ocrx_word' id='word_1_790' title='bbox 1488 4700 1555 4754; x_wconf 87' lang='lat' dir='ltr'><strong><em>ad</em></strong></span> <span class='ocrx_word' id='word_1_791' title='bbox 1592 4718 1680 4753; x_wconf 89' lang='lat' dir='ltr'><strong><em>an.</em></strong></span> <span class='ocrx_word' id='word_1_792' title='bbox 1711 4700 1814 4765; x_wconf 68' lang='lat'><strong><em>25;</em></strong></span> <span class='ocrx_word' id='word_1_793' title='bbox 1866 4700 1915 4753; x_wconf 89' lang='lat' dir='ltr'><strong><em>itt</em></strong></span> 
     </span>
    </p>
   </div>
   <div class='ocr_carea' id='block_1_102' title="bbox 335 4773 1919 4828">
    <p class='ocr_par' dir='ltr' id='par_1_102' title="bbox 335 4773 1919 4828">
     <span class='ocr_line' id='line_1_104' title="bbox 335 4773 1919 4828; baseline 0 -2"><span class='ocrx_word' id='word_1_794' title='bbox 335 4773 466 4828; x_wconf 83' lang='lat' dir='ltr'><strong><em>Mar.</em></strong></span> <span class='ocrx_word' id='word_1_795' title='bbox 501 4775 565 4827; x_wconf 89' lang='lat' dir='ltr'><strong><em>ad</em></strong></span> <span class='ocrx_word' id='word_1_796' title='bbox 596 4791 684 4827; x_wconf 87' lang='lat' dir='ltr'><strong><em>an.</em></strong></span> <span class='ocrx_word' id='word_1_797' title='bbox 714 4773 803 4826; x_wconf 77' lang='lat'><strong><em>&#39;20.</em></strong></span> <span class='ocrx_word' id='word_1_798' title='bbox 840 4774 906 4827; x_wconf 86' lang='lat' dir='ltr'><strong><em>Et</em></strong></span> <span class='ocrx_word' id='word_1_799' title='bbox 947 4774 1032 4828; x_wconf 92' lang='lat' dir='ltr'><strong><em>hic</em></strong></span> <span class='ocrx_word' id='word_1_800' title='bbox 1077 4783 1259 4828; x_wconf 85' lang='lat' dir='ltr'><strong><em>tamen</em></strong></span> <span class='ocrx_word' id='word_1_801' title='bbox 1307 4775 1550 4825; x_wconf 79' lang='lat' dir='ltr'><strong><em>lit-matur</em></strong></span> <span class='ocrx_word' id='word_1_802' title='bbox 1601 4774 1919 4826; x_wconf 83' lang='lat' dir='ltr'><strong><em>auctoritate</em></strong></span> 
     </span>
    </p>
   </div>
   <div class='ocr_carea' id='block_1_103' title="bbox 331 4843 1921 4915">
    <p class='ocr_par' dir='ltr' id='par_1_103' title="bbox 331 4843 1921 4915">
     <span class='ocr_line' id='line_1_105' title="bbox 331 4843 1921 4915; baseline -0.002 -16"><span class='ocrx_word' id='word_1_803' title='bbox 331 4844 669 4915; x_wconf 81' lang='lat' dir='ltr'><strong><em>Thucydidis</em></strong></span> <span class='ocrx_word' id='word_1_804' title='bbox 695 4845 788 4897; x_wconf 88' lang='lat' dir='ltr'><strong><em>lib.</em></strong></span> <span class='ocrx_word' id='word_1_805' title='bbox 820 4845 1078 4912; x_wconf 80' lang='lat' dir='ltr'><strong><em>uu,dum</em></strong></span> <span class='ocrx_word' id='word_1_806' title='bbox 1112 4849 1187 4898; x_wconf 89' lang='lat' dir='ltr'><strong><em>ait</em></strong></span> <span class='ocrx_word' id='word_1_807' title='bbox 1215 4843 1453 4915; x_wconf 74' lang='lat' dir='ltr'><strong><em>Eubteos</em></strong></span> <span class='ocrx_word' id='word_1_808' title='bbox 1473 4844 1685 4897; x_wconf 86' lang='lat' dir='ltr'><strong><em>misisse</em></strong></span> <span class='ocrx_word' id='word_1_809' title='bbox 1714 4845 1921 4912; x_wconf 78' lang='lat' dir='ltr'><strong><em>legatos</em></strong></span> 
     </span>
    </p>
   </div>
   <div class='ocr_carea' id='block_1_104' title="bbox 334 4913 1920 4987">
    <p class='ocr_par' dir='ltr' id='par_1_104' title="bbox 334 4913 1920 4987">
     <span class='ocr_line' id='line_1_106' title="bbox 334 4913 1920 4987; baseline -0.001 -19"><span class='ocrx_word' id='word_1_810' title='bbox 334 4918 401 4969; x_wconf 90' lang='lat' dir='ltr'><strong><em>ad</em></strong></span> <span class='ocrx_word' id='word_1_811' title='bbox 434 4913 568 4985; x_wconf 56' lang='lat' dir='ltr'><strong><em>Agin</em></strong></span> <span class='ocrx_word' id='word_1_812' title='bbox 603 4931 784 4987; x_wconf 79' lang='lat' dir='ltr'><strong><em>regem</em></strong></span> <span class='ocrx_word' id='word_1_813' title='bbox 837 4916 1372 4971; x_wconf 58' lang='lat' dir='ltr'><strong><em>Lacedaemoniorum</em></strong></span> <span class='ocrx_word' id='word_1_814' title='bbox 1424 4913 1492 4967; x_wconf 89' lang='lat' dir='ltr'><strong><em>de</em></strong></span> <span class='ocrx_word' id='word_1_815' title='bbox 1542 4929 1661 4987; x_wconf 67' lang='lat' dir='ltr'><strong><em>sua</em></strong></span> <span class='ocrx_word' id='word_1_816' title='bbox 1683 4915 1754 4987; x_wconf 75' lang='lat' dir='ltr'><strong><em>ad</em></strong></span> <span class='ocrx_word' id='word_1_817' title='bbox 1786 4929 1920 4987; x_wconf 84' lang='lat' dir='ltr'><strong><em>eum</em></strong></span> 
     </span>
    </p>
   </div>
   <div class='ocr_carea' id='block_1_105' title="bbox 332 4984 1926 5057">
    <p class='ocr_par' dir='ltr' id='par_1_105' title="bbox 332 4984 1926 5057">
     <span class='ocr_line' id='line_1_107' title="bbox 332 4984 1926 5057; baseline -0.002 -16"><span class='ocrx_word' id='word_1_818' title='bbox 332 4984 838 5049; x_wconf 48' lang='lat' dir='ltr'><strong><em>del&#39;ectionefcirca</em></strong></span> <span class='ocrx_word' id='word_1_819' title='bbox 872 4990 1140 5057; x_wconf 89' lang='lat' dir='ltr'><strong><em>hyetnem,</em></strong></span> <span class='ocrx_word' id='word_1_820' title='bbox 1173 5001 1271 5040; x_wconf 89' lang='lat' dir='ltr'><strong><em>seu</em></strong></span> <span class='ocrx_word' id='word_1_821' title='bbox 1302 4986 1614 5057; x_wconf 5' lang='lat' dir='ltr'><strong><em>tinemyanni</em></strong></span> <span class='ocrx_word' id='word_1_822' title='bbox 1643 4984 1708 5039; x_wconf 91' lang='grc'><strong><em>19</em></strong></span> <span class='ocrx_word' id='word_1_823' title='bbox 1732 5001 1758 5037; x_wconf 88' lang='lat' dir='ltr'><strong><em>a</em></strong></span> <span class='ocrx_word' id='word_1_824' title='bbox 1785 4985 1926 5039; x_wconf 87' lang='lat' dir='ltr'><strong><em>bello</em></strong></span> 
     </span>
    </p>
   </div>
   <div class='ocr_carea' id='block_1_106' title="bbox 337 5055 1970 5129">
    <p class='ocr_par' dir='ltr' id='par_1_106' title="bbox 337 5055 1970 5129">
     <span class='ocr_line' id='line_1_108' title="bbox 337 5055 1970 5129; baseline -0.001 -17"><span class='ocrx_word' id='word_1_825' title='bbox 337 5059 815 5129; x_wconf 65' lang='lat' dir='ltr'><strong><em>Peloponnesiaci).</em></strong></span> <span class='ocrx_word' id='word_1_826' title='bbox 863 5055 1118 5129; x_wconf 78' lang='lat' dir='ltr'><strong><em>Nan‘tille</em></strong></span> <span class='ocrx_word' id='word_1_827' title='bbox 1154 5072 1329 5111; x_wconf 90' lang='lat' dir='ltr'><strong><em>anuus</em></strong></span> <span class='ocrx_word' id='word_1_828' title='bbox 1358 5055 1422 5129; x_wconf 88' lang='grc'><strong><em>19</em></strong></span> <span class='ocrx_word' id='word_1_829' title='bbox 1457 5055 1736 5129; x_wconf 75' lang='lat' dir='ltr'><strong><em>desinitin</em></strong></span> <span class='ocrx_word' id='word_1_830' title='bbox 1768 5065 1926 5110; x_wconf 75' lang='lat' dir='ltr'><strong><em>:esla-</em></strong></span> <span class='ocrx_word' id='word_1_831' title='bbox 1960 5065 1970 5075; x_wconf 88' lang='lat'>&#39;</span> 
     </span>
    </p>
   </div>
   <div class='ocr_carea' id='block_1_107' title="bbox 339 5127 1924 5197">
    <p class='ocr_par' dir='ltr' id='par_1_107' title="bbox 339 5127 1924 5197">
     <span class='ocr_line' id='line_1_109' title="bbox 339 5127 1924 5197; baseline -0.002 -14"><span class='ocrx_word' id='word_1_832' title='bbox 339 5140 445 5185; x_wconf 89' lang='lat' dir='ltr'><strong><em>tem</em></strong></span> <span class='ocrx_word' id='word_1_833' title='bbox 469 5127 612 5184; x_wconf 72' lang='lat' dir='ltr'><strong><em>anni</em></strong></span> <span class='ocrx_word' id='word_1_834' title='bbox 652 5129 723 5185; x_wconf 71' lang='lat'><strong><em>20</em></strong></span> <span class='ocrx_word' id='word_1_835' title='bbox 763 5128 1052 5197; x_wconf 83' lang='lat' dir='ltr'><strong><em>Archelai,</em></strong></span> <span class='ocrx_word' id='word_1_836' title='bbox 1101 5128 1436 5184; x_wconf 84' lang='lat' dir='ltr'><strong><em>numerando</em></strong></span> <span class='ocrx_word' id='word_1_837' title='bbox 1489 5143 1638 5182; x_wconf 89' lang='lat' dir='ltr'><strong><em>more</em></strong></span> <span class='ocrx_word' id='word_1_838' title='bbox 1677 5127 1924 5182; x_wconf 75' lang='lat' dir='ltr'><strong><em>Romano</em></strong></span> 
     </span>
    </p>
   </div>
   <div class='ocr_carea' id='block_1_108' title="bbox 335 5202 945 5256">
    <p class='ocr_par' dir='ltr' id='par_1_108' title="bbox 335 5202 945 5256">
     <span class='ocr_line' id='line_1_110' title="bbox 335 5202 945 5256; baseline -0.002 -2"><span class='ocrx_word' id='word_1_839' title='bbox 335 5216 366 5254; x_wconf 89' lang='lat' dir='ltr'><strong><em>a</em></strong></span> <span class='ocrx_word' id='word_1_840' title='bbox 406 5202 645 5256; x_wconf 81' lang='lat' dir='ltr'><strong><em>calendis</em></strong></span> <span class='ocrx_word' id='word_1_841' title='bbox 681 5202 945 5256; x_wconf 82' lang='lat' dir='ltr'><strong><em>Januarii.</em></strong></span> 
     </span>
    </p>
   </div>
   <div class='ocr_carea' id='block_1_109' title="bbox 410 5269 1928 5344">
    <p class='ocr_par' dir='ltr' id='par_1_109' title="bbox 410 5269 1928 5344">
     <span class='ocr_line' id='line_1_111' title="bbox 410 5269 1928 5344; baseline -0.003 -19"><span class='ocrx_word' id='word_1_842' title='bbox 410 5271 593 5344; x_wconf 88' lang='lat' dir='ltr'><strong><em>(lbid.)</em></strong></span> <span class='ocrx_word' id='word_1_843' title='bbox 621 5272 881 5343; x_wconf 85' lang='lat' dir='ltr'><strong><em>Erupides</em></strong></span> <span class='ocrx_word' id='word_1_844' title='bbox 908 5271 1051 5342; x_wconf 86' lang='lat' dir='ltr'><strong><em>apud</em></strong></span> <span class='ocrx_word' id='word_1_845' title='bbox 1071 5271 1383 5326; x_wconf 84' lang='lat' dir='ltr'><strong><em>Archelaum</em></strong></span> <span class='ocrx_word' id='word_1_846' title='bbox 1405 5282 1449 5327; x_wconf 90' lang='lat' dir='ltr'><strong><em>et</em></strong></span> <span class='ocrx_word' id='word_1_847' title='bbox 1471 5270 1758 5344; x_wconf 74' lang='lat' dir='ltr'><strong><em>Sophocles</em></strong></span> <span class='ocrx_word' id='word_1_848' title='bbox 1771 5269 1928 5344; x_wconf 62' lang='lat' dir='ltr'><strong><em>Athe:</em></strong></span> 
     </span>
    </p>
   </div>
   <div class='ocr_carea' id='block_1_110' title="bbox 337 5340 1921 5413">
    <p class='ocr_par' dir='ltr' id='par_1_110' title="bbox 337 5340 1921 5413">
     <span class='ocr_line' id='line_1_112' title="bbox 337 5340 1921 5413; baseline -0.001 -17"><span class='ocrx_word' id='word_1_849' title='bbox 337 5340 430 5396; x_wconf 53' lang='lat' dir='ltr'><strong><em>nis&#39;</em></strong></span> <span class='ocrx_word' id='word_1_850' title='bbox 449 5340 684 5398; x_wconf 84' lang='lat' dir='ltr'><strong><em>moritur.</em></strong></span> <span class='ocrx_word' id='word_1_851' title='bbox 731 5340 1096 5413; x_wconf 54' lang='lat' dir='ltr'><strong><em>(inponuntur</em></strong></span> <span class='ocrx_word' id='word_1_852' title='bbox 1127 5345 1222 5397; x_wconf 87' lang='lat' dir='ltr'><strong><em>ista</em></strong></span> <span class='ocrx_word' id='word_1_853' title='bbox 1260 5346 1311 5396; x_wconf 87' lang='lat' dir='ltr'><strong><em>itt</em></strong></span> <span class='ocrx_word' id='word_1_854' title='bbox 1350 5345 1455 5408; x_wconf 88' lang='lat' dir='ltr'><strong><em>Pi.,</em></strong></span> <span class='ocrx_word' id='word_1_855' title='bbox 1488 5342 1656 5408; x_wconf 62' lang='lat' dir='ltr'><strong><em>Man,</em></strong></span> <span class='ocrx_word' id='word_1_856' title='bbox 1684 5357 1827 5413; x_wconf 86' lang='lat' dir='ltr'><strong><em>anno</em></strong></span> <span class='ocrx_word' id='word_1_857' title='bbox 1856 5340 1921 5395; x_wconf 86' lang='grc'>17</span> 
     </span>
    </p>
   </div>
   <div class='ocr_carea' id='block_1_111' title="bbox 339 5412 1925 5485">
    <p class='ocr_par' dir='ltr' id='par_1_111' title="bbox 339 5412 1925 5485">
     <span class='ocr_line' id='line_1_113' title="bbox 339 5412 1925 5485; baseline -0.001 -17"><span class='ocrx_word' id='word_1_858' title='bbox 339 5416 513 5482; x_wconf 84' lang='lat' dir='ltr'><strong><em>Darii;</em></strong></span> <span class='ocrx_word' id='word_1_859' title='bbox 548 5416 599 5470; x_wconf 92' lang='lat' dir='ltr'><strong><em>in</em></strong></span> <span class='ocrx_word' id='word_1_860' title='bbox 632 5417 754 5481; x_wconf 87' lang='lat' dir='ltr'><strong><em>Lo.,</em></strong></span> <span class='ocrx_word' id='word_1_861' title='bbox 784 5412 846 5470; x_wconf 87' lang='lat'><strong><em>0.</em></strong></span> <span class='ocrx_word' id='word_1_862' title='bbox 871 5459 883 5478; x_wconf 89' lang='lat'><strong><em>,</em></strong></span> <span class='ocrx_word' id='word_1_863' title='bbox 927 5415 1034 5485; x_wconf 83' lang='lat' dir='ltr'><strong><em>Vi.,</em></strong></span> <span class='ocrx_word' id='word_1_864' title='bbox 1068 5415 1185 5482; x_wconf 85' lang='lat' dir='ltr'><strong><em>Fa.,</em></strong></span> <span class='ocrx_word' id='word_1_865' title='bbox 1217 5413 1386 5479; x_wconf 88' lang='lat' dir='ltr'><strong><em>Fux.,</em></strong></span> <span class='ocrx_word' id='word_1_866' title='bbox 1419 5425 1624 5484; x_wconf 89' lang='lat' dir='ltr'><strong><em>septem</em></strong></span> <span class='ocrx_word' id='word_1_867' title='bbox 1654 5412 1925 5485; x_wconf 72' lang='lat' dir='ltr'><strong><em>Vaticanis</em></strong></span> 
     </span>
    </p>
   </div>
   <div class='ocr_carea' id='block_1_112' title="bbox 337 5484 1922 5555">
    <p class='ocr_par' dir='ltr' id='par_1_112' title="bbox 337 5484 1922 5555">
     <span class='ocr_line' id='line_1_114' title="bbox 337 5484 1922 5555; baseline -0.001 -15"><span class='ocrx_word' id='word_1_868' title='bbox 337 5494 398 5541; x_wconf 90' lang='lat' dir='ltr'><strong><em>et</em></strong></span> <span class='ocrx_word' id='word_1_869' title='bbox 420 5490 668 5551; x_wconf 82' lang='lat' dir='ltr'><strong><em>excusis,</em></strong></span> <span class='ocrx_word' id='word_1_870' title='bbox 699 5504 788 5543; x_wconf 87' lang='lat' dir='ltr'><strong><em>an.</em></strong></span> <span class='ocrx_word' id='word_1_871' title='bbox 831 5487 926 5554; x_wconf 72' lang='lat' dir='ltr'><strong><em>lli;</em></strong></span> <span class='ocrx_word' id='word_1_872' title='bbox 956 5484 1191 5542; x_wconf 39' lang='lat' dir='ltr'><strong><em>in&#39;Peta.</em></strong></span> <span class='ocrx_word' id='word_1_873' title='bbox 1225 5501 1368 5541; x_wconf 90' lang='lat' dir='ltr'><strong><em>anno</em></strong></span> <span class='ocrx_word' id='word_1_874' title='bbox 1401 5485 1486 5550; x_wconf 83' lang='lat' dir='ltr'><strong><em>l7,</em></strong></span> <span class='ocrx_word' id='word_1_875' title='bbox 1521 5487 1610 5555; x_wconf 90' lang='lat' dir='ltr'><strong><em>qui</em></strong></span> <span class='ocrx_word' id='word_1_876' title='bbox 1651 5484 1841 5539; x_wconf 86' lang='lat' dir='ltr'><strong><em>incidit</em></strong></span> <span class='ocrx_word' id='word_1_877' title='bbox 1867 5484 1922 5538; x_wconf 92' lang='lat' dir='ltr'><strong><em>in</em></strong></span> 
     </span>
    </p>
   </div>
   <div class='ocr_carea' id='block_1_113' title="bbox 339 5555 1929 5629">
    <p class='ocr_par' dir='ltr' id='par_1_113' title="bbox 339 5555 1929 5629">
     <span class='ocr_line' id='line_1_115' title="bbox 339 5555 1929 5629; baseline -0.002 -18"><span class='ocrx_word' id='word_1_878' title='bbox 339 5573 428 5612; x_wconf 88' lang='lat' dir='ltr'><strong><em>an.</em></strong></span> <span class='ocrx_word' id='word_1_879' title='bbox 464 5557 488 5609; x_wconf 92' lang='grc'><strong><em>1</em></strong></span> <span class='ocrx_word' id='word_1_880' title='bbox 516 5561 718 5629; x_wconf 89' lang='lat' dir='ltr'><strong><em>olymp.</em></strong></span> <span class='ocrx_word' id='word_1_881' title='bbox 753 5558 849 5622; x_wconf 80' lang='lat'><strong><em>95;</em></strong></span> <span class='ocrx_word' id='word_1_882' title='bbox 875 5560 960 5613; x_wconf 90' lang='lat' dir='ltr'><strong><em>cui</em></strong></span> <span class='ocrx_word' id='word_1_883' title='bbox 989 5557 1135 5613; x_wconf 81' lang='lat' dir='ltr'><strong><em>favet</em></strong></span> <span class='ocrx_word' id='word_1_884' title='bbox 1163 5559 1376 5622; x_wconf 86' lang='lat' dir='ltr'><strong><em>Suidas,</em></strong></span> <span class='ocrx_word' id='word_1_885' title='bbox 1399 5560 1524 5611; x_wconf 88' lang='lat' dir='ltr'><strong><em>dum</em></strong></span> <span class='ocrx_word' id='word_1_886' title='bbox 1557 5557 1744 5612; x_wconf 89' lang='lat' dir='ltr'><strong><em>scribit</em></strong></span> <span class='ocrx_word' id='word_1_887' title='bbox 1772 5555 1929 5610; x_wconf 77' lang='lat' dir='ltr'><strong><em>Euri-</em></strong></span> 
     </span>
    </p>
   </div>
   <div class='ocr_carea' id='block_1_114' title="bbox 340 5629 1930 5703">
    <p class='ocr_par' dir='ltr' id='par_1_114' title="bbox 340 5629 1930 5703">
     <span class='ocr_line' id='line_1_116' title="bbox 340 5629 1930 5703; baseline -0.001 -21"><span class='ocrx_word' id='word_1_888' title='bbox 340 5629 521 5699; x_wconf 90' lang='lat' dir='ltr'><strong><em>pidem</em></strong></span> <span class='ocrx_word' id='word_1_889' title='bbox 555 5631 755 5686; x_wconf 70' lang='lat' dir='ltr'><strong><em>obiisse</em></strong></span> <span class='ocrx_word' id='word_1_890' title='bbox 787 5635 992 5703; x_wconf 86' lang='lat' dir='ltr'><strong><em>olymp.</em></strong></span> <span class='ocrx_word' id='word_1_891' title='bbox 1033 5629 1102 5685; x_wconf 82' lang='grc'>95</span> <span class='ocrx_word' id='word_1_892' title='bbox 1155 5631 1258 5703; x_wconf 86' lang='lat' dir='ltr'><strong><em>Sed</em></strong></span> <span class='ocrx_word' id='word_1_893' title='bbox 1291 5629 1396 5685; x_wconf 88' lang='lat' dir='ltr'><strong><em>hoc</em></strong></span> <span class='ocrx_word' id='word_1_894' title='bbox 1433 5639 1578 5703; x_wconf 82' lang='lat' dir='ltr'><strong><em>stare</em></strong></span> <span class='ocrx_word' id='word_1_895' title='bbox 1605 5643 1713 5703; x_wconf 80' lang='lat' dir='ltr'><strong><em>non</em></strong></span> <span class='ocrx_word' id='word_1_896' title='bbox 1749 5634 1930 5703; x_wconf 59' lang='lat' dir='ltr'><strong><em>potest</em></strong></span> 
     </span>
    </p>
   </div>
   <div class='ocr_carea' id='block_1_115' title="bbox 269 5697 1932 5770">
    <p class='ocr_par' dir='ltr' id='par_1_115' title="bbox 269 5697 1932 5770">
     <span class='ocr_line' id='line_1_117' title="bbox 269 5697 1932 5770; baseline -0.002 -16"><span class='ocrx_word' id='word_1_897' title='bbox 269 5712 276 5716; x_wconf 77' lang='lat'><strong><em>&#39;</em></strong></span> <span class='ocrx_word' id='word_1_898' title='bbox 338 5697 463 5754; x_wconf 82' lang='lat' dir='ltr'><strong><em>cum</em></strong></span> <span class='ocrx_word' id='word_1_899' title='bbox 512 5709 770 5760; x_wconf 86' lang='lat' dir='ltr'><strong><em>auctore.</em></strong></span> <span class='ocrx_word' id='word_1_900' title='bbox 811 5697 954 5770; x_wconf 77' lang='lat' dir='ltr'><strong><em>apud</em></strong></span> <span class='ocrx_word' id='word_1_901' title='bbox 997 5716 1156 5768; x_wconf 86' lang='lat' dir='ltr'><strong><em>quem</em></strong></span> <span class='ocrx_word' id='word_1_902' title='bbox 1204 5702 1298 5756; x_wconf 90' lang='lat' dir='ltr'><strong><em>ille</em></strong></span> <span class='ocrx_word' id='word_1_903' title='bbox 1343 5716 1518 5755; x_wconf 86' lang='lat' dir='ltr'><strong><em>anuus</em></strong></span> <span class='ocrx_word' id='word_1_904' title='bbox 1550 5698 1577 5751; x_wconf 91' lang='grc'><strong><em>1</em></strong></span> <span class='ocrx_word' id='word_1_905' title='bbox 1611 5699 1820 5770; x_wconf 90' lang='lat' dir='ltr'><strong><em>olymp.</em></strong></span> <span class='ocrx_word' id='word_1_906' title='bbox 1862 5697 1932 5753; x_wconf 80' lang='grc'>95</span> 
     </span>
    </p>
   </div>
   <div class='ocr_carea' id='block_1_116' title="bbox 339 5771 1935 5836">
    <p class='ocr_par' dir='ltr' id='par_1_116' title="bbox 339 5771 1935 5836">
     <span class='ocr_line' id='line_1_118' title="bbox 339 5771 1935 5836; baseline -0.003 -8"><span class='ocrx_word' id='word_1_907' title='bbox 339 5775 619 5828; x_wconf 85' lang='lat' dir='ltr'><strong><em>concurrit</em></strong></span> <span class='ocrx_word' id='word_1_908' title='bbox 650 5789 769 5828; x_wconf 90' lang='lat' dir='ltr'><strong><em>cum</em></strong></span> <span class='ocrx_word' id='word_1_909' title='bbox 796 5789 885 5831; x_wconf 88' lang='lat' dir='ltr'><strong><em>an.</em></strong></span> <span class='ocrx_word' id='word_1_910' title='bbox 922 5773 954 5824; x_wconf 65' lang='grc'>1-</span> <span class='ocrx_word' id='word_1_911' title='bbox 981 5773 1191 5828; x_wconf 86' lang='lat' dir='ltr'><strong><em>Orestis</em></strong></span> <span class='ocrx_word' id='word_1_912' title='bbox 1213 5773 1547 5828; x_wconf 87' lang='lat' dir='ltr'><strong><em>successoris</em></strong></span> <span class='ocrx_word' id='word_1_913' title='bbox 1567 5771 1848 5836; x_wconf 87' lang='lat' dir='ltr'><strong><em>Archelai,</em></strong></span> <span class='ocrx_word' id='word_1_914' title='bbox 1877 5779 1935 5824; x_wconf 89' lang='lat' dir='ltr'><strong><em>et</em></strong></span> 
     </span>
    </p>
   </div>
   <div class='ocr_carea' id='block_1_117' title="bbox 341 5841 1936 5908">
    <p class='ocr_par' dir='ltr' id='par_1_117' title="bbox 341 5841 1936 5908">
     <span class='ocr_line' id='line_1_119' title="bbox 341 5841 1936 5908; baseline -0.003 -9"><span class='ocrx_word' id='word_1_915' title='bbox 341 5844 811 5900; x_wconf 60' lang='lat' dir='ltr'><strong><em>consentientibus</em></strong></span> <span class='ocrx_word' id='word_1_916' title='bbox 841 5845 1038 5906; x_wconf 85' lang='lat' dir='ltr'><strong><em>Plinio,</em></strong></span> <span class='ocrx_word' id='word_1_917' title='bbox 1069 5844 1289 5908; x_wconf 88' lang='lat' dir='ltr'><strong><em>Soliuo,</em></strong></span> <span class='ocrx_word' id='word_1_918' title='bbox 1322 5845 1644 5908; x_wconf 86' lang='lat' dir='ltr'><strong><em>Plutarc‘o,</em></strong></span> <span class='ocrx_word' id='word_1_919' title='bbox 1678 5853 1732 5896; x_wconf 92' lang='lat' dir='ltr'><strong><em>et</em></strong></span> <span class='ocrx_word' id='word_1_920' title='bbox 1757 5841 1936 5896; x_wconf 86' lang='lat' dir='ltr'><strong><em>omni-</em></strong></span> 
     </span>
    </p>
   </div>
   <div class='ocr_carea' id='block_1_118' title="bbox 344 5914 1938 5982">
    <p class='ocr_par' dir='ltr' id='par_1_118' title="bbox 344 5914 1938 5982">
     <span class='ocr_line' id='line_1_120' title="bbox 344 5914 1938 5982; baseline -0.002 -13"><span class='ocrx_word' id='word_1_921' title='bbox 344 5916 444 5970; x_wconf 82' lang='lat' dir='ltr'><strong><em>bus</em></strong></span> <span class='ocrx_word' id='word_1_922' title='bbox 469 5916 765 5982; x_wconf 60' lang='lat' dir='ltr'><strong><em>historicis,</em></strong></span> <span class='ocrx_word' id='word_1_923' title='bbox 797 5929 1004 5973; x_wconf 80' lang='lat' dir='ltr'><strong><em>certum</em></strong></span> <span class='ocrx_word' id='word_1_924' title='bbox 1036 5925 1120 5972; x_wconf 91' lang='lat' dir='ltr'><strong><em>cst</em></strong></span> <span class='ocrx_word' id='word_1_925' title='bbox 1148 5918 1452 5971; x_wconf 70' lang='lat' dir='ltr'><strong><em>.-trrhelaunt</em></strong></span> <span class='ocrx_word' id='word_1_926' title='bbox 1487 5932 1586 5971; x_wconf 88' lang='lat' dir='ltr'><strong><em>non</em></strong></span> <span class='ocrx_word' id='word_1_927' title='bbox 1616 5914 1783 5969; x_wconf 86' lang='lat' dir='ltr'><strong><em>solum</em></strong></span> <span class='ocrx_word' id='word_1_928' title='bbox 1815 5930 1938 5968; x_wconf 86' lang='lat' dir='ltr'><strong><em>con-</em></strong></span> 
     </span>
    </p>
   </div>
   <div class='ocr_carea' id='block_1_119' title="bbox 1947 4667 1999 4726">
    <p class='ocr_par' dir='ltr' id='par_1_119' title="bbox 1947 4667 1999 4726">
     <span class='ocr_line' id='line_1_121' title="bbox 1947 4667 1999 4726; baseline 0 0"><span class='ocrx_word' id='word_1_929' title='bbox 1947 4667 1999 4726; x_wconf 90' lang='lat' dir='ltr'><strong>D</strong></span> 
     </span>
    </p>
   </div>
   <div class='ocr_carea' id='block_1_120' title="bbox 2012 3343 3596 3412">
    <p class='ocr_par' dir='ltr' id='par_1_120' title="bbox 2012 3343 3596 3412">
     <span class='ocr_line' id='line_1_122' title="bbox 2012 3343 3596 3412; baseline 0.001 -13"><span class='ocrx_word' id='word_1_930' title='bbox 2012 3343 2104 3412; x_wconf 94' lang='lat'><strong><em>0.,</em></strong></span> <span class='ocrx_word' id='word_1_931' title='bbox 2134 3346 2296 3410; x_wconf 86' lang='lat' dir='ltr'><strong><em>\’ett.,</em></strong></span> <span class='ocrx_word' id='word_1_932' title='bbox 2324 3346 2473 3406; x_wconf 85' lang='lat' dir='ltr'><strong><em>Lut.,</em></strong></span> <span class='ocrx_word' id='word_1_933' title='bbox 2495 3345 2618 3410; x_wconf 82' lang='lat' dir='ltr'><strong><em>Fa.,</em></strong></span> <span class='ocrx_word' id='word_1_934' title='bbox 2644 3347 2799 3411; x_wconf 83' lang='lat' dir='ltr'><strong><em>ll-lar.,</em></strong></span> <span class='ocrx_word' id='word_1_935' title='bbox 2821 3345 3093 3412; x_wconf 82' lang='lat' dir='ltr'><strong><em>Isocrate,</em></strong></span> <span class='ocrx_word' id='word_1_936' title='bbox 3123 3348 3389 3412; x_wconf 86' lang='lat' dir='ltr'><strong><em>Diodoro,</em></strong></span> <span class='ocrx_word' id='word_1_937' title='bbox 3421 3346 3596 3401; x_wconf 68' lang='lat' dir='ltr'><strong><em>[Emi-</em></strong></span> 
     </span>
    </p>
   </div>
   <div class='ocr_carea' id='block_1_121' title="bbox 2011 3416 3592 3488">
    <p class='ocr_par' dir='ltr' id='par_1_121' title="bbox 2011 3416 3592 3488">
     <span class='ocr_line' id='line_1_123' title="bbox 2011 3416 3592 3488; baseline 0 -16"><span class='ocrx_word' id='word_1_938' title='bbox 2011 3417 2086 3472; x_wconf 93' lang='lat' dir='ltr'><strong><em>lio</em></strong></span> <span class='ocrx_word' id='word_1_939' title='bbox 2111 3417 2318 3480; x_wconf 87' lang='lat' dir='ltr'><strong><em>Probo,</em></strong></span> <span class='ocrx_word' id='word_1_940' title='bbox 2353 3416 2587 3488; x_wconf 87' lang='lat' dir='ltr'><strong><em>Plutarc.</em></strong></span> <span class='ocrx_word' id='word_1_941' title='bbox 2628 3417 2682 3470; x_wconf 85' lang='lat' dir='ltr'><strong><em>in</em></strong></span> <span class='ocrx_word' id='word_1_942' title='bbox 2715 3418 3083 3488; x_wconf 80' lang='lat' dir='ltr'><strong><em>Ap0phl|teg.,</em></strong></span> <span class='ocrx_word' id='word_1_943' title='bbox 3114 3427 3169 3472; x_wconf 90' lang='lat' dir='ltr'><strong><em>et</em></strong></span> <span class='ocrx_word' id='word_1_944' title='bbox 3194 3420 3246 3473; x_wconf 84' lang='lat' dir='ltr'><strong><em>in</em></strong></span> <span class='ocrx_word' id='word_1_945' title='bbox 3273 3418 3460 3483; x_wconf 81' lang='lat' dir='ltr'><strong><em>Mario,</em></strong></span> <span class='ocrx_word' id='word_1_946' title='bbox 3498 3419 3592 3487; x_wconf 86' lang='lat' dir='ltr'><strong><em>qui</em></strong></span> 
     </span>
    </p>
   </div>
   <div class='ocr_carea' id='block_1_122' title="bbox 2010 3487 3593 3559">
    <p class='ocr_par' dir='ltr' id='par_1_122' title="bbox 2010 3487 3593 3559">
     <span class='ocr_line' id='line_1_124' title="bbox 2010 3487 3593 3559; baseline 0 -17"><span class='ocrx_word' id='word_1_947' title='bbox 2010 3491 2086 3542; x_wconf 87' lang='lat' dir='ltr'><strong><em>ait</em></strong></span> <span class='ocrx_word' id='word_1_948' title='bbox 2115 3487 2253 3542; x_wconf 90' lang='lat' dir='ltr'><strong><em>ideut</em></strong></span> <span class='ocrx_word' id='word_1_949' title='bbox 2276 3487 2585 3559; x_wconf 80' lang='lat' dir='ltr'><strong><em>signiﬁcare</em></strong></span> <span class='ocrx_word' id='word_1_950' title='bbox 2609 3501 2672 3542; x_wconf 86' lang='lat' dir='ltr'><strong><em>ac</em></strong></span> <span class='ocrx_word' id='word_1_951' title='bbox 2699 3505 2910 3559; x_wconf 79' lang='lat' dir='ltr'><strong><em>memor,</em></strong></span> <span class='ocrx_word' id='word_1_952' title='bbox 2939 3487 3083 3559; x_wconf 88' lang='lat' dir='ltr'><strong><em>quod</em></strong></span> <span class='ocrx_word' id='word_1_953' title='bbox 3115 3489 3289 3544; x_wconf 81' lang='lat' dir='ltr'><strong><em>felicis</em></strong></span> <span class='ocrx_word' id='word_1_954' title='bbox 3309 3501 3454 3544; x_wconf 90' lang='lat' dir='ltr'><strong><em>esset</em></strong></span> <span class='ocrx_word' id='word_1_955' title='bbox 3481 3506 3593 3542; x_wconf 73' lang='lat' dir='ltr'><strong><em>nte-</em></strong></span> 
     </span>
    </p>
   </div>
   <div class='ocr_carea' id='block_1_123' title="bbox 2014 3557 3595 3629">
    <p class='ocr_par' dir='ltr' id='par_1_123' title="bbox 2014 3557 3595 3629">
     <span class='ocr_line' id='line_1_125' title="bbox 2014 3557 3595 3629; baseline -0.002 -16"><span class='ocrx_word' id='word_1_956' title='bbox 2014 3561 2238 3614; x_wconf 73' lang='lat' dir='ltr'><strong><em>tnorizc:</em></strong></span> <span class='ocrx_word' id='word_1_957' title='bbox 2271 3557 2424 3614; x_wconf 25' lang='lat' dir='ltr'><strong><em>in’V.</em></strong></span> <span class='ocrx_word' id='word_1_958' title='bbox 2457 3559 2651 3628; x_wconf 76' lang='lat' dir='ltr'><strong><em>legitur</em></strong></span> <span class='ocrx_word' id='word_1_959' title='bbox 2678 3557 3153 3629; x_wconf 55' lang='lat' dir='ltr'><strong><em>Nemeonfapnd.</em></strong></span> <span class='ocrx_word' id='word_1_960' title='bbox 3189 3561 3387 3616; x_wconf 89' lang='lat' dir='ltr'><strong><em>Bedam</em></strong></span> <span class='ocrx_word' id='word_1_961' title='bbox 3427 3559 3595 3613; x_wconf 83' lang='lat' dir='ltr'><strong><em>Mem-</em></strong></span> 
     </span>
    </p>
   </div>
   <div class='ocr_carea' id='block_1_124' title="bbox 2012 3629 3592 3698">
    <p class='ocr_par' dir='ltr' id='par_1_124' title="bbox 2012 3629 3592 3698">
     <span class='ocr_line' id='line_1_126' title="bbox 2012 3629 3592 3698; baseline -0.001 -14"><span class='ocrx_word' id='word_1_962' title='bbox 2012 3648 2150 3697; x_wconf 86' lang='lat' dir='ltr'><strong><em>non;</em></strong></span> <span class='ocrx_word' id='word_1_963' title='bbox 2186 3631 2410 3686; x_wconf 84' lang='lat' dir='ltr'><strong><em>Vincen.</em></strong></span> <span class='ocrx_word' id='word_1_964' title='bbox 2442 3642 2496 3684; x_wconf 90' lang='lat' dir='ltr'><strong><em>et</em></strong></span> <span class='ocrx_word' id='word_1_965' title='bbox 2531 3629 2654 3684; x_wconf 82' lang='lat' dir='ltr'><strong><em>Fre.</em></strong></span> <span class='ocrx_word' id='word_1_966' title='bbox 2689 3630 2892 3685; x_wconf 88' lang='lat' dir='ltr'><strong><em>habent</em></strong></span> <span class='ocrx_word' id='word_1_967' title='bbox 2922 3630 3187 3698; x_wconf 79' lang='lat' dir='ltr'><strong><em>Mennon;</em></strong></span> <span class='ocrx_word' id='word_1_968' title='bbox 3224 3633 3446 3687; x_wconf 79' lang='lat' dir='ltr'><strong><em>Jornan.</em></strong></span> <span class='ocrx_word' id='word_1_969' title='bbox 3485 3630 3592 3683; x_wconf 84' lang='grc' dir='ltr'><strong><em>,1Ιὶ-</em></strong></span> 
     </span>
    </p>
   </div>
   <div class='ocr_carea' id='block_1_125' title="bbox 2014 3702 3595 3772">
    <p class='ocr_par' dir='ltr' id='par_1_125' title="bbox 2014 3702 3595 3772">
     <span class='ocr_line' id='line_1_127' title="bbox 2014 3702 3595 3772; baseline 0 -18"><span class='ocrx_word' id='word_1_970' title='bbox 2014 3718 2208 3765; x_wconf 83' lang='grc' dir='ltr'><strong><em>ηιηοη;</em></strong></span> <span class='ocrx_word' id='word_1_971' title='bbox 2249 3703 2343 3756; x_wconf 90' lang='lat' dir='ltr'><strong><em>sed</em></strong></span> <span class='ocrx_word' id='word_1_972' title='bbox 2379 3703 2738 3772; x_wconf 85' lang='lat' dir='ltr'><strong><em>Hieronymus</em></strong></span> <span class='ocrx_word' id='word_1_973' title='bbox 2781 3704 2832 3756; x_wconf 90' lang='lat' dir='ltr'><strong><em>in</em></strong></span> <span class='ocrx_word' id='word_1_974' title='bbox 2881 3703 3176 3756; x_wconf 88' lang='lat' dir='ltr'><strong><em>Ezechielis</em></strong></span> <span class='ocrx_word' id='word_1_975' title='bbox 3214 3719 3266 3757; x_wconf 84' lang='lat' dir='ltr'><strong><em>tv</em></strong></span> <span class='ocrx_word' id='word_1_976' title='bbox 3305 3702 3595 3758; x_wconf 81' lang='lat' dir='ltr'><strong><em>continuat</em></strong></span> 
     </span>
    </p>
   </div>
   <div class='ocr_carea' id='block_1_126' title="bbox 2015 3773 3588 3840">
    <p class='ocr_par' dir='ltr' id='par_1_126' title="bbox 2015 3773 3588 3840">
     <span class='ocr_line' id='line_1_128' title="bbox 2015 3773 3588 3840; baseline -0.002 -13"><span class='ocrx_word' id='word_1_977' title='bbox 2015 3784 2250 3828; x_wconf 86' lang='lat' dir='ltr'><strong><em>nostram</em></strong></span> <span class='ocrx_word' id='word_1_978' title='bbox 2297 3775 2615 3840; x_wconf 87' lang='lat' dir='ltr'><strong><em>lectionem,</em></strong></span> <span class='ocrx_word' id='word_1_979' title='bbox 2651 3788 2771 3825; x_wconf 89' lang='lat' dir='ltr'><strong><em>nam</em></strong></span> <span class='ocrx_word' id='word_1_980' title='bbox 2805 3773 3050 3827; x_wconf 88' lang='lat' dir='ltr'><strong><em>alludens</em></strong></span> <span class='ocrx_word' id='word_1_981' title='bbox 3086 3773 3152 3826; x_wconf 91' lang='lat' dir='ltr'><strong><em>ad</em></strong></span> <span class='ocrx_word' id='word_1_982' title='bbox 3186 3774 3361 3827; x_wconf 84' lang='lat' dir='ltr'><strong><em>locum</em></strong></span> <span class='ocrx_word' id='word_1_983' title='bbox 3411 3775 3588 3832; x_wconf 79' lang='lat' dir='ltr'><strong><em>hunc,</em></strong></span> 
     </span>
    </p>
   </div>
   <div class='ocr_carea' id='block_1_127' title="bbox 2013 3842 3596 3916">
    <p class='ocr_par' dir='ltr' id='par_1_127' title="bbox 2013 3842 3596 3916">
     <span class='ocr_line' id='line_1_129' title="bbox 2013 3842 3596 3916; baseline -0.001 -18"><span class='ocrx_word' id='word_1_984' title='bbox 2013 3847 2093 3898; x_wconf 84' lang='lat' dir='ltr'><strong><em>sic</em></strong></span> <span class='ocrx_word' id='word_1_985' title='bbox 2119 3847 2188 3897; x_wconf 88' lang='lat' dir='ltr'><strong><em>ait</em></strong></span> <span class='ocrx_word' id='word_1_986' title='bbox 2221 3864 2232 3896; x_wconf 91' lang='lat'>:</span> <span class='ocrx_word' id='word_1_987' title='bbox 2263 3847 2576 3898; x_wconf 70' lang='lat' dir='ltr'><strong><em>Artaxerxes</em></strong></span> <span class='ocrx_word' id='word_1_988' title='bbox 2606 3854 2942 3915; x_wconf 79' lang='lat' dir='ltr'><strong><em>cognomento</em></strong></span> <span class='ocrx_word' id='word_1_989' title='bbox 2972 3851 3183 3916; x_wconf 77' lang='grc' dir='ltr'><strong>Μνήμων</strong></span> <span class='ocrx_word' id='word_1_990' title='bbox 3217 3843 3370 3899; x_wconf 89' lang='lat' dir='ltr'><strong><em>Darii</em></strong></span> <span class='ocrx_word' id='word_1_991' title='bbox 3399 3853 3446 3900; x_wconf 87' lang='lat' dir='ltr'><strong><em>et</em></strong></span> <span class='ocrx_word' id='word_1_992' title='bbox 3488 3842 3596 3897; x_wconf 88' lang='lat' dir='ltr'><strong><em>Pa—</em></strong></span> 
     </span>
    </p>
   </div>
   <div class='ocr_carea' id='block_1_128' title="bbox 2012 3917 2448 3986">
    <p class='ocr_par' dir='ltr' id='par_1_128' title="bbox 2012 3917 2448 3986">
     <span class='ocr_line' id='line_1_130' title="bbox 2012 3917 2448 3986; baseline -0.005 -17"><span class='ocrx_word' id='word_1_993' title='bbox 2012 3917 2257 3986; x_wconf 79' lang='lat' dir='ltr'><strong><em>rysalidis</em></strong></span> <span class='ocrx_word' id='word_1_994' title='bbox 2288 3917 2448 3984; x_wconf 82' lang='lat' dir='ltr'><strong><em>ﬁlius.</em></strong></span> 
     </span>
    </p>
   </div>
   <div class='ocr_carea' id='block_1_129' title="bbox 2086 3986 3596 4058">
    <p class='ocr_par' dir='ltr' id='par_1_129' title="bbox 2086 3986 3596 4058">
     <span class='ocr_line' id='line_1_131' title="bbox 2086 3986 3596 4058; baseline 0 -18"><span class='ocrx_word' id='word_1_995' title='bbox 2086 3986 2272 4058; x_wconf 87' lang='lat' dir='ltr'><strong><em>(lbid.)</em></strong></span> <span class='ocrx_word' id='word_1_996' title='bbox 2317 3986 2665 4056; x_wconf 86' lang='lat' dir='ltr'><strong><em>Parysatidis.</em></strong></span> <span class='ocrx_word' id='word_1_997' title='bbox 2697 3986 2816 4042; x_wconf 86' lang='lat' dir='ltr'><strong><em>Fuit</em></strong></span> <span class='ocrx_word' id='word_1_998' title='bbox 2849 3987 2963 4042; x_wconf 84' lang='lat' dir='ltr'><strong><em>haec</em></strong></span> <span class='ocrx_word' id='word_1_999' title='bbox 2987 3987 3145 4042; x_wconf 88' lang='lat' dir='ltr'><strong><em>lectio</em></strong></span> <span class='ocrx_word' id='word_1_1000' title='bbox 3162 3987 3375 4043; x_wconf 86' lang='lat' dir='ltr'><strong><em>caeteris</em></strong></span> <span class='ocrx_word' id='word_1_1001' title='bbox 3403 3987 3596 4056; x_wconf 84' lang='lat' dir='ltr'><strong><em>pra-le-</em></strong></span> 
     </span>
    </p>
   </div>
   <div class='ocr_carea' id='block_1_130' title="bbox 2014 4057 3595 4128">
    <p class='ocr_par' dir='ltr' id='par_1_130' title="bbox 2014 4057 3595 4128">
     <span class='ocr_line' id='line_1_132' title="bbox 2014 4057 3595 4128; baseline -0.001 -15"><span class='ocrx_word' id='word_1_1002' title='bbox 2014 4057 2204 4128; x_wconf 88' lang='lat' dir='ltr'><strong><em>renda,</em></strong></span> <span class='ocrx_word' id='word_1_1003' title='bbox 2238 4061 2359 4128; x_wconf 89' lang='lat' dir='ltr'><strong><em>quia</em></strong></span> <span class='ocrx_word' id='word_1_1004' title='bbox 2389 4062 2469 4112; x_wconf 91' lang='lat' dir='ltr'><strong><em>sic</em></strong></span> <span class='ocrx_word' id='word_1_1005' title='bbox 2498 4058 2672 4124; x_wconf 87' lang='lat' dir='ltr'><strong><em>Peta.,</em></strong></span> <span class='ocrx_word' id='word_1_1006' title='bbox 2703 4067 2758 4113; x_wconf 91' lang='lat' dir='ltr'><strong><em>et</em></strong></span> <span class='ocrx_word' id='word_1_1007' title='bbox 2778 4061 2916 4126; x_wconf 83' lang='lat' dir='ltr'><strong><em>apud</em></strong></span> <span class='ocrx_word' id='word_1_1008' title='bbox 2943 4059 3270 4124; x_wconf 87' lang='lat' dir='ltr'><strong><em>Cedrenum,</em></strong></span> <span class='ocrx_word' id='word_1_1009' title='bbox 3297 4058 3595 4127; x_wconf 82' lang='lat' dir='ltr'><strong><em>Apollodo-</em></strong></span> 
     </span>
    </p>
   </div>
   <div class='ocr_carea' id='block_1_131' title="bbox 2015 4129 3590 4198">
    <p class='ocr_par' dir='ltr' id='par_1_131' title="bbox 2015 4129 3590 4198">
     <span class='ocr_line' id='line_1_133' title="bbox 2015 4129 3590 4198; baseline -0.001 -14"><span class='ocrx_word' id='word_1_1010' title='bbox 2015 4147 2169 4193; x_wconf 87' lang='lat' dir='ltr'><strong><em>rum,</em></strong></span> <span class='ocrx_word' id='word_1_1011' title='bbox 2204 4129 2648 4198; x_wconf 79' lang='lat' dir='ltr'><strong><em>Xetmphnntem,</em></strong></span> <span class='ocrx_word' id='word_1_1012' title='bbox 2685 4131 3013 4196; x_wconf 87' lang='lat' dir='ltr'><strong><em>Diodorum,</em></strong></span> <span class='ocrx_word' id='word_1_1013' title='bbox 3047 4130 3316 4195; x_wconf 85' lang='lat' dir='ltr'><strong><em>Ctesiatn,</em></strong></span> <span class='ocrx_word' id='word_1_1014' title='bbox 3347 4131 3590 4195; x_wconf 87' lang='lat' dir='ltr'><strong><em>Suidam,</em></strong></span> 
     </span>
    </p>
   </div>
   <div class='ocr_carea' id='block_1_132' title="bbox 2017 4201 3598 4276">
    <p class='ocr_par' dir='ltr' id='par_1_132' title="bbox 2017 4201 3598 4276">
     <span class='ocr_line' id='line_1_134' title="bbox 2017 4201 3598 4276; baseline -0.003 -18"><span class='ocrx_word' id='word_1_1015' title='bbox 2017 4203 2345 4276; x_wconf 70' lang='grc' dir='ltr'><strong><em>Παρνᾳάτῃς.</em></strong></span> <span class='ocrx_word' id='word_1_1016' title='bbox 2379 4201 2702 4276; x_wconf 80' lang='lat' dir='ltr'><strong><em>Adde__qu0tl</em></strong></span> <span class='ocrx_word' id='word_1_1017' title='bbox 2731 4203 2780 4256; x_wconf 88' lang='lat' dir='ltr'><strong><em>in</em></strong></span> <span class='ocrx_word' id='word_1_1018' title='bbox 2813 4203 2874 4276; x_wconf 76' lang='grc' dir='ltr'>γ.</span> <span class='ocrx_word' id='word_1_1019' title='bbox 2901 4203 3094 4272; x_wconf 86' lang='lat' dir='ltr'><strong><em>legitur</em></strong></span> <span class='ocrx_word' id='word_1_1020' title='bbox 3118 4203 3468 4276; x_wconf 63' lang='lat' dir='ltr'><strong><em>transiiositis</em></strong></span> <span class='ocrx_word' id='word_1_1021' title='bbox 3485 4202 3598 4276; x_wconf 87' lang='lat' dir='ltr'><strong><em>elc-</em></strong></span> 
     </span>
    </p>
   </div>
   <div class='ocr_carea' id='block_1_133' title="bbox 2020 4273 3594 4344">
    <p class='ocr_par' dir='ltr' id='par_1_133' title="bbox 2020 4273 3594 4344">
     <span class='ocr_line' id='line_1_135' title="bbox 2020 4273 3594 4344; baseline 0 -18"><span class='ocrx_word' id='word_1_1022' title='bbox 2020 4273 2214 4326; x_wconf 84' lang='lat' dir='ltr'><strong><em>mentis</em></strong></span> <span class='ocrx_word' id='word_1_1023' title='bbox 2262 4273 2630 4343; x_wconf 77' lang='lat' dir='ltr'><strong><em>Pyt&#39;asatidis:</em></strong></span> <span class='ocrx_word' id='word_1_1024' title='bbox 2670 4275 2918 4328; x_wconf 77' lang='lat' dir='ltr'><strong><em>exstabat</em></strong></span> <span class='ocrx_word' id='word_1_1025' title='bbox 2963 4286 3117 4327; x_wconf 87' lang='lat' dir='ltr'><strong><em>antea</em></strong></span> <span class='ocrx_word' id='word_1_1026' title='bbox 3171 4273 3496 4344; x_wconf 79' lang='lat' dir='ltr'><strong><em>Parysatidis</em></strong></span> <span class='ocrx_word' id='word_1_1027' title='bbox 3542 4275 3594 4326; x_wconf 87' lang='lat' dir='ltr'><strong><em>itt</em></strong></span> 
     </span>
    </p>
   </div>
   <div class='ocr_carea' id='block_1_134' title="bbox 2020 4343 3600 4414">
    <p class='ocr_par' dir='ltr' id='par_1_134' title="bbox 2020 4343 3600 4414">
     <span class='ocr_line' id='line_1_136' title="bbox 2020 4343 3600 4414; baseline 0.001 -17"><span class='ocrx_word' id='word_1_1028' title='bbox 2020 4345 2270 4414; x_wconf 70' lang='lat' dir='ltr'><strong><em>tulgatis,</em></strong></span> <span class='ocrx_word' id='word_1_1029' title='bbox 2303 4355 2354 4397; x_wconf 86' lang='lat' dir='ltr'><strong><em>et</em></strong></span> <span class='ocrx_word' id='word_1_1030' title='bbox 2393 4345 2534 4412; x_wconf 87' lang='lat' dir='ltr'><strong><em>apud</em></strong></span> <span class='ocrx_word' id='word_1_1031' title='bbox 2566 4345 2817 4408; x_wconf 90' lang='lat' dir='ltr'><strong><em>llieron.,</em></strong></span> <span class='ocrx_word' id='word_1_1032' title='bbox 2859 4345 3055 4400; x_wconf 89' lang='lat' dir='ltr'><strong><em>Bedam</em></strong></span> <span class='ocrx_word' id='word_1_1033' title='bbox 3078 4387 3092 4411; x_wconf 96' lang='lat'><strong><em>,</em></strong></span> <span class='ocrx_word' id='word_1_1034' title='bbox 3118 4343 3423 4403; x_wconf 71' lang='lat' dir='ltr'><strong><em>Justitiam.</em></strong></span> <span class='ocrx_word' id='word_1_1035' title='bbox 3457 4343 3600 4399; x_wconf 84' lang='lat' dir='ltr'><strong><em>Oro-</em></strong></span> 
     </span>
    </p>
   </div>
   <div class='ocr_carea' id='block_1_135' title="bbox 2019 4415 3602 4484">
    <p class='ocr_par' dir='ltr' id='par_1_135' title="bbox 2019 4415 3602 4484">
     <span class='ocr_line' id='line_1_137' title="bbox 2019 4415 3602 4484; baseline -0.001 -14"><span class='ocrx_word' id='word_1_1036' title='bbox 2019 4416 2191 4484; x_wconf 86' lang='lat' dir='ltr'><strong><em>sintn,</em></strong></span> <span class='ocrx_word' id='word_1_1037' title='bbox 2237 4426 2287 4469; x_wconf 90' lang='lat' dir='ltr'><strong><em>et</em></strong></span> <span class='ocrx_word' id='word_1_1038' title='bbox 2320 4416 2372 4469; x_wconf 89' lang='lat' dir='ltr'><strong><em>in</em></strong></span> <span class='ocrx_word' id='word_1_1039' title='bbox 2405 4417 2524 4470; x_wconf 89' lang='lat' dir='ltr'><strong><em>aliis</em></strong></span> <span class='ocrx_word' id='word_1_1040' title='bbox 2555 4432 2719 4482; x_wconf 87' lang='lat' dir='ltr'><strong><em>mss.,</em></strong></span> <span class='ocrx_word' id='word_1_1041' title='bbox 2763 4418 2855 4470; x_wconf 88' lang='lat' dir='ltr'><strong><em>sed</em></strong></span> <span class='ocrx_word' id='word_1_1042' title='bbox 2891 4417 2944 4471; x_wconf 92' lang='lat' dir='ltr'><strong><em>in</em></strong></span> <span class='ocrx_word' id='word_1_1043' title='bbox 2974 4419 3124 4472; x_wconf 85' lang='lat' dir='ltr'><strong><em>vocis</em></strong></span> <span class='ocrx_word' id='word_1_1044' title='bbox 3166 4415 3371 4471; x_wconf 62' lang='lat' dir='ltr'><strong><em>Graeca:</em></strong></span> <span class='ocrx_word' id='word_1_1045' title='bbox 3415 4416 3602 4469; x_wconf 87' lang='lat' dir='ltr'><strong><em>ortho-</em></strong></span> 
     </span>
    </p>
   </div>
   <div class='ocr_carea' id='block_1_136' title="bbox 2019 4487 3601 4557">
    <p class='ocr_par' dir='ltr' id='par_1_136' title="bbox 2019 4487 3601 4557">
     <span class='ocr_line' id='line_1_138' title="bbox 2019 4487 3601 4557; baseline 0.001 -19"><span class='ocrx_word' id='word_1_1046' title='bbox 2019 4487 2244 4556; x_wconf 66' lang='lat' dir='ltr'><strong><em>graphin</em></strong></span> <span class='ocrx_word' id='word_1_1047' title='bbox 2271 4487 2488 4542; x_wconf 63' lang='lat' dir='ltr'><strong><em>Graecos</em></strong></span> <span class='ocrx_word' id='word_1_1048' title='bbox 2518 4489 2698 4556; x_wconf 81' lang='lat' dir='ltr'><strong><em>patius</em></strong></span> <span class='ocrx_word' id='word_1_1049' title='bbox 2729 4504 2887 4557; x_wconf 87' lang='lat' dir='ltr'><strong><em>quam</em></strong></span> <span class='ocrx_word' id='word_1_1050' title='bbox 2915 4487 3138 4543; x_wconf 87' lang='lat' dir='ltr'><strong><em>Latinos</em></strong></span> <span class='ocrx_word' id='word_1_1051' title='bbox 3168 4487 3475 4556; x_wconf 89' lang='lat' dir='ltr'><strong><em>sequendos</em></strong></span> <span class='ocrx_word' id='word_1_1052' title='bbox 3505 4502 3601 4540; x_wconf 89' lang='lat' dir='ltr'><strong><em>ne-</em></strong></span> 
     </span>
    </p>
   </div>
   <div class='ocr_carea' id='block_1_137' title="bbox 2023 4557 3605 4630">
    <p class='ocr_par' dir='ltr' id='par_1_137' title="bbox 2023 4557 3605 4630">
     <span class='ocr_line' id='line_1_139' title="bbox 2023 4557 3605 4630; baseline 0 -19"><span class='ocrx_word' id='word_1_1053' title='bbox 2023 4574 2111 4630; x_wconf 87' lang='lat' dir='ltr'><strong><em>tuo</em></strong></span> <span class='ocrx_word' id='word_1_1054' title='bbox 2157 4559 2384 4612; x_wconf 87' lang='lat' dir='ltr'><strong><em>dubitat.</em></strong></span> <span class='ocrx_word' id='word_1_1055' title='bbox 2419 4559 2573 4627; x_wconf 90' lang='lat' dir='ltr'><strong><em>Apud</em></strong></span> <span class='ocrx_word' id='word_1_1056' title='bbox 2613 4558 2886 4614; x_wconf 63' lang='lat' dir='ltr'><strong><em>Aidanum</em></strong></span> <span class='ocrx_word' id='word_1_1057' title='bbox 2931 4560 3029 4615; x_wconf 88' lang='lat' dir='ltr'><strong><em>lib.</em></strong></span> <span class='ocrx_word' id='word_1_1058' title='bbox 3062 4575 3139 4614; x_wconf 85' lang='lat' dir='ltr'><strong><em>xu</em></strong></span> <span class='ocrx_word' id='word_1_1059' title='bbox 3179 4561 3298 4630; x_wconf 80' lang='lat' dir='ltr'><strong><em>lego</em></strong></span> <span class='ocrx_word' id='word_1_1060' title='bbox 3331 4557 3605 4613; x_wconf 81' lang='lat' dir='ltr'><strong><em>Parasati-</em></strong></span> 
     </span>
    </p>
   </div>
   <div class='ocr_carea' id='block_1_138' title="bbox 2024 4628 2889 4697">
    <p class='ocr_par' dir='ltr' id='par_1_138' title="bbox 2024 4628 2889 4697">
     <span class='ocr_line' id='line_1_140' title="bbox 2024 4628 2889 4697; baseline -0.001 -15"><span class='ocrx_word' id='word_1_1061' title='bbox 2024 4628 2136 4693; x_wconf 82' lang='lat' dir='ltr'><strong><em>dis;</em></strong></span> <span class='ocrx_word' id='word_1_1062' title='bbox 2179 4630 2316 4697; x_wconf 84' lang='lat' dir='ltr'><strong><em>apud</em></strong></span> <span class='ocrx_word' id='word_1_1063' title='bbox 2349 4630 2480 4684; x_wconf 83' lang='lat' dir='ltr'><strong><em>Mar.</em></strong></span> <span class='ocrx_word' id='word_1_1064' title='bbox 2528 4631 2889 4685; x_wconf 81' lang='lat' dir='ltr'><strong><em>desideratur.</em></strong></span> 
     </span>
    </p>
   </div>
   <div class='ocr_carea' id='block_1_139' title="bbox 2099 4699 3608 4772">
    <p class='ocr_par' dir='ltr' id='par_1_139' title="bbox 2099 4699 3608 4772">
     <span class='ocr_line' id='line_1_141' title="bbox 2099 4699 3608 4772; baseline 0.001 -18"><span class='ocrx_word' id='word_1_1065' title='bbox 2099 4700 2248 4770; x_wconf 73' lang='grc'>(159,</span> <span class='ocrx_word' id='word_1_1066' title='bbox 2279 4701 2384 4772; x_wconf 89' lang='grc' dir='ltr'>ιιι.)</span> <span class='ocrx_word' id='word_1_1067' title='bbox 2420 4699 2762 4755; x_wconf 77' lang='lat' dir='ltr'><strong><em>Macedonum</em></strong></span> <span class='ocrx_word' id='word_1_1068' title='bbox 2791 4701 2916 4767; x_wconf 81' lang='lat' dir='ltr'><strong><em>XV,</em></strong></span> <span class='ocrx_word' id='word_1_1069' title='bbox 2947 4705 3194 4772; x_wconf 84' lang='lat' dir='ltr'><strong><em>Amyntas</em></strong></span> <span class='ocrx_word' id='word_1_1070' title='bbox 3231 4719 3322 4755; x_wconf 90' lang='lat' dir='ltr'><strong><em>an.</em></strong></span> <span class='ocrx_word' id='word_1_1071' title='bbox 3354 4701 3402 4753; x_wconf 90' lang='grc'>1.</span> <span class='ocrx_word' id='word_1_1072' title='bbox 3437 4699 3608 4755; x_wconf 76' lang='lat' dir='ltr'><strong><em>Fcede</em></strong></span> 
     </span>
    </p>
   </div>
   <div class='ocr_carea' id='block_1_140' title="bbox 2026 4772 3608 4844">
    <p class='ocr_par' dir='ltr' id='par_1_140' title="bbox 2026 4772 3608 4844">
     <span class='ocr_line' id='line_1_142' title="bbox 2026 4772 3608 4844; baseline 0.001 -20"><span class='ocrx_word' id='word_1_1073' title='bbox 2026 4772 2189 4844; x_wconf 72' lang='lat' dir='ltr'><strong><em>nimis</em></strong></span> <span class='ocrx_word' id='word_1_1074' title='bbox 2219 4788 2364 4839; x_wconf 82' lang='lat' dir='ltr'><strong><em>prius</em></strong></span> <span class='ocrx_word' id='word_1_1075' title='bbox 2397 4787 2492 4842; x_wconf 89' lang='lat' dir='ltr'><strong><em>pro</em></strong></span> <span class='ocrx_word' id='word_1_1076' title='bbox 2518 4775 2766 4843; x_wconf 85' lang='lat' dir='ltr'><strong><em>Amyntas</em></strong></span> <span class='ocrx_word' id='word_1_1077' title='bbox 2789 4775 2974 4828; x_wconf 81' lang='lat' dir='ltr'><strong><em>nescio</em></strong></span> <span class='ocrx_word' id='word_1_1078' title='bbox 2999 4788 3105 4844; x_wconf 87' lang='lat' dir='ltr'><strong><em>quo</em></strong></span> <span class='ocrx_word' id='word_1_1079' title='bbox 3129 4783 3293 4844; x_wconf 9' lang='lat' dir='ltr'><strong><em>pacto,</em></strong></span> <span class='ocrx_word' id='word_1_1080' title='bbox 3313 4775 3608 4844; x_wconf 72' lang='lat' dir='ltr'><strong><em>irrepserat</em></strong></span> 
     </span>
    </p>
   </div>
   <div class='ocr_carea' id='block_1_141' title="bbox 2033 4841 3607 4908">
    <p class='ocr_par' dir='ltr' id='par_1_141' title="bbox 2033 4841 3607 4908">
     <span class='ocr_line' id='line_1_143' title="bbox 2033 4841 3607 4908; baseline 0.001 -13"><span class='ocrx_word' id='word_1_1081' title='bbox 2033 4841 2346 4907; x_wconf 84' lang='lat' dir='ltr'><strong><em>Pausanias,</em></strong></span> <span class='ocrx_word' id='word_1_1082' title='bbox 2374 4841 2469 4898; x_wconf 83' lang='lat' dir='ltr'><strong><em>sed</em></strong></span> <span class='ocrx_word' id='word_1_1083' title='bbox 2500 4841 2673 4898; x_wconf 80' lang='lat' dir='ltr'><strong><em>satius</em></strong></span> <span class='ocrx_word' id='word_1_1084' title='bbox 2711 4846 2884 4898; x_wconf 82' lang='lat' dir='ltr'><strong><em>visunt</em></strong></span> <span class='ocrx_word' id='word_1_1085' title='bbox 2923 4841 3243 4900; x_wconf 45' lang='lat' dir='ltr'><strong><em>est&#39;imitari</em></strong></span> <span class='ocrx_word' id='word_1_1086' title='bbox 3273 4843 3361 4900; x_wconf 83' lang='lat' dir='ltr'><strong><em>A..</em></strong></span> <span class='ocrx_word' id='word_1_1087' title='bbox 3394 4844 3490 4904; x_wconf 70' lang='grc' dir='ltr'><strong><em>Μ..</em></strong></span> <span class='ocrx_word' id='word_1_1088' title='bbox 3517 4843 3607 4908; x_wconf 84' lang='grc' dir='ltr'><strong><em>Ρ.,</em></strong></span> 
     </span>
    </p>
   </div>
   <div class='ocr_carea' id='block_1_142' title="bbox 2027 4914 3614 4983">
    <p class='ocr_par' dir='ltr' id='par_1_142' title="bbox 2027 4914 3614 4983">
     <span class='ocr_line' id='line_1_144' title="bbox 2027 4914 3614 4983; baseline -0.001 -14"><span class='ocrx_word' id='word_1_1089' title='bbox 2027 4914 2116 4982; x_wconf 91' lang='lat' dir='ltr'><strong><em>L.,</em></strong></span> <span class='ocrx_word' id='word_1_1090' title='bbox 2142 4916 2231 4979; x_wconf 87' lang='lat'><strong><em>0.,</em></strong></span> <span class='ocrx_word' id='word_1_1091' title='bbox 2259 4914 2418 4981; x_wconf 84' lang='lat' dir='ltr'><strong><em>Fux.,</em></strong></span> <span class='ocrx_word' id='word_1_1092' title='bbox 2445 4914 2554 4979; x_wconf 85' lang='lat' dir='ltr'><strong><em>Vi.,</em></strong></span> <span class='ocrx_word' id='word_1_1093' title='bbox 2582 4916 2756 4975; x_wconf 76' lang='lat' dir='ltr'><strong><em>Peta.,</em></strong></span> <span class='ocrx_word' id='word_1_1094' title='bbox 2781 4916 2928 4979; x_wconf 89' lang='lat' dir='ltr'><strong><em>Fre.,</em></strong></span> <span class='ocrx_word' id='word_1_1095' title='bbox 2961 4916 3011 4968; x_wconf 92' lang='lat' dir='ltr'><strong><em>in</em></strong></span> <span class='ocrx_word' id='word_1_1096' title='bbox 3045 4915 3241 4983; x_wconf 87' lang='lat' dir='ltr'><strong><em>quibus</em></strong></span> <span class='ocrx_word' id='word_1_1097' title='bbox 3274 4915 3374 4967; x_wconf 90' lang='lat' dir='ltr'><strong><em>hoc</em></strong></span> <span class='ocrx_word' id='word_1_1098' title='bbox 3406 4915 3528 4968; x_wconf 82' lang='lat' dir='ltr'><strong><em>loco</em></strong></span> <span class='ocrx_word' id='word_1_1099' title='bbox 3558 4925 3614 4968; x_wconf 81' lang='lat' dir='ltr'><strong><em>et</em></strong></span> 
     </span>
    </p>
   </div>
   <div class='ocr_carea' id='block_1_143' title="bbox 2031 4985 3609 5054">
    <p class='ocr_par' dir='ltr' id='par_1_143' title="bbox 2031 4985 3609 5054">
     <span class='ocr_line' id='line_1_145' title="bbox 2031 4985 3609 5054; baseline -0.001 -15"><span class='ocrx_word' id='word_1_1100' title='bbox 2031 4986 2114 5039; x_wconf 88' lang='lat' dir='ltr'><strong><em>bis</em></strong></span> <span class='ocrx_word' id='word_1_1101' title='bbox 2145 4986 2198 5039; x_wconf 93' lang='lat' dir='ltr'><strong><em>in</em></strong></span> <span class='ocrx_word' id='word_1_1102' title='bbox 2232 4985 2578 5054; x_wconf 80' lang='lat' dir='ltr'><strong><em>sequentibus</em></strong></span> <span class='ocrx_word' id='word_1_1103' title='bbox 2613 4987 2903 5041; x_wconf 88' lang='lat' dir='ltr'><strong><em>exhibetur</em></strong></span> <span class='ocrx_word' id='word_1_1104' title='bbox 2951 5001 3171 5054; x_wconf 72' lang='lat' dir='ltr'><strong><em>regnum</em></strong></span> <span class='ocrx_word' id='word_1_1105' title='bbox 3204 4987 3460 5054; x_wconf 62' lang='lat' dir='ltr'><strong><em>Amyntae.</em></strong></span> <span class='ocrx_word' id='word_1_1106' title='bbox 3489 4985 3609 5038; x_wconf 86' lang='lat' dir='ltr'><strong><em>Ali-</em></strong></span> 
     </span>
    </p>
   </div>
   <div class='ocr_carea' id='block_1_144' title="bbox 2031 5055 3608 5126">
    <p class='ocr_par' dir='ltr' id='par_1_144' title="bbox 2031 5055 3608 5126">
     <span class='ocr_line' id='line_1_146' title="bbox 2031 5055 3608 5126; baseline 0.003 -19"><span class='ocrx_word' id='word_1_1107' title='bbox 2031 5059 2244 5126; x_wconf 88' lang='lat' dir='ltr'><strong><em>quoties</em></strong></span> <span class='ocrx_word' id='word_1_1108' title='bbox 2291 5061 2434 5111; x_wconf 90' lang='lat' dir='ltr'><strong><em>enim</em></strong></span> <span class='ocrx_word' id='word_1_1109' title='bbox 2483 5060 2768 5126; x_wconf 83' lang='lat' dir='ltr'><strong><em>expulsum</em></strong></span> <span class='ocrx_word' id='word_1_1110' title='bbox 2813 5057 2978 5111; x_wconf 82' lang='lat' dir='ltr'><strong><em>luisse</em></strong></span> <span class='ocrx_word' id='word_1_1111' title='bbox 3025 5065 3237 5111; x_wconf 89' lang='lat' dir='ltr'><strong><em>constat</em></strong></span> <span class='ocrx_word' id='word_1_1112' title='bbox 3272 5073 3334 5109; x_wconf 78' lang='lat' dir='ltr'><strong><em>ex</em></strong></span> <span class='ocrx_word' id='word_1_1113' title='bbox 3372 5055 3608 5126; x_wconf 87' lang='lat' dir='ltr'><strong><em>Diodoro</em></strong></span> 
     </span>
    </p>
   </div>
   <div class='ocr_carea' id='block_1_145' title="bbox 2032 5125 3613 5197">
    <p class='ocr_par' dir='ltr' id='par_1_145' title="bbox 2032 5125 3613 5197">
     <span class='ocr_line' id='line_1_147' title="bbox 2032 5125 3613 5197; baseline -0.001 -15"><span class='ocrx_word' id='word_1_1114' title='bbox 2032 5125 2129 5182; x_wconf 84' lang='lat' dir='ltr'><strong><em>lib.</em></strong></span> <span class='ocrx_word' id='word_1_1115' title='bbox 2163 5143 2274 5188; x_wconf 82' lang='lat' dir='ltr'><strong><em>xrv,</em></strong></span> <span class='ocrx_word' id='word_1_1116' title='bbox 2309 5130 2470 5197; x_wconf 89' lang='lat' dir='ltr'><strong><em>inque</em></strong></span> <span class='ocrx_word' id='word_1_1117' title='bbox 2507 5129 2623 5195; x_wconf 91' lang='lat' dir='ltr'><strong><em>ejus</em></strong></span> <span class='ocrx_word' id='word_1_1118' title='bbox 2663 5129 2836 5182; x_wconf 91' lang='lat' dir='ltr'><strong><em>locum</em></strong></span> <span class='ocrx_word' id='word_1_1119' title='bbox 2879 5129 3014 5181; x_wconf 90' lang='lat' dir='ltr'><strong><em>alios</em></strong></span> <span class='ocrx_word' id='word_1_1120' title='bbox 3054 5129 3389 5195; x_wconf 71' lang='lat' dir='ltr'><strong><em>subrogatus.</em></strong></span> <span class='ocrx_word' id='word_1_1121' title='bbox 3437 5125 3613 5181; x_wconf 65' lang='lat' dir='ltr'><strong><em>Caete-</em></strong></span> 
     </span>
    </p>
   </div>
   <div class='ocr_carea' id='block_1_146' title="bbox 2034 5199 3608 5270">
    <p class='ocr_par' dir='ltr' id='par_1_146' title="bbox 2034 5199 3608 5270">
     <span class='ocr_line' id='line_1_148' title="bbox 2034 5199 3608 5270; baseline 0 -18"><span class='ocrx_word' id='word_1_1122' title='bbox 2034 5214 2154 5252; x_wconf 91' lang='lat' dir='ltr'><strong><em>rum</em></strong></span> <span class='ocrx_word' id='word_1_1123' title='bbox 2183 5200 2453 5270; x_wconf 75' lang='lat' dir='ltr'><strong><em>noluimus</em></strong></span> <span class='ocrx_word' id='word_1_1124' title='bbox 2478 5208 2686 5253; x_wconf 89' lang='lat' dir='ltr'><strong><em>mutare</em></strong></span> <span class='ocrx_word' id='word_1_1125' title='bbox 2706 5199 3145 5268; x_wconf 59' lang='lat' dir='ltr'><strong><em>orthouraphiam</em></strong></span> <span class='ocrx_word' id='word_1_1126' title='bbox 3166 5199 3318 5253; x_wconf 80' lang='lat' dir='ltr'><strong><em>vocis</em></strong></span> <span class='ocrx_word' id='word_1_1127' title='bbox 3340 5201 3608 5270; x_wconf 87' lang='lat' dir='ltr'><strong><em>Amyntas,</em></strong></span> 
     </span>
    </p>
   </div>
   <div class='ocr_carea' id='block_1_147' title="bbox 2033 5268 3612 5337">
    <p class='ocr_par' dir='ltr' id='par_1_147' title="bbox 2033 5268 3612 5337">
     <span class='ocr_line' id='line_1_149' title="bbox 2033 5268 3612 5337; baseline -0.001 -13"><span class='ocrx_word' id='word_1_1128' title='bbox 2033 5270 2162 5324; x_wconf 89' lang='lat' dir='ltr'><strong><em>licet</em></strong></span> <span class='ocrx_word' id='word_1_1129' title='bbox 2191 5271 2241 5323; x_wconf 92' lang='lat' dir='ltr'><strong><em>in</em></strong></span> <span class='ocrx_word' id='word_1_1130' title='bbox 2267 5268 2388 5332; x_wconf 86' lang='lat' dir='ltr'><strong><em>Fa.,</em></strong></span> <span class='ocrx_word' id='word_1_1131' title='bbox 2417 5269 2576 5337; x_wconf 84' lang='lat' dir='ltr'><strong><em>Fux.,</em></strong></span> <span class='ocrx_word' id='word_1_1132' title='bbox 2601 5278 2656 5325; x_wconf 90' lang='lat' dir='ltr'><strong><em>et</em></strong></span> <span class='ocrx_word' id='word_1_1133' title='bbox 2677 5271 2797 5327; x_wconf 86' lang='lat' dir='ltr'><strong><em>l.o..</em></strong></span> <span class='ocrx_word' id='word_1_1134' title='bbox 2837 5272 2942 5336; x_wconf 81' lang='lat' dir='ltr'><strong><em>V&#39;i.,</em></strong></span> <span class='ocrx_word' id='word_1_1135' title='bbox 2974 5271 3241 5325; x_wconf 89' lang='lat' dir='ltr'><strong><em>scribatur</em></strong></span> <span class='ocrx_word' id='word_1_1136' title='bbox 3268 5286 3388 5324; x_wconf 85' lang='lat' dir='ltr'><strong><em>Clllll</em></strong></span> <span class='ocrx_word' id='word_1_1137' title='bbox 3419 5268 3456 5324; x_wconf 62' lang='lat' dir='ltr'><strong><em>il</em></strong></span> <span class='ocrx_word' id='word_1_1138' title='bbox 3487 5270 3612 5324; x_wconf 70' lang='lat' dir='ltr'><strong><em>Ca:-</em></strong></span> 
     </span>
    </p>
   </div>
   <div class='ocr_carea' id='block_1_148' title="bbox 2036 5341 3613 5413">
    <p class='ocr_par' dir='ltr' id='par_1_148' title="bbox 2036 5341 3613 5413">
     <span class='ocr_line' id='line_1_150' title="bbox 2036 5341 3613 5413; baseline 0 -17"><span class='ocrx_word' id='word_1_1139' title='bbox 2036 5343 2135 5396; x_wconf 87' lang='lat' dir='ltr'><strong><em>leri</em></strong></span> <span class='ocrx_word' id='word_1_1140' title='bbox 2163 5342 2308 5396; x_wconf 89' lang='lat' dir='ltr'><strong><em>enim</em></strong></span> <span class='ocrx_word' id='word_1_1141' title='bbox 2340 5341 2556 5397; x_wconf 86' lang='lat' dir='ltr'><strong><em>codices</em></strong></span> <span class='ocrx_word' id='word_1_1142' title='bbox 2584 5352 2638 5396; x_wconf 89' lang='lat' dir='ltr'><strong><em>et</em></strong></span> <span class='ocrx_word' id='word_1_1143' title='bbox 2659 5343 2813 5406; x_wconf 55' lang='lat' dir='ltr'><strong><em>Mala,</em></strong></span> <span class='ocrx_word' id='word_1_1144' title='bbox 2843 5345 3113 5411; x_wconf 78' lang='lat' dir='ltr'><strong><em>vulgatam</em></strong></span> <span class='ocrx_word' id='word_1_1145' title='bbox 3155 5343 3476 5413; x_wconf 87' lang='lat' dir='ltr'><strong><em>scripturam</em></strong></span> <span class='ocrx_word' id='word_1_1146' title='bbox 3515 5356 3613 5409; x_wconf 87' lang='lat' dir='ltr'><strong><em>per</em></strong></span> 
     </span>
    </p>
   </div>
   <div class='ocr_carea' id='block_1_149' title="bbox 2032 5413 3606 5484">
    <p class='ocr_par' dir='ltr' id='par_1_149' title="bbox 2032 5413 3606 5484">
     <span class='ocr_line' id='line_1_151' title="bbox 2032 5413 3606 5484; baseline -0.003 -15"><span class='ocrx_word' id='word_1_1147' title='bbox 2032 5431 2065 5484; x_wconf 82' lang='lat' dir='ltr'><em>y</em></span> <span class='ocrx_word' id='word_1_1148' title='bbox 2099 5423 2516 5481; x_wconf 85' lang='lat' dir='ltr'><strong><em>consectantur,</em></strong></span> <span class='ocrx_word' id='word_1_1149' title='bbox 2556 5423 2610 5467; x_wconf 92' lang='lat' dir='ltr'><strong><em>et</em></strong></span> <span class='ocrx_word' id='word_1_1150' title='bbox 2649 5413 2848 5468; x_wconf 87' lang='lat' dir='ltr'><strong><em>habent</em></strong></span> <span class='ocrx_word' id='word_1_1151' title='bbox 2899 5417 3256 5468; x_wconf 86' lang='lat' dir='ltr'><strong><em>assentientes</em></strong></span> <span class='ocrx_word' id='word_1_1152' title='bbox 3306 5414 3606 5478; x_wconf 82' lang='lat' dir='ltr'><strong><em>Velleium,</em></strong></span> 
     </span>
    </p>
   </div>
   <div class='ocr_carea' id='block_1_150' title="bbox 2035 5485 3614 5554">
    <p class='ocr_par' dir='ltr' id='par_1_150' title="bbox 2035 5485 3614 5554">
     <span class='ocr_line' id='line_1_152' title="bbox 2035 5485 3614 5554; baseline -0.001 -15"><span class='ocrx_word' id='word_1_1153' title='bbox 2035 5487 2352 5540; x_wconf 86' lang='lat' dir='ltr'><strong><em>Pausaniam</em></strong></span> <span class='ocrx_word' id='word_1_1154' title='bbox 2374 5527 2388 5550; x_wconf 95' lang='lat'><strong><em>,</em></strong></span> <span class='ocrx_word' id='word_1_1155' title='bbox 2423 5485 2752 5540; x_wconf 84' lang='lat' dir='ltr'><strong><em>Herodotum</em></strong></span> <span class='ocrx_word' id='word_1_1156' title='bbox 2781 5526 2798 5553; x_wconf 97' lang='lat'><strong><em>,</em></strong></span> <span class='ocrx_word' id='word_1_1157' title='bbox 2839 5486 3162 5554; x_wconf 84' lang='lat' dir='ltr'><strong><em>Diodorum,</em></strong></span> <span class='ocrx_word' id='word_1_1158' title='bbox 3201 5486 3522 5541; x_wconf 82' lang='lat' dir='ltr'><strong><em>Strabonem</em></strong></span> <span class='ocrx_word' id='word_1_1159' title='bbox 3557 5492 3614 5538; x_wconf 89' lang='lat' dir='ltr'><strong><em>et</em></strong></span> 
     </span>
    </p>
   </div>
   <div class='ocr_carea' id='block_1_151' title="bbox 2030 5557 2402 5623">
    <p class='ocr_par' dir='ltr' id='par_1_151' title="bbox 2030 5557 2402 5623">
     <span class='ocr_line' id='line_1_153' title="bbox 2030 5557 2402 5623; baseline -0.003 -12"><span class='ocrx_word' id='word_1_1160' title='bbox 2030 5558 2165 5611; x_wconf 89' lang='lat' dir='ltr'><strong><em>alios</em></strong></span> <span class='ocrx_word' id='word_1_1161' title='bbox 2203 5557 2402 5623; x_wconf 84' lang='lat' dir='ltr'><strong><em>plures.</em></strong></span> 
     </span>
    </p>
   </div>
   <div class='ocr_carea' id='block_1_152' title="bbox 2106 5625 3611 5700">
    <p class='ocr_par' dir='ltr' id='par_1_152' title="bbox 2106 5625 3611 5700">
     <span class='ocr_line' id='line_1_154' title="bbox 2106 5625 3611 5700; baseline 0 -21"><span class='ocrx_word' id='word_1_1162' title='bbox 2106 5627 2256 5697; x_wconf 70' lang='grc'><strong><em>(459,</em></strong></span> <span class='ocrx_word' id='word_1_1163' title='bbox 2290 5628 2389 5699; x_wconf 75' lang='lat' dir='ltr'><strong><em>tv.)</em></strong></span> <span class='ocrx_word' id='word_1_1164' title='bbox 2437 5625 2631 5681; x_wconf 81' lang='lat' dir='ltr'><em>XXIX</em></span> <span class='ocrx_word' id='word_1_1165' title='bbox 2661 5629 2903 5700; x_wconf 84' lang='lat' dir='ltr'><strong><em>dynastia</em></strong></span> <span class='ocrx_word' id='word_1_1166' title='bbox 2952 5628 3337 5700; x_wconf 56' lang='lat' dir='ltr'><strong><em>.&quot;Egyptiorum.</em></strong></span> <span class='ocrx_word' id='word_1_1167' title='bbox 3379 5627 3480 5680; x_wconf 88' lang='lat' dir='ltr'><strong><em>Pro</em></strong></span> 
     </span>
    </p>
   </div>
   <div class='ocr_carea' id='block_1_153' title="bbox 2036 5696 3618 5767">
    <p class='ocr_par' dir='ltr' id='par_1_153' title="bbox 2036 5696 3618 5767">
     <span class='ocr_line' id='line_1_155' title="bbox 2036 5696 3618 5767; baseline -0.003 -13"><span class='ocrx_word' id='word_1_1168' title='bbox 2036 5701 2088 5754; x_wconf 89' lang='lat' dir='ltr'><strong><em>in</em></strong></span> <span class='ocrx_word' id='word_1_1169' title='bbox 2115 5696 2179 5752; x_wconf 78' lang='grc' dir='ltr'><strong><em>Δ.</em></strong></span> <span class='ocrx_word' id='word_1_1170' title='bbox 2204 5741 2218 5764; x_wconf 90' lang='grc'><em>,</em></span> <span class='ocrx_word' id='word_1_1171' title='bbox 2256 5701 2314 5754; x_wconf 78' lang='grc' dir='ltr'>ι..</span> <span class='ocrx_word' id='word_1_1172' title='bbox 2343 5696 2450 5755; x_wconf 49' lang='grc' dir='ltr'><strong><em>(ν.</em></strong></span> <span class='ocrx_word' id='word_1_1173' title='bbox 2475 5743 2488 5762; x_wconf 85' lang='grc'><em>,</em></span> <span class='ocrx_word' id='word_1_1174' title='bbox 2513 5700 2576 5755; x_wconf 88' lang='lat'><strong><em>0.</em></strong></span> <span class='ocrx_word' id='word_1_1175' title='bbox 2597 5742 2613 5767; x_wconf 95' lang='lat'><strong><em>,</em></strong></span> <span class='ocrx_word' id='word_1_1176' title='bbox 2643 5696 2758 5761; x_wconf 64' lang='grc' dir='ltr'><strong><em>νεῖ..</em></strong></span> <span class='ocrx_word' id='word_1_1177' title='bbox 2796 5701 2881 5756; x_wconf 78' lang='lat' dir='ltr'><strong><em>Vi.</em></strong></span> <span class='ocrx_word' id='word_1_1178' title='bbox 2902 5743 2916 5767; x_wconf 95' lang='lat'><strong><em>,</em></strong></span> <span class='ocrx_word' id='word_1_1179' title='bbox 2944 5696 3078 5762; x_wconf 49' lang='lat' dir='ltr'><strong><em>Fa.,&#39;</em></strong></span> <span class='ocrx_word' id='word_1_1180' title='bbox 3104 5699 3264 5763; x_wconf 81' lang='lat' dir='ltr'><strong><em>Fux.,</em></strong></span> <span class='ocrx_word' id='word_1_1181' title='bbox 3297 5699 3472 5762; x_wconf 89' lang='lat' dir='ltr'><strong><em>Peta.,</em></strong></span> <span class='ocrx_word' id='word_1_1182' title='bbox 3510 5696 3618 5762; x_wconf 68' lang='grc' dir='ltr'><strong><em>υἱ..</em></strong></span> 
     </span>
    </p>
   </div>
   <div class='ocr_carea' id='block_1_154' title="bbox 2038 5768 3620 5840">
    <p class='ocr_par' dir='ltr' id='par_1_154' title="bbox 2038 5768 3620 5840">
     <span class='ocr_line' id='line_1_156' title="bbox 2038 5768 3620 5840; baseline -0.003 -13"><span class='ocrx_word' id='word_1_1183' title='bbox 2038 5772 2196 5837; x_wconf 64' lang='lat' dir='ltr'><strong><em>Man,</em></strong></span> <span class='ocrx_word' id='word_1_1184' title='bbox 2231 5772 2582 5827; x_wconf 86' lang='lat' dir='ltr'><strong><em>substituitur</em></strong></span> <span class='ocrx_word' id='word_1_1185' title='bbox 2607 5773 2707 5838; x_wconf 84' lang='lat' dir='ltr'><strong><em>t8;</em></strong></span> <span class='ocrx_word' id='word_1_1186' title='bbox 2742 5773 2834 5828; x_wconf 84' lang='lat' dir='ltr'><strong><em>sed</em></strong></span> <span class='ocrx_word' id='word_1_1187' title='bbox 2871 5788 2990 5826; x_wconf 90' lang='lat' dir='ltr'><strong><em>cum</em></strong></span> <span class='ocrx_word' id='word_1_1188' title='bbox 3025 5771 3421 5840; x_wconf 66' lang='lat' dir='ltr'><strong><em>praecedentem</em></strong></span> <span class='ocrx_word' id='word_1_1189' title='bbox 3449 5768 3620 5839; x_wconf 86' lang='lat' dir='ltr'><strong><em>dyna—</em></strong></span> 
     </span>
    </p>
   </div>
   <div class='ocr_carea' id='block_1_155' title="bbox 2039 5840 3624 5906">
    <p class='ocr_par' dir='ltr' id='par_1_155' title="bbox 2039 5840 3624 5906">
     <span class='ocr_line' id='line_1_157' title="bbox 2039 5840 3624 5906; baseline -0.004 -9"><span class='ocrx_word' id='word_1_1190' title='bbox 2039 5845 2199 5897; x_wconf 87' lang='lat' dir='ltr'><strong><em>stiatn</em></strong></span> <span class='ocrx_word' id='word_1_1191' title='bbox 2234 5843 2532 5898; x_wconf 79' lang='lat' dir='ltr'><strong><em>dixerimus</em></strong></span> <span class='ocrx_word' id='word_1_1192' title='bbox 2553 5843 2625 5898; x_wconf 71' lang='grc'>28</span> <span class='ocrx_word' id='word_1_1193' title='bbox 2644 5885 2657 5906; x_wconf 89' lang='grc'><em>,</em></span> <span class='ocrx_word' id='word_1_1194' title='bbox 2686 5844 2803 5898; x_wconf 71' lang='grc' dir='ltr'>ὶιιυο</span> <span class='ocrx_word' id='word_1_1195' title='bbox 2834 5844 3028 5898; x_wconf 91' lang='lat' dir='ltr'><strong><em>merito</em></strong></span> <span class='ocrx_word' id='word_1_1196' title='bbox 3053 5841 3330 5894; x_wconf 79' lang='lat' dir='ltr'><strong><em>vocabitur</em></strong></span> <span class='ocrx_word' id='word_1_1197' title='bbox 3350 5840 3440 5892; x_wconf 73' lang='grc'><strong><em>29.</em></strong></span> <span class='ocrx_word' id='word_1_1198' title='bbox 3475 5840 3624 5892; x_wconf 80' lang='lat' dir='ltr'><strong><em>Prae-</em></strong></span> 
     </span>
    </p>
   </div>
   <div class='ocr_carea' id='block_1_156' title="bbox 2043 5911 3621 5988">
    <p class='ocr_par' dir='ltr' id='par_1_156' title="bbox 2043 5911 3621 5988">
     <span class='ocr_line' id='line_1_158' title="bbox 2043 5911 3621 5988; baseline -0.003 -19"><span class='ocrx_word' id='word_1_1199' title='bbox 2043 5926 2186 5970; x_wconf 73' lang='lat' dir='ltr'><strong><em>tcrca</em></strong></span> <span class='ocrx_word' id='word_1_1200' title='bbox 2223 5925 2344 5986; x_wconf 80' lang='lat' dir='ltr'><strong><em>post</em></strong></span> <span class='ocrx_word' id='word_1_1201' title='bbox 2376 5930 2560 5970; x_wconf 79' lang='lat' dir='ltr'><strong><em>vocem</em></strong></span> <span class='ocrx_word' id='word_1_1202' title='bbox 2591 5915 2956 5988; x_wconf 49' lang='lat' dir='ltr'><strong><em>lllz‘gyptiorum</em></strong></span> <span class='ocrx_word' id='word_1_1203' title='bbox 2998 5913 3320 5968; x_wconf 65' lang='lat' dir='ltr'><strong><em>succedebat</em></strong></span> <span class='ocrx_word' id='word_1_1204' title='bbox 3363 5911 3491 5966; x_wconf 91' lang='lat' dir='ltr'><strong><em>olim</em></strong></span> <span class='ocrx_word' id='word_1_1205' title='bbox 3533 5928 3621 5966; x_wconf 89' lang='lat' dir='ltr'><strong><em>att.</em></strong></span> 
     </span>
    </p>
   </div>
  </div>
