4112 6414
270 318 379 376 9‘29

1201 315 1314 372 AR.
1358 313 1649 373 PONTACI
1690 314 2242 376 CASTICATIONES
2286 314 2376 376 ET
2415 317 2640 375 NOTIE.

3449 322 3554 380 950

273 445 485 491 veteres
529 435 931 492 membranacei
975 434 1152 499 Peta.,
1205 435 1366 501 Fux.,
1419 444 1473 489 et
1520 444 1720 502 praeter
1765 435 1863 490 hos
1890 440 1939 500 Α
1967 435 2103 505 quit,
2137 451 2199 489 ea:
2225 433 2347 489 Asia
2394 437 2451 489 in
2493 435 2710 489 Atticam
2743 430 3046 505 contendit:
3074 444 3180 502 qua
3208 429 3276 487 tle
3301 447 3361 490 re
3397 435 3550 504 plura

272 507 424 574 editi,
454 523 686 574 cumque
707 508 829 573 L0.,
862 508 982 573 Fa.,
1018 511 1288 563 locassent
1309 508 1376 560 ad
1403 521 1491 559 an.
1525 507 1589 573 9;
1628 506 1735 574 Vi.,
1769 507 1854 571 0.,

270 580 337 634 ad
370 598 458 633 an.
493 582 582 643 11,
618 581 696 633 Pi.
727 581 792 633 ad
825 595 914 634 an.
947 579 1031 636 12.
1066 579 1332 632 Diodorus
1376 577 1414 630 Ι.
1456 592 1563 631 xvtt
1604 579 1856 632 Convenit

272 653 325 705 in
355 666 498 704 anno
519 652 553 705 2
581 653 786 720 olymp.
813 651 942 714 “5;
977 651 1070 706 sed
1096 649 1280 704 dill'ert
1305 665 1413 703 uno
1444 664 1588 720 anno
1619 649 1672 703 itt
1700 651 1858 704 annis

265 723 577 785 Alexandri,
607 719 982 777 cumcollocet
1005 721 1070 775 ad
1094 738 1181 775 an.
1209 723 1260 775 9.
1288 720 1395 776 Sed
1421 719 1543 788 quia
1568 720 1713 774 addit
1742 721 1858 775 haec

265 796 556 861 contigisse
595 809 740 849 cess.
775 793 1026 848 Cornelio
1065 801 1120 848 et
1158 791 1498 857 Posthnmio,
1544 807 1677 859 quos
1711 791 1856 846 FaSti

262 864 529 934 Onuplirii
568 868 902 921 constituunt
943 867 1008 919 ad
1053 880 1141 918 an.
1179 865 1214 916 2
1254 863 1458 933 olymp.
1513 864 1645 929 115,
1691 867 1854 918 etiam

264 937 367 990 hoc
401 948 558 1006 pacto
588 937 832 992 decimus
861 935 1154 991 Alexandri
1182 936 1386 1004 Optime
1423 936 1700 989 concurrit
1728 951 1852 990 cum

261 1007 358 1063 illo
386 1009 420 1062 ‘3
445 1009 644 1080 olymp.
671 1009 793 1063 115.

337 1075 521 1150 (lbid.)
549 1079 800 1136 Taxillcu.
833 1077 1137 1142 A.rilentV.,
1158 1075 1423 1150 Vat,,Pi.,
1449 1077 1651 1150 omissa
1675 1076 1854 1150 littera

262 1149 328 1204 Τ.
361 1147 659 1206 Ειιιιιθιιὶιιι
686 1168 806 1206 cum
834 1151 1066 1220 imperiti
1101 1148 1307 1204 librarii
1333 1147 1627 1206 crederent
1657 1148 1852 1217 abrep-

266 1233 376 1277 tam
400 1239 428 1277 a
455 1224 780 1292 praecedenti
799 1225 986 1277 vocula
1010 1232 1082 1285 et,
1105 1221 1466 1292 omittendam
1482 1220 1851 1292 crediderunt;

268 1289 501 1348 Taxilein
541 1297 626 1354 0..
669 1296 780 1358 Vi.,
829 1295 1006 1360 Peta.,
1047 1292 1166 1355 L0.,
1214 1291 1380 1355 Man;
1425 1289 1668 1343 Taxilum
1706 1291 1798 1344 Va.
1839 1309 1850 1345 :

262 1379 554 1437 utrumque
573 1367 772 1421 dicitur
799 1364 1117 1437 Taxillenet
1144 1362 1398 1437 Taxilte'm
1426 1377 1595 1437 perm
1624 1362 1707 1437 vel
1734 1379 1766 1414 n
1797 1363 1851 1418 in

264 1439 404 1500 fine,
435 1433 486 1492 ei
523 1453 616 1506 per
653 1439 884 1506 simplex
917 1437 1002 1490 vel
1032 1435 1228 1503 duplex
1275 1435 1314 1506 ll
1363 1449 1380 1484 :
1427 1433 1641 1506 Arrian.
1697 1434 1732 1486 Ι.
1777 1449 1849 1498 tv,

262 1507 484 1564 Curtius
512 1503 546 1562 l‘.
581 1525 654 1570 tx,
686 1521 739 1563 et
764 1503 878 1575 alii,
915 1523 1008 1577 per
1037 1509 1252 1577 unicum
1286 1504 1322 1570 ι,
1357 1503 1482 1573 quia
1514 1503 1681 1558 etiam
1708 1507 1850 1574 apud

261 1579 388 1634 Fre.
423 1581 584 1635 modo
610 1581 826 1644 Axilles,
859 1575 1018 1634 modo
1046 1575 1298 1631 Taxillcs.

335 1651 485 1722 (17ῐὶ,
518 1652 603 1723 ιι.)
638 1651 869 1723 ίΕθυριο
897 1652 1117 1723 primus,
1154 1663 1258 1702 etc.
1294 1646 1483 1723 Parius
1519 1654 1575 1700 et
1615 1645 1798 1723 verius
1821 1663 1848 1701 a

260 1717 420 1778 nobis
448 1717 963 1793 restitutttm','qnatn
993 1721 1037 1774 si
1065 1733 1308 1774 veterum
1333 1719 1638 1793 editiontntt
1659 1717 1849 1793 lectio-

261 1810 409 1859 nem,
431 1796 690 1850 velctiam
717 1787 850 1849 Fux'.
873 1804 926 1848 et
945 1793 1078 1846 .‘tlar.
1107 1805 1419 1860 sequamur,
1448 1788 1536 1842 tibi
1567 1787 1851 1859 .Egyptio—

259 1883 376 1919 rum
409 1869 603 1931 primus
633 1869 861 1935 regnavit
890 1864 1226 1935 Ptolentarus.
1256 1861 1437 1929 Neque
1461 1861 1606 1935 enim
1642 1863 1849 1935 primus

258 1954 325 1992 ex
352 1935 644 2009 x‘Egy‘ptiis,
665 1933 786 1992 cum
813 1953 986 2009 neque
1013 1934 1302 2009 Aﬂgyptius
1336 1933 1517 1996 fuerit,
1545 1946 1718 2009 neque
1740 1933 1850 2009 pri-

260 2025 383 2062 nttts
402 2001 516 2074 rex,
542 2025 662 2063 cum
691 2010 870 2077 plures
901 2001 1261 2073 liabuert—tqui
1285 2014 1406 2056 ante
1434 2019 1557 2077 eum
1583 2001 1851 2072 {Egyptiis

259 2083 600 2149 imperarint,
627 2074 770 2134 sicut
793 2081 1030 2134 indicant
1051 2077 1310 2149 dyttistite
1329 2074 1662 2149 superiores.
1686 2082 1850 2149 Acce-

259 2144 642 2206 dit-auctoritas
656 2151 779 2211 L0.,
797 2144 1154 2217 l'cta.,\’i.,'t).
1172 2189 1186 2209 ,
1209 2148 1350 2210 Pi.,a
1367 2146 1557 2215 quibus
1575 2144 1851 2200 hausimus

257 2223 382 2286 ista;
400 2223 450 2277 in
467 2223 557 2276 Fa.
576 2225 892 2277 circumcisa
910 2229 1103 2276 estvox
1120 2218 1372 2288 .-Eggpt.;
1394 2236 1441 2270 ιιι
1460 2218 1536 2270 l'i.
1555 2226 1731 2288 autem
1751 2233 1848 2270 vox

259 2296 458 2360 primas
482 2295 842 2358 desideratur,
873 2309 976 2347 non
999 2303 1081 2344 est
1114 2286 1290 2360 tamen
1319 2297 1468 2342 extra
1497 2303 1631 2342 retu.
1667 2286 1851 2356 Neque

257 2359 404 2419 enim
436 2383 545 2432 prie
570 2382 628 2421 se
657 2366 761 2420 fert
787 2381 1026 2429 sensum,
1060 2362 1212 2432 quasi
1244 2359 1404 2414 fuerit
1432 2362 1636 2428 primus
1661 2362 1748 2432 qtti
1782 2375 1847 2414 ex

257 2431 530 2508 {Egyptiis
569 2438 635 2491 ad
678 2453 902 2507 regnum
944 2431 1277 2502 pervenerit,
1305 2446 1490 2508 neque
1531 2431 1849 2508 simpliciter

258 2502 470 2577 primus
490 2510 574 2577 qui
601 2502 869 2578 Egyptiis
901 2508 1198 2576 imperarit,
1223 2502 1317 2558 sed
1348 2505 1554 2578 primus
1585 2506 1724 2578 inter
1753 2517 1849 2556 cos

257 2574 354 2649 qui
383 2574 523 2633 inter
551 2595 609 2635 se
639 2574 929 2634 Alexandri
965 2574 1248 2646 imperium
1275 2574 1463 2649 partiti
1491 2583 1653 2649 sunt:
1689 2575 1759 2649 ita
1794 2581 1852 2626 ιιι

257 2645 379 2720 qum
403 2652 655 2705 dieuntitr
681 2652 748 2705 de
780 2645 1078 2705 Ptolemaeo
1102 2645 1682 2720 prmmittidebuerint,
1711 2646 1852 2720 sicut

259 2714 291 2776 ἑ
315 2723 474 2776 nobis
497 2733 580 2777 est
604 2723 926 2785 factitatum,
947 2730 1074 2775 ante
1097 2714 1158 2773 ea
1187 2733 1307 2787 qua:
1333 2719 1400 2769 de
1422 2716 1669 2784 Philippo
1697 2714 1850 2769 refe-

258 2806 476 2848 runtur.
506 2793 817 2860 Quinimmo
833 2796 876 2846 si
900 2795 1071 2860 major
1086 2790 1332 2843 codicum
1353 2801 1653 2841 consensus
1674 2796 1849 2860 atten-

259 2864 445 2927 datur,
476 2857 650 2920 series
683 2881 866 2934 regum
899 2857 1394 2934 Alexandrinorum
1428 2859 1646 2934 laevam,
1675 2857 1848 2912 Mace-

259 2937 465 2990 donum
521 2953 654 2992 vero
699 2930 978 2991 dexteram
1032 2944 1218 2988 tenete
1269 2930 1518 2985 deberet:
1575 2930 1666 2984 illa
1720 2945 1850 2984 vero

259 3005 501 3079 zEgypto
541 3010 756 3074 primus,
811 3018 944 3074 etc.,
989 3003 1323 3079 ad__seriem_
1357 3001 1847 3079 Alexandrinorum

263 3072 569 3134 revocanda
594 3072 878 3144 sinu—haec
902 3072 1030 3132 vero
1048 3072 1370 3130 Macedonia:
1395 3072 1690 3142 Philippus,
1714 3082 1846 3135 etc.,

259 3150 326 3204 ad
366 3152 673 3205 columnam
711 3149 1067 3206 Macedonum
1113 3147 1470 3213 disponantur
1505 3161 1517 3194 :
1557 3160 1674 3212 qua:
1715 3159 1844 3198 vero

1966 504 2106 574 apud
2150 506 2469 560 Pausaniam
2512 507 2547 560 l.
2593 522 2653 571 tt,
2702 504 2898 561 Justin.
2951 504 3046 561 lib.
3092 519 3206 567 stu,
3254 505 3550 562 Diodorum

1963 577 2059 634 lib.
2089 593 2222 641 xvtt,
2252 577 2525 632 Plutarch.
2554 578 2606 632 in
2641 576 3018 631 Dentesthene.
3054 575 3324 630 Hactenus
3344 577 3413 633 de
3439 596 3551 632 ma-

1961 651 2094 703 teria
2130 667 2142 702 :
2178 665 2321 705 nunc
2360 649 2427 703 de
2462 651 2581 703 loco
2608 665 2766 717 quem
2808 647 3080 700 diversum
3111 647 3378 704 obtinent.
3411 649 3545 705 Nam

1960 720 2014 774 in
2061 720 2146 784 0.,
2198 720 2303 785 γι,
2347 721 2411 773 ad
2457 736 2653 773 annum
2689 721 2720 771 9
2751 719 3074 782 Alexandri;
3115 720 3254 787 apud
3297 721 3433 776 Mar.
3478 722 3546 776 ad

1957 807 2046 845 an.
2080 793 2112 846 1
2145 791 2474 846 monarcbite
2516 791 2690 854 illius;
2735 791 2786 844 iit
2832 791 3004 856 Peta.,
3051 790 3183 843 Fux.
3219 799 3274 844 et
3311 797 3544 860 excusis,

1959 865 2025 915 ad
2056 879 2142 916 an.
2181 864 2266 927 ll;
2303 864 2360 917 in‘
2390 862 2505 926 Fa.,
2543 863 2669 926 L0.,
2709 863 2772 914 ad
2813 878 2903 914 an.
2946 861 3032 914 12.
3080 861 3348 917 Diodorus
3379 865 3549 921 refert

1958 935 2023 987 ad
2055 950 2142 988 an.
2175 939 2206 988 9
2238 933 2552 998 Alexandri,
2587 934 2840 1005 quiapud
2869 949 2989 987 cum
3019 942 3101 987 est
3124 930 3160 984 2
3181 934 3384 1005 olymp.
3420 937 3544 1004 115,

1957 1019 2078 1060 cum
2110 1005 2246 1074 apud
2272 1016 2546 1060 auctorem
2576 1003 2647 1059 sit
2667 1004 2700 1056 5
2722 1005 2961 1072 ejusdem
2985 1005 3185 1076 olymp.

2029 1077 2217 1147 (Ibid)
2253 1076 2471 1130 Romani
2504 1077 2764 1148 Samnites
2794 1076 3055 1148 subigunt,
3098 1085 3144 1148 et
3185 1075 3415 1132 colonias
3458 1080 3548 1133 dc-

1957 1147 2173 1220 ducunt.
2200 1146 2408 1203 Omnes
2433 1163 2560 1202 mss.
2593 1160 2645 1201 et
2677 1146 2810 1220 Mar.
2842 1146 3109 1220 reponunt
3133 1146 3272 1202 ltunc
3296 1165 3547 1220 paragra-

1960 1219 2120 1283 plnttn
2153 1220 2217 1274 ad
2250 1237 2338 1274 an.
2372 1221 2437 1274 12
2463 1219 2781 1284 Alexandri,
2809 1234 2906 1272 seu
2934 1217 2966 1269 4
2995 1217 3196 1288 olymp.
3234 1220 3334 1275 115
3365 1217 3546 1278 θιύπ-

1957 1289 2039 1344 bis
2066 1291 2194 1345 428.
2237 1292 2388 1359 Quod
2431 1291 2670 1359 pertinet
2697 1290 2763 1343 ad
2795 1291 3063 1345 Samnites
3095 1289 3366 1352 subactos.
3398 1293 3544 1348 Fasti

1955 1361 2245 1432 Capitolini
2289 1365 2629 1417 constituunt
2665 1359 3011 1432 triumphum
3043 1359 3253 1432 Papyrii
3295 1362 3544 1420 Cttrsoris

1955 1431 2024 1486 de
2070 1434 2400 1488 Samnitibus
2442 1449 2584 1487 anno
2630 1433 2766 1489 Urb.
2818 1433 2958 1499 429,
2993 1430 3178 1485 Livius
3226 1449 3369 1488 anno
3415 1435 3542 1492 450.

1955 1503 2110 1570 Quod
2154 1522 2284 1560 vero
2323 1514 2530 1574 spectat
2559 1505 2624 1558 ad
2656 1505 2929 1570 colonias,
2973 1503 3155 1574 Livius
3189 1507 3368 1571 prodit
3396 1510 3545 1561 colo-

1955 1589 2113 1648 ntant
2145 1573 2364 1630 missam
2404 1580 2592 1630 Anxur
2633 1592 2782 1648 anno
2809 1573 3112 1648 Urb:_4725,
3146 1584 3201 1628 et
3242 1576 3539 1648 Fregellam

1956 1647 2211 1715 oppidum
2250 1649 2603 1702 Samniticum
2637 1664 2725 1701 an.
2759 1647 2884 1700 4'27.
2927 1646 3161 1699 Velleius
3191 1646 3402 1717 quoqtie
3442 1650 3479 1704 l.
3526 1667 3542 1706 ι

1955 1718 2218 1786 significat
2246 1720 2392 1772 circa
2416 1717 2664 1773 eumdem
2693 1733 2892 1773 annum
2921 1717 3022 1771 627
3045 1719 3314 1771 coloniam
3345 1720 3543 1775 deduc-

1959 1798 2066 1841 tam
2097 1789 2471 1844 Tarracinam.
2510 1789 2644 1844 Nam
2680 1793 2752 1844 ait
2783 1789 2832 1843 id
2867 1792 3063 1843 factum
3096 1802 3217 1858 pOSt
3249 1789 3540 1846 triennium

1955 1859 2021 1914 ab
2050 1876 2191 1914 anno
2220 1877 2325 1930 quo
2353 1860 2695 1914 Posthamius
2723 1871 2769 1914 et
2799 1859 3057 1914 Publilius
3085 1871 3237 1914 erant
3258 1876 3537 1929 censores,

1954 1933 2155 2000 quique
2179 1934 2331 2000 juxta
2364 1931 2572 1986 Livium
2616 1933 2754 1987 idem
2786 1940 2872 1986 est
2899 1947 3020 1986 cum
3051 1947 3192 1986 anno
3224 1931 3383 1988 Urbis
3413 1934 3538 1989 424.

2029 2004 2213 2074 (lbid.)
2261 2004 2556 2058 Alexander
2613 2004 2684 2060 5'2
2737 2004 2905 2058 artatis
2951 2019 3058 2057 sua:
3115 2019 3252 2057 anno
3302 2008 3542 2060 moritur.

1953 2070 2160 2129 Graves
2193 2070 2398 2143 peperit
2433 2091 2635 2144 pugnas
2669 2078 2806 2129 inter
2843 2075 3010 2128 duces
3047 2083 3100 2129 et
3141 2075 3364 2144 populos
3396 2093 3542 2133 mors

1952 2144 2269 2211 Alexandri,
2303 2162 2406 2200 non
2433 2149 2670 2202 minores
2697 2151 2838 2200 inter
2860 2147 3155 2210 scriptores
3177 2161 3350 2202 annus
3374 2147 3540 2204 illius.

1951 2213 2168 2272 Certum
2212 2228 2295 2271 est
2333 2219 2549 2272 codices
2583 2219 2666 2282 L.,
2703 2221 2789 2282 A.,
2832 2217 2917 2280 P.,
2953 2217 3047 2282 Μ.,
3080 2227 3310 2287 quatuor
3347 2221 3538 2286 Vatic.,

1957 2289 2062 2354 γι,
2107 2290 2209 2355 Pi.,
2257 2291 2375 2352 Lo.,
2419 2289 2532 2355 Fa.,
2577 2290 2663 2354 0.,
2710 2291 2897 2357 Peta.,
2940 2289 3099 2354 Fux.,
3139 2289 3292 2354 Mar.,
3343 2293 3541 2348 habere

1953 2370 2194 2414 nostram
2221 2362 2532 2428 lectionem,
2565 2361 2692 2416 licet
2713 2361 2980 2414 editiones
3007 2361 3334 2417 Basilieuses
3358 2363 3537 2432 legen-

1953 2431 2077 2485 dum
2098 2433 2408 2494 exhibeant,
2435 2433 2732 2487 Alexander
2752 2433 2824 2487 ‘25
2837 2433 3002 2486 wtatis
3019 2449 3272 2487 suteanno
3292 2431 3542 2502 moritur;

1953 2505 2134 2558 nullus
2165 2514 2338 2558 tamen
2371 2506 2505 2557 adeo
2538 2503 2713 2558 circus
2745 2515 2848 2569 eSI,
2879 2504 2970 2573 qui
3002 2520 3106 2557 non
3135 2505 3380 2559 advertat
3413 2508 3539 2562 illud

1952 2575 2022 2628 25
2061 2577 2320 2631 insertum
2354 2591 2450 2644 pro
2478 2576 2568 2642 52,
2603 2576 2743 2630 facta
2781 2587 3026 2629 notarum
3066 2577 3421 2631 nut‘neraliutn
3455 2579 3538 2632 itt-

1955 2649 2243 2716 versione;
2278 2647 2418 2700 istud
2451 2647 2595 2702 enim
2629 2648 2826 2702 habent
2861 2649 3050 2716 primm
3079 2648 3347 2703 editiones
3376 2649 3536 2715 Ven.,

1953 2715 2103 2790 Lut.,
2143 2733 2244 2790 pro
2277 2735 2384 2788 quo
2424 2721 2474 2773 in
2511 2721 2603 2776 So.
2647 2715 2928 2787 perperam
2969 2717 3057 2772 5-1.
3101 2717 3266 2773 Plana
3296 2735 3428 2774 vero
3456 2737 3541 2776 est

1956 2789 2170 2844 Eusebii
2201 2792 2467 2844 sententia
2499 2791 2575 2844 Ι.ι
2607 2789 2675 2844 de
2706 2790 2822 2843 Vita
2849 2790 3186 2845 C0nstantini
3225 2809 3236 2844 :
3279 2790 3427 2856 Toto,
3461 2795 3542 2847 itt-

1952 2862 2088 2929 quit,
2123 2863 2239 2914 vita:
2268 2863 2436 2931 spatio
2460 2862 2728 2932 complerit
2755 2861 3106 2931 (Alexander)
3135 2862 3265 2915 duos
3297 2863 3466 2916 solum
3490 2873 3538 2918 et

1954 2933 2167 3003 triginta
2204 2949 2388 2986 annos.
2420 2933 2702 2988 Contraria
2739 2942 2914 2986 tamen
2943 2932 3126 3000 opittio
3155 2948 3347 3004 graves
3377 2935 3542 2991 habet

1952 3002 2282 3074 assertores;
2309 3020 2471 3059 unum
2501 3021 2598 3072 pro
2616 3003 2871 3058 omnibus
2890 3002 3180 3074 producam
3200 3002 3538 3072 Ciceroaem,

1953 3073 2150 3144 Philip.
2178 3093 2227 3137 v,
2255 3077 2344 3143 qui
2376 3077 2476 3129 hac
2505 3076 2572 3130 de
2602 3092 2658 3130 re
2684 3091 2850 3144 agens
2879 3073 2934 3129 ut
2966 3075 3127 3144 lippis
3148 3085 3201 3130 et
3224 3077 3540 3132 tonsoribus

1952 3153 2076 3199 nota
2116 3165 2128 3198 :
2165 3146 2404 3212 Macedo,
2440 3148 2631 3217 inquit,
2660 3147 2956 3201 Alexander
2988 3163 3158 3200 nonne
3182 3148 3330 3200 tertio
3360 3165 3420 3202 ac
3449 3151 3542 3203 tri-

260 3222 551 3276 historiam
602 3226 867 3287 referunt,
917 3221 1152 3290 spatium
1201 3218 1345 3270 inter
1383 3217 1519 3270 duas
1566 3215 1849 3280 colunmas
1879 3223 1925 3287 ρ
1957 3218 2152 3289 gesimo
2182 3221 2349 3273 celatis
2383 3215 2528 3272 anno
2559 3228 2772 3272 mortem
2813 3218 2972 3272 obiit?
2999 3217 3243 3273 Justinus
3276 3220 3311 3272 l.
3346 3235 3398 3275 ιιι
3430 3221 3545 3275 vult

260 3305 552 3348 occupent.

336 3309 624 3435 ῗξῖρὲἷηιιι.)
657 3363 980 3419 Macedoniae
1005 3363 1112 3418 XX
1121 3363 1224 3431 IV,
1263 3363 1558 3435 Philippus.
1589 3357 1745 3435 Prius
1779 3359 1857 3416 le-

259 3436 491 3506 gebatur
519 3431 864 3490 Macedonum
905 3451 1000 3501 pro
1043 3437 1381 3490 Macedonica.
1423 3431 1527 3490 Sed
1567 3431 1856 3506 maluimus

261 3503 464 3578 imitari
498 3507 599 3572 Pi.,
637 3508 727 3571 0.,
760 3508 848 3574 V.,
883 3507 1058 3578 Peta.,
1090 3507 1285 3578 quibus
1317 3510 1560 3578 pioxime
1591 3503 1856 3556 accedunt

258 3577 389 3641 L0.,
427 3579 586 3644 Fux.,
619 3579 670 3634 in
704 3580 899 3649 quibus
936 3574 1355 3632 Macedonibus:
1388 3579 1440 3634 in
1474 3574 1566 3649 Fa.
1599 3589 1856 3643 compen-

258 3651 424 3705 diose
454 3661 537 3704 est
566 3648 822 3718 scriptum
855 3649 1062 3703 Maced.
1097 3651 1440 3704 Constructio
1467 3648 1695 3718 illorum
1719 3661 1857 3711 prte-

258 3723 574 3794 cedentium
611 3715 901 3794 verborum
935 3723 1122 3775 diversi
1161 3728 1500 3794 regnaverunt
1537 3727 1591 3772 ct
1624 3715 1856 3787 As'ggpto

260 3795 374 3848 hoc
405 3793 532 3848 illud
563 3793 761 3847 indicat
804 3812 814 3846 :
856 3792 994 3846 hanc
1023 3805 1198 3847 tamen
1219 3791 1636 3858 castigationem
1673 3800 1857 3841 noster

257 3875 544 3919 Currector
569 3865 924 3929 Contempsit;
953 3880 1173 3919 numera
1198 3879 1326 3933 ergo
1351 3864 1491 3916 inter
1517 3863 1722 3933 Errata.
1753 3859 1857 3914 Iste

255 3944 448 3991 autem
482 3951 740 3990 numerus
769 3934 961 3989 XXIV
994 3936 1146 3990 deest
1175 3936 1228 3989 in
1261 3931 1508 3988 omnibus
1539 3931 1686 3986 libris
1720 3947 1857 3998 pra:-

261 4017 356 4062 ler
386 4008 478 4060 Fa.
511 4007 872 4062 Nihilominus
903 4011 953 4060 itt
994 4023 1051 4061 re
1083 4007 1186 4061 levi
1219 4007 1487 4060 noluimus
1517 4003 1796 4058 discedere
1825 4019 1854 4056 a

257 4079 532 4147 vulgatis,
561 4079 701 4148 quod
736 4080 880 4134 idem
913 4079 979 4132 de
1007 4077 1357 4148 sequentibus
1387 4077 1627 4131 numeris
1667 4085 1855 4148 uetan-

260 4146 398 4204 dutii
429 4151 482 4203 in
505 4146 752 4216 catalogo
789 4165 973 4219 regum
1003 4146 1380 4213 Macedonum,
1411 4150 1576 4201 immo
1607 4147 1740 4219 etin
1771 4146 1851 4219 _Pi.

256 4233 323 4275 et
352 4221 448 4275 Lo.
483 4217 870 4290 prmcedentes'
894 4237 1048 4290 reges
1078 4221 1428 4275 Macedonum
1468 4219 1634 4290 nullis
1661 4217 1854 4270 distin-

260 4289 510 4363 guuntur
532 4292 800 4355 numeris;
825 4289 1077 4346 maneant
1097 4308 1246 4361 ergo,
1270 4308 1340 4363 ne
1362 4291 1532 4363 critici
1549 4289 1852 4363 videamur.

345 4363 528 4432 (lbid.)
563 4364 664 4430 Qui
689 4373 733 4417 et
759 4364 996 4417 Aridwus
1027 4359 1184 4432 frater
1212 4362 1516 4416 Alexandri.
1546 4361 1720 4415 Voces
1749 4359 1854 4413 illae

259 4435 360 4505 qui
401 4445 444 4488 et
481 4437 719 4488 Aritla’us
759 4439 955 4488 chunt
995 4437 1044 4488 itt
1087 4435 1205 4501 Fa.,
1243 4445 1298 4490 et
1331 4433 1566 4505 Aridwus
1599 4433 1854 4488 scribitur

262 4503 390 4560 Sine
419 4505 754 4575 diphthongo
786 4506 836 4558 in
868 4506 1027 4571 Fttx.,
1055 4505 1145 4570 0.,
1183 4507 1289 4568 γι,
1325 4506 1444 4568 L0.,
1481 4503 1586 4570 Pi.,
1617 4505 1708 4559 Sed
1743 4520 1855 4571 pcr-

263 4593 478 4648 peram,
513 4589 570 4630 ttt
609 4581 805 4631 docent
837 4576 1182 4642 Plutarchus,
1215 4577 1528 4644 Pausanias,
1563 4576 1848 4642 Diodorus,

265 4649 470 4683 cmi...
530 4648 762 4683 Inclinan
819 4647 927 4683 tu...
978 4656 1026 4683 ..ι
1060 4648 1146 4683 ..ιιι
1879 4621 1935 4683 D

264 4647 489 4714 Strabo,
522 4648 784 4713 Justinus,
818 4647 945 4702 Mar.
978 4656 1032 4701 et
1058 4648 1169 4701 alii.

343 4719 492 4786 (475,
519 4718 623 4791 ιν.)
649 4721 873 4791 Arpalus
904 4721 1111 4791 fugitin
1133 4719 1378 4773 Atticam.
1405 4719 1688 4791 Harpagus
1714 4719 1808 4774 F3.
1837 4737 1849 4774 :

265 4790 483 4864 decepit
510 4789 688 4864 forsan
721 4789 1000 4864 librarium
1025 4789 1264 4864 Harpagi
1288 4792 1430 4864 illius
1456 4789 1733 4862 splendor,
1763 4792 1854 4861 qui

265 4861 475 4933 primas
505 4861 675 4916 tenuit
703 4863 846 4929 apud
879 4861 1098 4931 Cyrum,
1130 4861 1334 4932 de'quo
1365 4861 1566 4934 olymp.
1599 4863 1688 4918 58.
1719 4865 1854 4934 Sus-

263 4934 497 4986 tulimus
516 4944 696 4986 autem
724 4935 1131 4998 aSpirationem,
1166 4935 1290 5002 quia
1319 4937 1396 4988 sic
1416 4933 1663 4988 Scribunt
1686 4933 1858 4988 chiro-

267 5003 458 5073 graphi
485 5017 696 5067 omnes,
729 5004 852 5057 licet
881 5015 1037 5058 vetus
1070 5004 1228 5058 lectio
1252 5003 1520 5074 Harpalus
1549 5005 1857 5060 firmaretur

267 5074 594 5130 auctoritate
619 5074 856 5140 Diodori,
888 5074 1110 5138 Lacrtii,
1146 5074 1439 5141 Plutarchi,
1469 5076 1682 5142 Justini,
1719 5078 1855 5130 l’au-

269 5147 460 5210 sani-ar,
489 5146 622 5200 Mar.
653 5155 706 5199 et
727 5146 979 5199 aliorum.
1006 5145 1396 5200 ltecensuimus
1424 5157 1686 5216 praetcrea
1716 5147 1858 5202 hunc

267 5216 482 5282 locum,
513 5230 571 5270 ut
599 5231 693 5286 pro
724 5218 893 5271 veteri
924 5217 1153 5272 lectione
1180 5217 1312 5287 fugit
1343 5218 1396 5271 in
1425 5219 1621 5283 Asiam,
1651 5219 1860 5287 legatur

275 5287 410 5359 fugit
447 5288 501 5340 in
536 5288 787 5352 Atticam,
837 5289 919 5341 cui
961 5289 1296 5359 castigationi
1344 5289 1470 5344 licet
1505 5290 1861 5344 adversentur

271 5358 466 5414 omnes
493 5359 635 5423 libri,
671 5359 835 5412 immo
871 5367 927 5413 et
967 5358 1083 5428 ipse
1115 5359 1388 5414 Marianus
1416 5360 1720 5428 exscriptor
1752 5361 1858 5414 Eu-

272 5429 432 5493 sebii,
459 5431 635 5484 minus
658 5437 835 5484 tamen
865 5430 1126 5500 ingratam
1152 5429 1342 5483 lectori
1366 5430 1487 5485 fore
1508 5431 1857 5497 credidimus,

270 5500 328 5556 iii
372 5516 430 5555 re
471 5516 576 5555 non
619 5501 803 5565 dubia,
838 5503 961 5570 quia
990 5508 1113 5554 nota
1143 5511 1226 5572 est
1257 5500 1478 5555 historia
1511 5501 1696 5571 Arpali
1723 5519 1857 5572 quo-

271 5574 438 5626 modo
462 5589 527 5626 ex
565 5573 690 5626 Asia
723 5574 774 5626 ιιι
804 5573 1037 5626 Atticam
1065 5570 1372 5639 confugerit
1399 5570 1602 5628 timens
1631 5570 1862 5628 Alexan-

271 5641 457 5710 drum,
495 5645 564 5699 ob
603 5659 761 5712 quem
808 5641 1173 5697 Demosthenes
1214 5646 1578 5698 condemnatus
1610 5652 1658 5696 et
1695 5647 1864 5712 patria

273 5716 457 5787 pulsus
484 5717 545 5769 ob
570 5716 761 5768 crimen
789 5715 985 5786 accepti
1013 5714 1076 5787 ab
1108 5731 1166 5787 eo
1205 5714 1286 5787 (ut
1324 5716 1560 5782 loquitttr
1593 5715 1864 5787 Justinus)

276 5785 395 5857 auri
428 5801 448 5840 :
489 5796 602 5841 tum
647 5787 810 5841 etiam
851 5788 977 5857 quia
1016 5785 1196 5857 facilis
1236 5785 1334 5840 luit
1376 5787 1557 5857 lapsus
1598 5785 1866 5856 reponere

278 5856 459 5915 Asiam
489 5874 586 5930 pro
613 5855 1162 5915 Atticam.’Diodorus
1189 5857 1228 5914 l.
1258 5872 1368 5914 xvu
1399 5855 1744 5932 (Harpalus,
1778 5859 1864 5916 in-

1957 3304 2080 3343 eum
2115 3292 2376 3360 migrasse
2419 3305 2450 3344 e
2485 3291 2592 3344 vita
2626 3293 2694 3346 '53
2728 3307 2898 3344 annos
2922 3299 3101 3344 natum
3138 3299 3185 3345 et
3216 3307 3372 3344 unum
3401 3309 3542 3346 men-

1957 3376 2082 3414 sem.
2119 3361 2317 3416 Verum
2347 3377 2468 3417 cum
2501 3361 2587 3417 hic
2615 3377 2720 3418 non
2757 3371 2863 3416 tam
2893 3363 2960 3416 de
2986 3377 3046 3416 re
3073 3377 3230 3429 quam
3263 3368 3330 3416 de
3359 3374 3543 3419 mente

1959 3433 2197 3486 auctoris
2230 3433 2566 3498 laboremus,
2611 3434 2677 3490 de
2714 3449 2816 3501 qua
2857 3433 2932 3487 nil
2966 3433 3101 3488 certi
3142 3432 3243 3488 nisi
3282 3449 3344 3488 ex
3388 3433 3541 3490 libris

1959 3503 2187 3575 intelligi
2222 3514 2432 3574 potest,
2467 3521 2573 3560 non
2605 3517 2686 3560 est
2713 3504 2856 3575 quod
2890 3506 3132 3574 pluribus
3161 3505 3537 3572 digladictnur.

1958 3573 2112 3628 Adde
2147 3573 2287 3645 quod
2323 3578 2566 3631 lirtnatur
2600 3573 2920 3631 auctoritate
2957 3575 3041 3630 sui
3073 3576 3383 3643 interpretis
3417 3578 3540 3631 llic-

1958 3651 2169 3717 ronymi
2213 3649 2264 3702 itt
2309 3649 2516 3703 Daniel.
2552 3664 2632 3711 XI,
2667 3649 2754 3702 ubi
2789 3649 2884 3714 ait,
2934 3647 3288 3700 Alexandrum
3333 3650 3543 3715 periisse

1959 3733 2168 3790 ueneno,
2204 3735 2320 3771 cum
2349 3721 2560 3790 triginta
2597 3728 2642 3772 et
2670 3721 2800 3772 duos
2831 3735 2995 3790 annos
3031 3718 3455 3790 ItabereLwtatis,
3488 3731 3542 3774 et

1959 3788 2013 3842 it't
2046 3803 2095 3843 c.
2130 3789 2162 3844 9
2190 3793 2263 3842 ait
2294 3788 2493 3845 obiisse
2524 3791 2624 3846 115
2651 3790 2856 3859 olymp.
2887 3789 3028 3843 Idem
3059 3791 3196 3856 apud
3227 3789 3542 3846 Theodore-

1961 3870 2070 3914 tum
2106 3861 2397 3934 inhDaniel.
2427 3877 2504 3927 SI,
2531 3864 2668 3929 apud
2693 3863 2996 3934 Cedrenum
3024 3862 3184 3915 etiam
3213 3879 3224 3913 :
3252 3863 3450 3934 βιώσας
3478 3866 3543 3919 τὰ

1959 3934 2124 4013 natura:
2151 3929 2238 4013 ξίτη
2276 3931 2366 3988 δύο
2390 3937 2474 4013 nati
2501 3935 2798 4013 τριάκοντας
2829 3929 3291 4013 Bedamquoqué,
3325 3938 3412 4003 qui
3449 3937 3543 3989 tri-

1958 4003 2102 4071 ginta
2134 4006 2268 4056 duos
2299 4007 2472 4057 artatis
2502 4003 2674 4059 a'nnos
2707 4015 2909 4058 tantum
2943 4005 3179 4072 assignat
3223 4022 3234 4056 :
3283 4014 3540 4074 prtrterea

1959 4075 2101 4144 apud
2135 4075 2451 4148 Marianum,
2473 4076 2627 4148 obiit,
2657 4077 2852 4147 inquit,
2885 4075 3146 4148 trigesimo
3166 4077 3390 4130 secundo
3429 4079 3544 4132 vitw

1958 4163 2117 4201 anno.
2141 4147 2285 4200 ldetu
2313 4147 2452 4216 apud
2471 4147 2693 4202 Vincen.
2721 4145 2852 4202 tom.
2877 4149 2914 4210 l,
2943 4145 3030 4213 qui
3057 4162 3246 4202 omnes
3272 4156 3544 4218 tamquam

1960 4227 2128 4272 testes
2171 4218 2420 4271 lectionis
2463 4219 2783 4273 Eusebianae
2831 4219 3230 4288 producuntur;
3277 4222 3320 4274 si
3363 4231 3543 4275 autem

1961 4289 2150 4343 videas
2184 4288 2430 4343 Vincent.
2462 4291 2588 4343 alibi
2619 4290 2855 4344 scribere
2885 4305 3009 4345 eum
3037 4291 3352 4359 pervenisse
3382 4292 3447 4345 ad
3479 4291 3550 4347 55

1958 4375 2161 4432 annos,
2195 4359 2299 4432 hoc
2329 4363 2402 4414 ait
2431 4361 2604 4415 citatis
2630 4361 2898 4417 Justitiam
2926 4370 2980 4416 et
3007 4378 3070 4415 ex
3103 4361 3221 4430 ejus
3250 4363 3544 4419 sententia.

1959 4431 2111 4486 Facit
2135 4429 2299 4487 etiam
2329 4432 2442 4498 ipsa
2476 4434 2632 4496 ratio,
2662 4435 2784 4502 quia
2812 4435 2855 4488 si
2890 4429 3202 4488 Alexander
3229 4442 3311 4488 est
3336 4453 3548 4489 assecu-

1961 4515 2041 4558 tus
2075 4505 2350 4572 imperium
2377 4505 2617 4558 vicesimo
2651 4507 2814 4559 wtatis
2841 4522 3010 4564 anno.
3045 4513 3102 4558 ut
3146 4505 3382 4574 loquitur
3413 4507 3550 4560 Cur-

1961 4577 2067 4631 tius
2096 4577 2130 4630 l.
2159 4591 2224 4640 tt,
2247 4577 2335 4644 qui
2357 4576 2672 4630 vicesimum
2696 4592 2892 4630 annum
2917 4577 3064 4637 dicit,
3091 4591 3196 4630 non
3219 4579 3546 4645 completum

1959 4647 2227 4717 intelligit,
2264 4645 2358 4701 sed
2388 4647 2653 4701 labentem
2684 4664 2696 4700 :
2727 4648 2771 4701 si
2798 4649 2846 4700 in
2877 4649 3129 4700 vicesimo
3151 4662 3277 4701 ann.
3308 4662 3552 4716 compre-

1958 4719 2167 4775 hendas
2201 4735 2290 4772 sex
2323 4734 2518 4772 menses
2550 4719 2741 4788 quibus
2779 4717 3024 4788 regnavit
3057 4732 3221 4784 supra
3261 4718 3545 4773 duodecim

1960 4804 2154 4855 annos,
2194 4790 2278 4844 vel
2315 4800 2508 4858 septem
2536 4789 2830 4844 secundum
2865 4789 3173 4850 Diodorum,
3209 4790 3291 4844 vel
3324 4797 3436 4842 octo
3464 4804 3547 4844 se-

1959 4861 2192 4917 cundum
2229 4861 2550 4926 Arrianttm,
2590 4860 2836 4930 quamvis
2866 4875 2971 4913 non
3011 4860 3127 4930 nisi,
3150 4860 3218 4913 12
3257 4862 3382 4914 anni
3414 4861 3550 4915 assi-

1959 4942 2190 5004 gnentur
2218 4948 2234 4986 t
2262 4932 2505 5004 Miacltab.
2535 4947 2571 4993 ι,
2597 4929 2814 5004 etapud
2836 4929 3042 4986 Tertul.
3067 4929 3280 5004 advers.
3303 4930 3544 4998 Judaeos,

1960 5002 2186 5059 llicron.
2221 5005 2272 5056 in
2303 5003 2434 5056 Dan.
2467 5017 2541 5056 ιιι.
2579 5002 2660 5056 Ad
2694 5010 2996 5057 extremum
3024 5002 3371 5072 opposuimus
3395 5017 3550 5070 para-

1960 5075 2223 5145 graphum
2256 5073 2399 5127 hunc
2432 5087 2576 5127 anno
2611 5074 2646 5128 4
2677 5073 2881 5144 olymp.
2916 5074 3040 5139 115,
3074 5074 3197 5142 quia
3229 5075 3307 5128 sic
3331 5074 3548 5132 codices

1964 5156 2071 5200 tam
2101 5145 2233 5198 editi
2265 5160 2424 5214 quam
2454 5159 2584 5199 mss.
2618 5145 2767 5199 Licet
2796 5145 2940 5199 enim
2973 5145 3026 5198 in
3059 5146 3218 5199 editis
3258 5156 3313 5200 et
3345 5145 3396 5199 itt
3427 5145 3550 5211 L0.,

1963 5217 2084 5283 Fa.,
2114 5217 2273 5283 Fux.,
2301 5221 2397 5270 ista
2426 5214 2621 5286 olymp.
2655 5217 2776 5281 114,
2799 5225 2856 5272 et
2884 5215 3150 5287 periodus,
3177 5216 3292 5282 illa,
3324 5217 3551 5271 Alexan-

1966 5289 2055 5342 der
2085 5288 2154 5343 52
2193 5290 2366 5354 atatis,
2398 5298 2529 5351 etc.,
2573 5287 2675 5342 sibi
2709 5286 2896 5342 mutuo
2926 5286 3308 5356 respondeant,
3344 5289 3553 5356 impru-

1967 5361 2147 5416 dentia
2182 5370 2358 5413 tamen
2390 5358 2594 5413 librarii
2627 5367 2718 5412 aut
2747 5359 3059 5428 typographi
3085 5358 3138 5413 id
3171 5359 3368 5414 factum
3397 5359 3555 5415 facile

1970 5440 2054 5502 est
2074 5445 2391 5502 agnoscere,
2416 5446 2536 5502 eum
2569 5429 2730 5502 etiam
2762 5431 2815 5483 ιιι
2841 5428 2946 5483 illis
2978 5431 3180 5499 primus
3211 5447 3383 5484 annus
3412 5434 3556 5486 illius

1970 5499 2294 5573 Olympiadis
2324 5501 2644 5573 appingatur
2670 5501 2736 5554 ad
2761 5517 2959 5555 annuat
2993 5502 3224 5571 primum
3250 5503 3420 5571 regni,
3447 5512 3554 5556 tam

1973 5571 2251 5628 Ptolomati
2273 5614 2289 5639 ,
2322 5588 2479 5642 quam
2511 5571 2714 5627 Aridtei
2747 5583 2801 5628 et
2830 5573 3136 5643 Lysimachi
3183 5589 3554 5628 successorum

1972 5643 2286 5701 Alexandri.
2339 5644 2408 5698 At
2457 5645 2502 5698 si
2555 5645 2756 5712 primus
2809 5646 2958 5714 regni
3012 5645 3230 5698 illorum
3288 5645 3559 5698 numerari

1973 5719 2156 5786 nequit
2181 5717 2318 5770 inter
2345 5730 2517 5786 annos
2537 5715 2850 5782 Alexandri,
2881 5731 3055 5786 neque
3087 5715 3214 5770 item
3246 5715 3333 5769 ille
3356 5717 3563 5784 primus

1973 5785 2178 5860 olymp.
2215 5788 2338 5844 1H.
2372 5785 2505 5842 Nam
2541 5789 2679 5860 ratio
2713 5785 2980 5844 Cltronici’
2999 5802 3094 5858 per
3128 5785 3325 5860 seriem
3363 5794 3418 5840 et
3458 5788 3555 5841 ad-

1971 5856 2306 5930 junctionem
2328 5873 2594 5918 annorum
2615 5858 2758 5918 ferre
2784 5875 2892 5917 non
2919 5856 3120 5930 potest,
3149 5865 3206 5914 ut
3224 5856 3366 5916 idem
3389 5873 3563 5917 annus
