4112 6422
326 323 433 380 955

1256 324 1371 380 AB.
1411 322 1708 381 PONTACI
1747 321 2296 384 CASTIGATIONES
2331 324 2423 384 ΕΤ
2450 325 2686 385 ΝΟΤΕ.

3505 333 3614 394 954

399 437 592 512 ([ιιῐᾶ.)
624 438 810 512 Tribus
832 441 1024 512 faunis.
1041 439 1159 512 gSic
1197 440 1760 512 restituimusAexiA”
1788 438 1907 512 AL,
1937 438 1990 499 Δ
2016 437 2094 493 Pi.
2114 454 2247 512 vero
2269 452 2321 497 et
2345 442 2478 498 Mar.
2502 443 2650 498 circa
2673 456 2763 498 an.
2788 442 2845 499 2.
2863 442 3004 501 Vide
3023 442 3162 500 hanc
3185 445 3470 504 historiam
3491 448 3612 507 fuse

324 512 370 568 L
399 510 418 580 ,
446 512 536 578 V.,
568 511 656 572 P.,
683 511 806 576 Lo.,
831 511 1006 578 Peta.,
1033 510 1196 580 Fux.,
1228 513 1376 576 Fre.,
1403 512 1507 578 Pi.,
1529 510 1621 580 0.,
1649 511 1756 576 Vi.,
1785 511 1908 576 Fa.,

324 583 482 647 Man,
515 598 614 649 pro
643 583 791 635 tertio
821 599 976 637 anno.

397 655 548 779 (507,
571 655 675 724 ιιι.)
695 651 952 707 Jonathas
971 655 1080 708 dux
1098 652 1424 708 Judteorum.
1443 653 1778 738 Exhibeatur
1799 652 1916 710 hare

431 727 675 779 aterculo
702 724 933 779 adverso
963 741 1105 778 anno
1137 726 1166 779 1
1199 725 1489 779 Alexandri
1532 742 1584 779 in
1629 725 1753 779 Fa..
1792 724 1913 779 ιο..

325 726 383 781 in
409 724 675 780 laterculo
702 724 933 779 adverso
963 741 1105 778 anno
1137 726 1166 779 1
1199 725 1489 780 Alexandri
1532 727 1584 779 in
1629 725 1753 791 Fa.,
1792 724 1913 788 Lo.,

328 796 492 922 grav,
523 796 680 921 Nam,
713 796 907 922 quigus
933 796 1211 851 adhaesere
1237 796 1442 853 excusi.
1478 796 1584 866 Pi.,
1617 795 1796 863 Peta.,
1823 811 1913 850 an.

375 884 394 922 ζ
473 885 531 922 Ι..
613 907 652 922 ..
683 884 770 920 an.
842 907 854 920 .

375 884 531 933 ;vr.,
562 884 652 934 υ.,
683 884 770 920 an.
800 884 854 922 δ.

403 938 562 1009 (509,’
585 937 692 1009 tv.)
724 938 1054 993 Aristarchus
1085 937 1487 999 Grammaticus.
1527 947 1632 993 etc.
1679 937 1738 992 In
1771 938 1918 993 varia

327 1010 529 1063 abeunt
557 1009 706 1064 libri.
746 1010 896 1064 Alius
930 1009 1076 1064 enim
1111 1009 1298 1069 deligit
1328 1010 1412 1064 his
1438 1010 1621 1064 sedem
1653 1009 1797 1063 circa
1828 1023 1918 1062 an.

324 1082 394 1135 2-1
435 1081 836 1143 Philometoris,
877 1090 934 1134 ut
971 1081 1126 1145 Mar;
1171 1081 1261 1135 alii
1293 1082 1435 1135 circa
1465 1095 1554 1134 an.
1587 1079 1677 1144 26,
1710 1089 1769 1132 ιιι
1805 1079 1918 1145 Pi.;

325 1151 418 1204 alii
453 1153 593 1205 circa
624 1167 712 1204 an.
755 1152 788 1205 6
827 1152 1106 1218 Demetrii,
1151 1160 1208 1206 ut
1249 1151 1420 1218 Peta.,
1450 1150 1627 1216 Fux.;
1657 1150 1744 1203 alii
1779 1151 1920 1205 circa

324 1236 416 1348 gn.
449 1223 510 1346 ἔγ.
538 1231 599 1276 ιιι
625 1221 748 1288 Lo.,
792 1221 887 1277 Fa.
921 1230 977 1278 et
1014 1223 1300 1291 impressi;
1331 1223 1420 1278 alii
1462 1223 1606 1277 circa
1640 1236 1730 1275 an.
1764 1223 1818 1288 8,
1868 1229 1925 1276 ut

375 1333 414 1348 ο.
499 1311 533 1347 Ι.

375 1333 414 1353 ..
449 1294 533 1347 Vi.

402 1364 582 1434 (lbid.)
620 1365 922 1419 Iudaeorum
961 1365 1069 1418 dua:
1103 1363 1382 1431 Jonathas,
1423 1375 1529 1421 etc.
1577 1363 1690 1420 Non
1731 1363 1921 1418 eadem

322 1435 524 1504 ubique
549 1436 632 1490 his
653 1439 923 1504 assignate
954 1437 1133 1490 sedes.
1171 1435 1301 1489 Nam
1327 1439 1378 1490 in
1400 1438 1489 1504 0.,
1527 1436 1631 1498 Vi.,
1658 1443 1927 1499 occupant

322 1508 556 1574 Spatium
581 1523 645 1560 ex
669 1507 900 1562 adverso
923 1522 1064 1562 anno
1088 1506 1114 1560 1
1140 1505 1420 1570 .Ionathae;
1447 1507 1496 1560 in
1525 1507 1669 1560 Peta.
1695 1519 1838 1559 anno
1857 1505 1921 1570 2;

325 1577 378 1630 in
431 1577 553 1644 Lo.,
601 1577 718 1646 Fa.,
761 1585 816 1632 et
850 1579 990 1647 apud
1019 1578 1175 1641 Man,
1209 1592 1352 1632 anno
1377 1578 1433 1640 5.
1466 1592 1602 1646 quos
1629 1585 1926 1644 sequuntur

323 1647 612 1713 impressi;
649 1651 698 1701 in
731 1649 836 1714 Pi.,
869 1664 1014 1704 anno
1044 1649 1097 1703 5.
1137 1648 1405 1711 Josephus
1442 1648 1532 1703 lib.
1563 1664 1678 1711 xm,
1713 1662 1832 1716 cap.
1869 1649 1922 1706 5.

325 1719 445 1843 sint;
495 1720 802 1790 suscepisse
848 1721 1219 1790 pontiﬁcatum
1270 1728 1384 1790 post
1430 1721 1464 1774 4
1511 1735 1702 1772 annum
1745 1719 1926 1773 mortis

366 1806 396 1843 u
436 1806 502 1843 te.

366 1806 502 1846 uate.

395 1861 579 1934 (lbid.)
620 1861 878 1916 Pacuvius
919 1861 1308 1934 Brundusinus,
1355 1869 1462 1916 etc.
1513 1860 1824 1934 Amplector
1841 1860 1924 1934 Ali-

331 1929 523 1986 lienter
560 1929 851 1988 lectionem
888 1934 1034 1988 illam
1071 1933 1504 1986 membranarum
1536 1931 1640 1997 Pi.,
1674 1932 1793 1993 Lo.,
1830 1929 1920 1995 0.,

327 2000 437 2074 γε..
463 2018 582 2072 quzr
611 2005 693 2060 his
715 2007 896 2060 sedem
921 2006 1284 2074 assignarunt.
1311 2011 1368 2058 ut
1389 2012 1444 2057 et
1470 2002 1630 2074 Man,
1656 2003 1804 2056 circa
1831 2017 1920 2074 an.

325 2073 358 2127 9
409 2073 686 2140 Demetrii,
734 2092 858 2130 cum
904 2073 1140 2130 habeant
1185 2075 1350 2127 libros
1397 2073 1649 2141 vulgares
1696 2073 1923 2128 aemulos

327 2144 531 2212 potius,
563 2162 722 2213 quam
757 2147 874 2210 Fa.,
903 2146 1079 2206 Peta.,
1115 2145 1275 2209 an.,
1305 2145 1394 2213 qui
1425 2145 1565 2199 circa
1597 2159 1685 2198 an.
1721 2145 1774 2199 8.

400 2214 582 2286 (lbid.)
617 2217 1006 2271 Brundusinus.
1049 2217 1162 2271 Non
1196 2215 1526 2284 improbabis
1553 2215 1694 2286 quod
1725 2215 1801 2269 sic
1833 2229 1922 2268 re-

327 2284 600 2354 posiierim
638 2288 847 2342 auxilio
885 2288 994 2351 AL,
1030 2287 1154 2350 Lo.,
1191 2287 1309 2352 Fa.,
1354 2287 1527 2348 Peta.,
1567 2284 1731 2348 Fux.,
1761 2286 1918 2352 Man,

325 2366 380 2410 et
409 2358 634 2424 Appiani
667 2360 758 2412 lib.
792 2375 825 2412 v
855 2360 921 2414 de
955 2359 1119 2415 Bellis
1146 2358 1390 2413 civilibus
1418 2374 1432 2412 ι
1467 2357 1920 2427 pncsertimcnm

326 2429 511 2482 ueteri
536 2429 751 2485 codices
783 2430 882 2484 hoc
907 2433 1151 2496 proxime
1182 2425 1487 2490 imitentur,
1519 2435 1577 2481 ut
1603 2425 1922 2480 Brtmdiusi-

326 2514 424 2552 nus
455 2498 566 2562 Vi.,
607 2501 708 2565 Pi.,
744 2502 841 2564 0.;
877 2500 1236 2555 Brundasinus
1270 2499 1527 2562 Vincen.,
1566 2499 1656 2566 qui
1698 2499 1748 2551 in
1778 2500 1922 2551 sinus

324 2569 616 2641 desinunt;
647 2572 775 2624 olim
809 2572 1086 2641 legebatur
1111 2570 1456 2641 Brundusium
1493 2569 1690 2641 verum
1727 2568 1922 2634 printer

324 2639 482 2704 illud,
510 2651 564 2694 et
589 2642 802 2696 facilius
828 2639 1102 2710 separabis
1127 2644 1314 2695 urbem
1336 2640 1405 2693 ab
1427 2640 1601 2694 incola
1627 2649 1682 2694 et
1706 2642 1844 2694 cive.

396 2711 584 2782 (lbid.)
621 2711 930 2767 Venditavit.
965 2714 1117 2768 Hunc
1147 2713 1323 2767 locum
1356 2712 1434 2766 sic
1466 2710 1676 2766 restitui
1706 2711 1921 2779 adjutus

322 2781 428 2844 Pi.,
459 2781 684 2845 0..’Vi.,
710 2783 830 2850 Lo.,
860 2785 1019 2848 Lod.,
1048 2783 1166 2846 Fa.,
1195 2783 1366 2848 Peta.,
1399 2783 1556 2847 Mar.,
1580 2797 1704 2834 cum
1726 2782 1920 2848 quibus

324 2855 582 2910 convenit
626 2855 878 2920 Vincens,
909 2855 1049 2924 apud
1088 2869 1250 2923 quem
1302 2855 1538 2924 legimus
1569 2852 1814 2924 vendidit,
1867 2861 1922 2906 et

325 2925 512 2977 eadem
556 2927 826 2980 locutione
864 2922 992 2979 usus
1031 2922 1225 2990 fuerat,
1263 2939 1384 2979 cum
1418 2923 1682 2980 scriberet
1709 2922 1916 2992 olymp.

327 2993 432 3048 154
481 2995 726 3050 Plautum
760 2997 979 3051 solitum
1008 2997 1246 3052 vendere
1291 2995 1517 3055 tabulas,
1554 3000 1610 3047 et
1644 2994 1826 3061 paucis
1855 2994 1919 3047 li-

324 3067 445 3118 neis
478 3067 965 3134 interjectis,‘dixit
1007 3068 1323 3122 Terentium
1354 3064 1657 3121 vendidisse
1699 3064 1920 3131 primum

327 3135 597 3190 Andriam.
637 3137 768 3192 Nam
788 3155 924 3224 ¹ιῐιςιει
953 3149 1072 3193 erat
1100 3151 1380 3224 poetarum
1403 3147 1654 3224 veterum
1685 3134 1917 3216 vendere
1943 3160 1991 3224 ο

325 3219 421 3278 sua
457 3218 704 3277 poemata
738 3226 752 3262 :
788 3210 1012 3278 legimus
1043 3211 1202 3263 etiam
1231 3208 1370 3277 apud
1399 3206 1724 3278 Ciceronem
1760 3206 1916 3278 istum

326 3274 615 3333 Pacuvium
645 3295 767 3333 cum
809 3274 971 3334 A'ccio
1003 3281 1054 3332 in
1086 3274 1290 3333 eisdem
1331 3277 1538 3330 uadibus
1579 3276 1784 3329 fabulas
1823 3276 1922 3330 do-

325 3350 523 3419 cuisse.
571 3349 782 3419 Vulgati
810 3361 864 3404 et
889 3353 978 3404 alii
1011 3348 1227 3404 codices
1259 3349 1530 3402 habebant
1551 3347 1844 3419 vindicavit.

396 3417 580 3490 (lbid.)
619 3417 1088 3491 Pseudophilippus
1131 3427 1338 3489 regnat,
1378 3430 1482 3473 etc.
1533 3418 1924 3491 liclinqnantur

329 3490 447 3544 haec
467 3489 609 3545 cirCa
635 3507 722 3545 an.
753 3492 811 3545 11
842 3489 1134 3556 Demetrii;
1163 3493 1346 3555 plores
1371 3491 1514 3544 enim
1539 3489 1592 3542 id
1617 3491 1686 3542 ita
1715 3492 1919 3553 volunt,

329 3569 388 3612 ut
427 3560 549 3627 Fa.,
579 3562 760 3626 Peta.,
796 3562 922 3625 Lo.,
957 3562 1119 3628 Fox.,
1160 3562 1294 3616 Mar.
1325 3572 1381 3615 et
1413 3560 1655 3626 impressi
1691 3577 1705 3613 :
1750 3574 1924 3628 neque

327 3631 472 3702 enim
505 3647 716 3702 {equum
746 3642 829 3686 est
858 3643 916 3686 ιιι
946 3633 1026 3687 vel
1059 3632 1140 3685 Pi.
1174 3632 1263 3698 qui
1289 3633 1430 3685 circa
1467 3645 1557 3683 an.
1594 3628 1799 3702 12,7vel
1831 3629 1920 3695 0.,

331 3700 444 3768 Vi.,
479 3700 742 3769 quicirca
772 3719 861 3757 an.
907 3703 943 3757 2
993 3704 1282 3757 Alexandri
1317 3711 1603 3769 reponunt,
1647 3701 1925 3753 adimi-rea-

331 3788 472 3838 mus,
507 3789 630 3828 cum
673 3776 724 3826 in
756 3789 818 3828 ea
852 3774 1108 3843 opinione
1145 3774 1253 3826 sint
1282 3771 1606 3843 singulares,
1653 3784 1752 3824 nec
1781 3770 1924 3824 obsit

330 3846 622 3899 auctoritas
665 3845 827 3898 ullius
865 3841 1147 3912 scriptoris
1178 3843 1396 3897 veteris.
1438 3841 1691 3902 Velleius,
1709 3843 1921 3912 fitiller-

332 3915 471 3978 pius,
523 3914 784 3979 ZOnaras,
837 3911 1138 3982 Appianus,
1192 3913 1438 3980 Epitome
1493 3912 1645 3972 Livii,
1690 3911 1922 3982 (Florus,

329 3983 644 4052 Obsequens
676 3980 1044 4040 meminerunt
1074 3986 1225 4038 istius
1264 3981 1696 4053 Pseudophilippi
1725 3980 1920 4034 ultima:

328 4057 501 4118 sortis,
551 4057 756 4109 nomine
803 4057 1066 4120 Andrisci,
1109 4057 1196 4122 qui
1245 4055 1438 4123 ferebat
1483 4069 1537 4105 se
1582 4056 1749 4118 [ilium
1791 4053 1923 4122 regis

331 4125 528 4184 Persei.
559 4136 604 4180 et
633 4137 826 4180 mutato
847 4129 1053 4180 nomine
1078 4122 1360 4179 vocabatur
1391 4123 1665 4193 Philippus
1694 4122 1754 4176 ob
1784 4125 1926 4176 simi-

329 4196 602 4250 litudinem
634 4200 759 4251 oris.
799 4197 904 4252 Sed
945 4214 1050 4266 quo
1082 4213 1224 4250 anno
1262 4211 1492 4264 regnare
1528 4194 1789 4266 cmperit.
1817 4208 1922 4248 non

329 4269 401 4336 ita
431 4268 744 4336 exprimunt
772 4264 1089 4322 constanter
1124 4279 1177 4320 et
1214 4266 1521 4329 manifesto,
1557 4267 1651 4319 sed
1685 4264 1925 4319 indicant

328 4335 528 4392 factum
561 4338 778 4393 biennio
806 4348 930 4393 ante
953 4339 1079 4407 ejus
1095 4353 1304 4402 casum,
1323 4347 1376 4392 et
1407 4351 1513 4390 non
1543 4352 1649 4390 uno
1670 4349 1834 4404 anno,
1868 4347 1926 4391 ut

328 4411 440 4461 vult
471 4417 677 4462 auctor.

399 4477 584 4548 (lbid.)
612 4479 904 4533 Alexander
931 4479 1194 4544 Antiochi,
1229 4487 1335 4533 etc.
1363 4478 1522 4532 Varie
1553 4477 1743 4531 horum
1770 4477 1920 4531 luxa-

328 4558 377 4605 ta
402 4531 958 4615 ‘scdes,cumﬁinPi.
989 4531 1132 4602 circa
1155 4531 1356 4602 abnuit)
1385 4531 1452 4603 10
1479 4549 1730 4602 Demetrii
1757 4551 1925 4604 collo-
1949 4531 2003 4592 Ῑ)

326 4631 611 4676 carentur:
640 4623 689 4674 in
713 4620 831 4686 Fa.,
857 4621 1029 4686 Peta.,
1057 4621 1177 4681 Lo.,
1206 4619 1367 4683 Fux.,
1394 4621 1521 4672 Mar.
1549 4632 1601 4673 et
1625 4620 1932 4685 impressis,-

326 4689 416 4744 ad.
448 4707 537 4743 an.
568 4690 665 4748 12:
697 4693 748 4744 in
775 4694 864 4752 υ..
896 4692 956 4745 Vi
988 4733 1002 4753 ,
1034 4694 1098 4744 ad
1127 4707 1325 4744 annum
1357 4694 1390 4746 5
1418 4690 1711 4744 Alexandri
1743 4709 1755 4744 :
1783 4693 1926 4746 unde

328 4776 435 4815 non
466 4761 832 4815 dubitavimus
858 4762 1195 4816 restituenda
1229 4763 1292 4816 ad
1326 4778 1414 4814 an.
1457 4763 1479 4814 1
1511 4761 1776 4825 ejusdem,
1812 4769 1922 4813 tum

326 4834 451 4900 quia
493 4835 572 4886 vis
615 4849 679 4886 ac
720 4834 856 4885 ratio
887 4833 1170 4886 sententiae
1210 4834 1261 4885 id
1293 4848 1320 4883 a
1364 4832 1519 4886 nobis
1547 4833 1735 4898 exigit,
1769 4841 1827 4884 ut
1857 4832 1923 4884 ad

331 4917 562 4971 regnum
611 4903 906 4958 Alexandri
953 4911 1304 4966 revocentur;
1351 4913 1461 4956 tum
1494 4903 1615 4970 quia
1655 4919 1718 4955 ex
1767 4901 1860 4955 lib.
1904 4900 1925 4955 1

327 4971 572 5027 Machah.
604 4987 726 5042 cap.
759 4990 788 5027 x
816 4985 1028 5028 constat
1060 4973 1108 5026 id
1139 4973 1433 5042 contigisse
1459 4973 1603 5027 circa
1629 4972 1922 5041 primordia

327 5046 476 5110 regni
508 5045 828 5098 Alexandri.

399 5115 589 5185 (lbid.)
619 5115 843 5169 Romani
869 5116 1163 5184 interfecto,
1188 5124 1294 5169 etc.
1323 5115 1678 5182 Assignantor
1703 5114 1799 5167 ista
1829 5129 1918 5167 an.

331 5186 352 5239 1
393 5187 684 5240 Alexandri
715 5188 767 5238 in
799 5185 918 5249 Fa.,
956 5186 1126 5246 Peta.,
1169 5185 1290 5247 Lo.,
1335 5186 1386 5237 in
1417 5201 1523 5254 quo
1554 5185 1721 5238 iniere
1752 5185 1926 5239 socie-

328 5265 494 5310 tatem
522 5272 644 5310 cum
683 5256 960 5322 impressis
991 5269 1043 5310 et
1078 5258 1246 5320 Man;
1285 5259 1336 5309 in
1370 5255 1502 5310 Fux.
1539 5270 1626 5310 an.
1659 5255 1722 5312 ἒς
1759 5259 1807 5309 in
1844 5256 1922 5309 Pi.

325 5343 417 5383 an.
468 5329 521 5386 5.
575 5341 669 5381 seu
725 5326 749 5378 1
794 5327 995 5397 olymp.
1045 5326 1168 5388 158,
1199 5329 1289 5396 qui
1322 5326 1568 5380 lii-matur
1601 5329 1925 5380 auctoritate

324 5399 453 5453 Julii
477 5399 858 5466 Obsequentis,
884 5403 1010 5452 dum
1039 5399 1203 5451 tradit
1235 5404 1378 5452 bunc
1411 5397 1924 5465 Pseudupliilippnm

327 5468 599 5523 devictum
649 5469 818 5523 fuisse
869 5483 1011 5522 coss.
1066 5467 1374 5522 Posthumio
1428 5478 1475 5520 et
1531 5468 1741 5531 Pisone,
1789 5483 1927 5536 quos

329 5538 479 5594 Fasti
502 5539 767 5608 Onuphrii
795 5540 1129 5594 constituunt
1158 5541 1224 5592 ad
1257 5540 1506 5592 eumdem
1538 5556 1627 5592 an.
1663 5541 1685 5592 -1
1719 5539 1924 5609 olymp.

330 5611 458 5671 158,
489 5611 684 5677 quibus
707 5624 813 5664 non
839 5612 1162 5664 contradicit
1189 5610 1433 5676 Epitome
1462 5610 1594 5664 Livii
1618 5611 1712 5663 lib.
1742 5624 1920 5662 vam.

397 5681 582 5749 (lbid.)
624 5681 947 5735 Samaritani
982 5690 1026 5734 et
1065 5679 1266 5747 Judazi,
1310 5691 1416 5733 etc.
1462 5680 1654 5734 Plures
1683 5680 1930 5747 suntqui

325 5752 488 5806 situm
519 5751 604 5804 his
631 5754 902 5820 assignent
933 5753 1072 5804 circa
1103 5765 1192 5804 au.
1227 5754 1260 5805 5
1289 5751 1603 5806 Alexandri.
1637 5750 1768 5804 Nam
1805 5751 1927 5820 Fa.,

327 5821 507 5890 Peta.,
539 5822 658 5887 Lo.,
695 5822 856 5890 an.,
879 5819 988 5888 Pi.,
1013 5823 1104 5892 0.,
1129 5831 1185 5878 et
1211 5825 1456 5897 impressi
1493 5828 1592 5876 hoc
1621 5831 1882 5893 praestant
1913 5819 1928 5880 ὲ

2013 511 2153 579 apud
2175 511 2394 579 Ioseph.
2425 513 2462 568 l.
2493 529 2600 569 xlv.
2625 529 2674 568 c.
2699 516 2755 570 4.

2086 582 2270 656 (lbid.)
2306 583 2551 638 Lucilius.
2573 585 2630 640 ln
2663 585 2744 652 8.,
2780 586 2902 649 Lo.,
2923 587 3046 653 Fa.,
3080 587 3365 656 Lucullus;
3395 591 3445 644 in
3473 591 3610 648 Mar.

2017 651 2258 720 Lucius;
2297 656 2436 723 apud
2495 651 2737 712 Vincen.’
2771 651 3046 723 Lucillus;
3099 676 3283 714 verum
3335 651 3442 716 non
3493 663 3611 724 sine

2018 725 2223 798 mendo
2261 725 2494 798 ubique,
2522 742 2644 798 cum
2677 728 2844 783 Varro
2867 771 2882 794 ,
2925 729 3162 794 Plinius,
3211 731 3609 798 Quintilianus,

2020 793 2324 872 Ausonius,
2365 793 2633 860 Velleius,
2667 793 2922 872 Gellius,
2956 793 3248 870 Horatius,
3282 802 3445 858 Satir.
3488 806 3524 858 Ι.
3568 793 3608 872 ι,

2021 874 2075 920 et
2124 865 2318 922 Cicero
2361 869 2876 944 saepe,_ot_|._xui._
2909 865 3072 936 epist.
3118 874 3188 938 ‘2,
3228 865 3298 926 ad
3335 865 3610 944 Atticum,

2021 944 2180 1014 atque
2206 939 2595 1014 veteresmulti
2618 939 2685 1014 de
2707 938 2912 1014 Lucilio
2942 951 3110 1014 poeta
3149 938 3609 1014 contemporaneo

2022 1006 2256 1080 At-ciiiet
2275 1009 2472 1080 (Cecilii
2497 1010 2862 1080 meminerint
2879 1055 2892 1075 ,
2941 1006 3145 1068 Luculli
3183 1006 3384 1080 poeta!
3410 1019 3609 1072 nullus.

2025 1077 2410 1151 peinde‘idem
2443 1079 2508 1151 ad
2551 1081 2756 1151 olymp.
2794 1082 2893 1138 169
2934 1085 3128 1139 dicitur
3164 1077 3324 1140 Caius
3353 1084 3608 1142 Lucilius.

2028 1148 2181 1203 Hunc
2203 1149 2384 1227 Xarro
2407 1150 2574 1206 refert
2597 1148 2969 1219 camposuisse
2989 1169 3153 1223 supra
3177 1155 3391 1227 triginta
3421 1161 3613 1213 satira-

2027 1235 2143 1274 rum
2203 1219 2402 1286 libros,
2451 1237 2677 1291 quarunt
2724 1234 2941 1279 exstant
2978 1219 3154 1280 adhuc
3191 1219 3448 1282 no'nnulla
3499 1229 3612 1283 fra-

2025 1301 2260 1364 gmenta.
2292 1291 2372 1346 Ad
2413 1305 2713 1364 extremum
2741 1304 2972 1364 vergunt
3009 1295 3124 1350 haec
3147 1298 3213 1350 ad
3248 1299 3282 1352 4
3313 1299 3607 1355 Alexandri

2026 1359 2080 1439 in
2113 1360 2411 1439 impressis,
2438 1362 2554 1427 Fa.,
2585 1362 2762 1439 Pet},
2789 1359 3058 1439 Pi'.._Eux.
3078 1407 3093 1430 ,
3123 1367 3256 1422 Mar.
3288 1369 3357 1423 At
3387 1370 3438 1424 in
3467 1369 3566 1426 Lo.
3595 1415 3610 1439 ,

2026 1431 2090 1508 Q.
2123 1444 2174 1485 et
2199 1432 2314 1508 _Vi.,
2347 1434 2413 1487 ad
2445 1449 2532 1488 an.
2585 1435 2638 1488 5.
2681 1435 3043 1508 Proculdubio
3069 1439 3310 1508 vulgaris
3340 1440 3478 1494 situs
3526 1431 3614 1497 re:-

2030 1503 2290 1625 tilnendus1
2300 1515 2424 1630 Est,
2468 1515 2524 1558 ut
2563 1521 2631 1560 ex
2663 1522 2805 1562 anno
2835 1507 2952 1576 ejus
2991 1503 3192 1562 obitus'
3215 1522 3427 1564 constat
3466 1511 3613 1593 circa

2030 1588 2062 1626 0
2087 1589 2231 1630 vmn.
2376 1614 2389 1626 .

2030 1578 2231 1644 olymp.
2266 1578 2389 1630 169.
3545 1578 3553 1593 '

2103 1644 2286 1712 (lbid.)
2344 1644 2702 1718 Descriptione
2761 1648 2939 1702 Roma:
2991 1649 3162 1717 facta,
3215 1658 3320 1704 etc.
3377 1652 3613 1708 Censum

2033 1713 2176 1791 hunc
2201 1727 2427 1791 cen~en_t
2454 1713 2835 1791 collocandum
2868 1719 2932 1772 ad
2966 1713 3054 1773 an.
3092 1721 3126 1771 4
3163 1721 3452 1776 Alexandri
3483 1723 3610 1791 Fa.,

1955 1789 2004 1850 Β
2032 1785 2205 1850 Peta.,
2234 1785 2355 1852 Lo.,
2391 1786 2546 1846 Fux..
2581 1788 2713 1843 Mar.
2741 1799 2795 1845 et
2827 1790 3109 1858 impressi;
3143 1791 3239 1855 0.,
3274 1791 3379 1856 Vi.,
3411 1793 3518 1858 Pi.,
3546 1785 3614 1848 ad

2029 1871 2121 1910 an.
2152 1859 2215 1920 5;
2249 1858 2376 1932 licet
2406 1865 2585 1912 autem
2633 1861 2815 1932 nullus
2849 1862 3203 1929 scriptorum,
3237 1862 3378 1932 quod
3407 1863 3574 1918 sciam
3598 1905 3615 1929 ,

2027 1941 2232 2003 census
2275 1927 2430 2003 hujus
2479 1930 2823 2003 meminerit,
2871 1927 3050 1986 tamen
3099 1927 3279 2000 potest
3325 1934 3508 2003 colligi
3547 1927 3613 1989 ex

2025 1997 2320 2072 Lapidibus
2358 1997 2678 2072 Capitolinis
2704 2042 2718 2063 ,
2763 2015 3020 2056 censores
3063 1997 3276 2058 creatos
3315 1997 3522 2072 Lupuiu
3562 2014 3618 2061 et

2026 2067 2382 2143 Censorinum
2407 2070 2591 2143 adan.
2612 2070 2757 2143 _Urb.
2780 2072 2904 2143 606,
2942 2072 3139 2143 quibus
3169 2076 3213 2128 si
3245 2067 3415 2128 addas
3444 2089 3616 2133 annos

2025 2139 2335 2213 superiores
2367 2141 2435 2192 ab
2462 2139 2732 2196 Abraham
2769 2142 2921 2207 126i,
2954 2139 3191 2212 reperies
3223 2158 3422 2199 annum
3450 2145 3612 2213 1870,

2025 2225 2185 2276 quem
2233 2211 2386 2264 vides
2427 2225 2755 2268 concurrere
2801 2229 2921 2267 cum
2975 2211 3067 2269 illo
3116 2229 3208 2268 an.
3241 2217 3272 2269 4
3305 2211 3617 2272 Alexandri.

2028 2281 2105 2335 De
2139 2281 2330 2336 iisdem
2363 2282 2679 2336 censoribus
2705 2285 2951 2339 meminit
2984 2285 3226 2339 Valerius
3261 2286 3297 2338 Ι.
3329 2302 3404 2340 vr.

2097 2352 2284 2424 (lbid.)
2321 2351 2600 2406 Hominum
2625 2354 2732 2409 5'22
2759 2355 2941 2408 millia.
2980 2354 3265 2408 Hominum
3291 2357 3459 2410 millia
3490 2358 3616 2424 552,

2024 2421 2110 2495 ξι..
2169 2421 2290 2495 Pi.;
2339 2433 2563 2495 trecenta
2611 2425 2825 2495 triginta
2870 2437 3091 2494 quatuor
3136 2428 3324 2491 millia,
3382 2428 3466 2491 V.,
3515 2427 3580 2482 0.

2022 2492 2264 2566 212,000
2306 2493 2438 2566 Mar.
2463 2492 2762 2566 ;7Epitonie
2798 2492 2973 2566 Livii,
3009 2499 3045 2550 Ι.
3091 2512 3262 2561 vau,
3293 2497 3460 2552 millia
3485 2498 3589 2552 524

2023 2562 2307 2687 guodnam
2362 2564 2435 2618 sit
2472 2565 2690 2620 illorum
2740 2562 2968 2635 verius,
3008 2568 3226 2623 aliunde
3271 2583 3381 2624 non
3442 2578 3623 2638 potest

2063 2651 2150 2687 ICI.

2063 2651 2150 2689 ICI.

2095 2705 2555 2782 (lbid.)_0ppius_.‘
2580 2706 2777 2782 Appius
2817 2708 2922 2773 Vi.,
2964 2707 3054 2782 0.,
3086 2709 3343 2782 Vincam;
3379 2710 3618 2782 Opimius

2025 2775 2254 2852 V.,__quac
2287 2777 2447 2832 lectio
2470 2775 2752 2852 videbatur
2773 2780 3072 2846 sequenda,
3107 2782 3150 2834 si
3180 2775 3621 2852 aliuisset'major

2022 2846 2270 2917 coditum
2325 2862 2604 2902 numerus.
2653 2848 2788 2903 Nam
2832 2860 3040 2904 constat
3093 2867 3158 2906 ex
3203 2851 3452 2917 Epitome
3492 2846 3628 2908 Livii

2023 2915 2268 2992 l_._xr.vtl,
2301 2917 2573 2992 Opimium
2605 2921 2883 2992 consulem
2911 2921 3192 2992 subegisse
3237 2915 3622 2992 Transalpinos

2024 2986 2264 3063 Ligures.
2294 2992 2379 3063 qui
2422 2990 2709 3063 Antipolim
2727 3000 2784 3063 Aet
2810 2986 3072 3063 ANictBam'
3088 2993 3282 3063 Oppida
3315 2986 3624 3048 Massilien-

2021 3059 2156 3132 sium
2180 3059 2488 3123 vastabant;
2532 3071 2587 3114 et
2628 3059 2761 3115 nihil
2806 3059 3130 3131 hujusmodi
3157 3066 3275 3129 lego
3308 3065 3515 3132 uspiam
3551 3065 3620 3120 de

2028 3126 2199 3204 Oppio
2233 3146 2250 3184 :
2279 3141 2455 3204 tamen
2504 3126 2980 3204 quiaconsulatus
3029 3126 3236 3204 Opimii
3265 3126 3621 3190 constituitur

2025 3202 2093 3273 ad
2138 3217 2228 3254 an.
2269 3204 2302 3256 5
2331 3203 2535 3269 olymp.
2586 3201 2724 3265 156,
2769 3218 2798 3254 a
2831 3217 2941 3272 quo
2980 3217 3042 3257 ea
3075 3201 3193 3272 quae
3227 3203 3314 3259 hic
3349 3205 3418 3259 de
3451 3204 3622 3273 Oppio

2027 3272 2299 3345 dicuntur,
2331 3280 2457 3345 sunt
2485 3275 2784 3339 posteriora
2817 3275 2974 3328 annis
3001 3274 3055 3340 7,
3089 3274 3322 3330 liberum
3359 3272 3621 3345 judicium

2027 3341 2216 3396 lectori
2247 3343 2623 3411 relinquimus.

2099 3412 2281 3483 (Ibid).
2321 3413 2757 3483 Et'Garthago....
2791 3413 2986 3468 habens
3010 3432 3041 3467 a
3076 3417 3373 3472 conditione
3414 3417 3497 3471 sui
3526 3435 3621 3471 an-

2027 3501 2119 3538 nos
2141 3484 2272 3548 668,
2296 3495 2350 3536 ut
2382 3501 2502 3538 vero
2526 3485 2617 3536 alii
2646 3485 2919 3554 afﬁrmant
2945 3503 3033 3540 an.
3061 3487 3184 3542 748.
3212 3488 3266 3540 In
3297 3491 3400 3541 Au.
3433 3505 3463 3539 a
3490 3505 3614 3541 con-

2025 3556 2222 3609 ditione
2244 3557 2324 3608 sui
2354 3557 2458 3610 748
2476 3597 2489 3619 ,
2524 3555 2727 3623 reliqua
2755 3556 3023 3610 exsulant.
3060 3556 3115 3611 In
3147 3557 3208 3610 V.
3228 3599 3244 3622 ,
3271 3557 3366 3611 Fa.
3386 3598 3401 3622 ,
3427 3559 3619 3620 eadem

2029 3627 2296 3680 habentur
2326 3641 2444 3693 quae
2476 3629 2528 3678 in
2555 3626 2822 3694 vulgatis,
2857 3626 2960 3680 nisi
2994 3628 3134 3695 quod
3175 3643 3270 3695 pro
3309 3628 3415 3682 748
3440 3637 3620 3683 exstet

2029 3696 2152 3751 778.
2187 3697 2256 3750 At
2285 3697 2336 3750 in
2368 3696 2468 3750 Va.
2505 3705 2560 3749 et
2595 3696 2728 3767 Mar.
2750 3737 2764 3761 ,
2797 3697 2924 3752 768.
2967 3698 3070 3752 Sed
3117 3699 3202 3752 hic
3235 3698 3423 3752 mirari
3451 3713 3620 3767 cogor

2025 3768 2297 3836 quomodo
2339 3767 2602 3820 lectiones
2642 3765 2725 3820 hae
2756 3776 3042 3833 tantoiiere
3085 3769 3416 3823 abhorreant
3451 3765 3619 3824 ab‘iis

2025 3853 2144 3906 qua:
2174 3839 2240 3891 de
2265 3838 2594 3908 Carthagine
2617 3837 2834 3908 condita
2882 3839 3117 3893 diversis
3155 3838 3491 3908 temporibus
3522 3854 3614 3894 re-

2027 3908 2133 3961 l'ert
2155 3919 2365 3969 auctor,
2395 3907 2551 3960 itaut
2600 3906 2746 3960 nulla
2778 3907 2969 3961 haruru
3008 3924 3130 3962 cum
3165 3906 3284 3963 illis
3313 3911 3622 3964 conveniat.

2026 3982 2233 4032 Auctor
2280 3988 2526 4032 notarum
2566 3977 2620 4031 in
2654 3977 2958 4040 Jusdnum.
2993 3996 3046 4045 p.
3089 3979 3188 4043 55,
3234 3980 3482 4034 meminit
3518 3994 3620 4034 ms.

2024 4049 2285 4102 Clironici
2317 4049 2522 4112 nostri,
2555 4049 2608 4102 in
2643 4063 2753 4118 quo
2785 4064 2886 4118 pro
2917 4050 3020 4104 668
3057 4052 3364 4118 appositum
3389 4053 3461 4104 sit
3491 4051 3618 4105 675.

2025 4119 2264 4181 Solinus,
2299 4135 2348 4172 ι’.
2379 4118 2468 4183 50,
2497 4129 2746 4173 numerat
2766 4136 2938 4174 annos
2971 4120 3095 4186 757,
3119 4136 3226 4190 quo
3251 4122 3372 4176 loco
3397 4119 3624 4176 Vinetus

2025 4190 2101 4261 ait
2130 4206 2189 4244 se
2219 4191 2517 4245 advertisse
2547 4191 2600 4244 in
2634 4193 2804 4245 Veteri
2835 4190 3199 4260 chirographo
3225 4192 3352 4246 677.
3376 4192 3624 4261 Epitome

2028 4259 2192 4324 Livii,
2224 4261 2259 4314 I.
2290 4276 2360 4314 LI.
2387 4261 2860 4330 aitCarlhaginem
2887 4259 3100 4314 stetisse
3127 4278 3294 4315 annm
3315 4259 3440 4316 700.
3475 4260 3624 4316 Idem

2027 4330 2252 4386 tradunt
2283 4331 2477 4388 Suidas
2500 4342 2552 4385 et
2583 4334 2774 4400 Appia.
2811 4333 2846 4385 Ι.
2884 4347 2898 4384 ι
2932 4336 2998 4385 de
3023 4333 3159 4385 Bell.
3196 4333 3412 4397 Punic.,
3436 4332 3625 4388 Pater-

2025 4405 2177 4456 culus
2207 4419 2332 4456 ann.
2379 4404 2504 4463 667.
2533 4402 2746 4466 Cicero,
2774 4403 2812 4457 Ι.
2839 4402 2943 4474 ide
2983 4401 3312 4474 Republica,
3355 4415 3620 4458 sexcentos

2031 4477 2138 4543 fere
2164 4490 2352 4527 annos.
2395 4474 2583 4526 Nullus
2639 4484 2818 4527 autem
2859 4472 2948 4526 hor
2967 4490 3054 4528 um
3092 4472 3442 4529 numerarunt
3487 4489 3622 4529 con-

2032 4546 2182 4599 venit
2207 4561 2329 4598 cmn
2363 4545 2446 4598 his
2473 4559 2592 4612 qua:
2617 4553 2806 4596 auctor
2832 4555 2987 4596 antea
3029 4546 3247 4613 scripsit
3275 4546 3343 4600 de
3381 4557 3625 4613 tempore

2031 4618 2263 4668 condita:
2289 4615 2451 4683 hujus
2478 4614 2627 4666 urbis
2659 4629 2674 4669 :
2705 4614 2829 4667 vide
2861 4624 3016 4669 notas
3045 4615 3097 4668 in
3130 4630 3334 4670 annum
3363 4615 3490 4671 970.
3520 4613 3629 4669 Ob-

2031 4687 2360 4740 servandum
2417 4685 2636 4740 demum
2685 4700 2791 4738 non
2851 4700 3049 4749 paucos
3100 4686 3268 4740 libros
3322 4688 3388 4739 ad
3441 4698 3529 4738 an.
3591 4685 3628 4739 5

2033 4757 2350 4821 Alexandri,
2394 4770 2490 4809 seu
2521 4757 2555 4808 5
2598 4757 2800 4824 olymp.
2836 4753 2958 4815 158,
2991 4770 3386 4822 annumerare,
3422 4764 3480 4808 ut
3506 4755 3624 4820 Fa.,

2031 4828 2207 4894 Peta.,
2255 4827 2376 4886 Lo.,
2431 4825 2566 4878 Frix.
2599 4835 2655 4878 et
2693 4827 2972 4894 impressi;
2999 4827 3089 4879 alii
3122 4836 3179 4880 ut
3210 4829 3288 4880 Pi.
3311 4868 3326 4892 ,
3353 4827 3523 4890 Man,
3555 4826 3623 4878 ad

2030 4914 2121 4953 an.
2149 4901 2213 4962 6;
2253 4898 2358 4964 Vi.,
2384 4898 2473 4961 0.,
2501 4898 2568 4950 ad
2611 4913 2700 4950 an.
2732 4895 2786 4950 9.
2823 4896 3182 4951 Proculdubio
3211 4898 3462 4966 vulgatus
3491 4897 3628 4966 situs

3600 2446 3616 2494 ἶ

2013 4979 2117 5024 .est
2147 4969 2484 5023 retinendus.
2529 4968 2746 5021 Certum
2779 4967 2921 5019 enim
2963 4977 3047 5020 est
3074 4983 3141 5022 ex
3180 4965 3484 5033 Macrobio,
3519 4965 3555 5019 Ι.
3591 4979 3630 5020 ιι

2032 5056 2082 5094 c.
2107 5041 2140 5094 8
2167 5040 2216 5091 in
2247 5039 2434 5094 Somn.
2466 5040 2758 5107 Scipionis,
2788 5046 2843 5092 et
2872 5037 3140 5106 colligitur
3166 5053 3230 5092 ex
3272 5039 3466 5092 ordine
3493 5051 3629 5090 con-

2032 5111 2210 5166 sulum
2233 5109 2545 5163 Cassiodori
2563 5109 2945 5176 Carthaginem
2971 5124 3214 5163 eversattt
3237 5125 3325 5164 an.
3348 5108 3480 5165 Urb.
3496 5108 3623 5163 607.

2033 5183 2164 5234 Nam
2194 5181 2331 5235 adde
2369 5181 2470 5235 607
2519 5179 2587 5233 ad
2633 5193 2802 5232 annos
2839 5179 3071 5232 Aliralne
3116 5177 3276 5242 1264.
3322 5188 3446 5249 post
3491 5194 3628 5249 quos

2035 5253 2295 5307 Eusclnus
2308 5252 2494 5322 incipit
2511 5250 2788 5304 conditum
2808 5249 3204 5322 Urbis,scilicet
3221 5253 3289 5305 ab
3303 5251 3328 5303 1
3346 5251 3624 5322 olympJ,

2033 5323 2294 5377 conlinies
2336 5321 2498 5389 187i,
2552 5336 2710 5389 quem
2763 5321 2913 5374 vides
2968 5335 3295 5377 concurrere
3354 5321 3477 5378 cum
3534 5321 3630 5376 illo

2035 5409 2123 5447 an.
2167 5397 2200 5449 ὅ
2242 5405 2296 5448 et
2325 5410 2413 5447 an.
2469 5395 2502 5448 5
2545 5395 2753 5462 olymp.
2807 5390 2925 5445 1.58.
2962 5391 3235 5448 Firmatur
3260 5398 3423 5450 etiam
3455 5407 3630 5448 annus

2035 5466 2166 5522 Urb.
2193 5467 2522 5520 anct0ritate
2559 5463 2764 5524 Solini,
2790 5465 2918 5516 dum
2952 5465 3143 5517 scribit
3175 5467 3397 5520 tertium
3426 5466 3628 5520 bellum

2033 5538 2636 5610 Punicnm‘iucmptum
2689 5549 2833 5610 an_no
2881 5533 3012 5610 Urb.
3059 5536 3195 5610 604,
3238 5538 3445 5591 scilicet
3475 5550 3566 5610 an.
3598 5531 3624 5584 1

2035 5610 2236 5678 olymp.
2271 5605 2518 5678 7‘(nam,
2570 5619 2692 5659 cum
2735 5605 3029 5678 Eutropius
3073 5607 3221 5662 dicat
3262 5606 3630 5678 sexcentesimo

2035 5674 2290 5746 secundo,
2336 5674 2551 5732 inchoat
2616 5675 2918 5730 secundum
2957 5676 3250 5731 Varronem
3299 5681 3367 5732 ab
3407 5692 3550 5731 anno
3594 5674 3628 5729 5

2036 5753 2239 5820 olymp.
2273 5750 2372 5820 ο),
2407 5757 2462 5802 et
2491 5763 2681 5803 omnes
2716 5748 2936 5802 tradunt
2974 5747 3106 5802 illud
3148 5749 3454 5803 confectum
3490 5750 3629 5802 intra

2037 5819 2267 5892 quatuor
2320 5819 2513 5876 annos.
2569 5821 2840 5877 Praiterea
2872 5829 3086 5874 constat
3139 5834 3206 5873 ex
3249 5819 3456 5874 Velleio
3509 5820 3544 5873 Ι.
3588 5834 3627 5882 t,
