4112 6428
293 355 393 414 981

1208 353 1326 410 AR.
1364 349 1664 410 PONTACI
1697 343 2247 408 CASTIGATIONES
2285 345 2375 403 ET
2410 343 2645 404 NOTE.

3469 333 3578 393 983

293 474 459 544 tutum
485 485 636 544 super
667 473 832 540 duos;
866 473 1135 544 Epipbsn.
1170 472 1226 528 in
1254 470 1493 544 Ancbor.
1513 509 1532 544 ,
1558 469 1870 544 Cassiodor.
1899 474 1958 536 Α,
1975 465 2070 522 die
2084 450 2381 544 il‘lllai-tii,
2409 472 2468 521 et
2495 462 2739 522 secundo
2765 460 2856 520 die
2874 457 3242 535 Quinquatria
3263 455 3384 516 sive
3406 457 3577 516 festo-

289 547 347 600 in
384 535 611 609 Chron.,
659 535 928 600 Isidorutn
968 535 1022 601 in
1064 543 1293 606 Chron..
1333 553 1389 599 et
1426 543 1626 600 Bedam
1663 541 1732 598 de
1771 535 1954 596 lia-7’
1980 555 2102 594 rum
2129 535 2386 593 Minerva:
2417 556 2431 591 :

239 667 243 678 ,
289 619 712 685 tinnetempor.,
763 617 1078 686 Nicephor.,
1109 617 1392 672 Constant.
1440 618 1491 671 in
1522 614 1750 686 Chron.,
1783 611 1876 684 qui

288 697 519 758 quatuor
567 683 858 744 Eusebium
898 683 1252 753 aemulantur,
1302 698 1362 742 ut
1404 687 1522 757 ipse
1555 683 1873 758 Josepbuin.

288 756 369 831 Re
407 772 586 814 autem
629 761 821 816 melius
863 771 1174 831 perspecta,
1201 756 1568 816 existimamus
1595 758 1740 831 illam
1773 756 1874 811 ad-

286 830 549 886 ditionem
579 845 674 886 sex
702 832 966 887 mensium
991 828 1116 902 jure
1149 833 1354 902 optimo
1375 845 1536 901 posse
1558 828 1733 899 rejici,
1763 840 1874 882 tum

285 903 418 972 Quia
466 917 572 957 non
622 903 864 957 videmus
911 903 1182 974 quomodo
1230 903 1299 957 sit
1341 919 1410 960 ex
1463 912 1645 956 mente
1690 908 1878 954 aucto-

282 975 387 1040 ris,
406 976 494 1044 qui
522 979 763 1044 Augusto
785 975 976 1029 tribuit
997 986 1204 1030 tantum
1227 989 1399 1029 annos
1419 975 1544 1044 vitat.
1559 974 1649 1037 76,
1671 982 1725 1028 et
1744 988 1878 1026 con-

281 1043 463 1119 stituit
494 1043 705 1119 initium
737 1047 948 1119 imperii
981 1061 1123 1102 anno
1149 1046 1184 1100 ‘2
1205 1047 1417 1119 rolytnp.
1450 1043 1583 1110 184;
1615 1045 1877 1119 tumquia

281 1117 506 1173 obstant
538 1117 844 1173 testimonia
872 1129 1115 1174 veterum
1147 1117 1305 1189 (licet
1328 1133 1438 1172 non
1461 1126 1708 1170 constent
1734 1117 1878 1189 inter

279 1189 367 1259 se)
395 1192 484 1260 qui
511 1189 581 1244 de
609 1189 698 1245 die
728 1190 844 1259 ejus
871 1198 1045 1256 ortus,
1073 1187 1288 1259 imperii
1320 1197 1376 1244 et
1403 1189 1604 1254 obitus,
1638 1187 1873 1257 scripse-

280 1271 432 1324 runt,
464 1271 626 1330 atque
650 1263 812 1315 etiam
835 1262 1350 1329 demonstrationes,
1376 1275 1511 1332 quas
1531 1260 1875 1332 accuratissi-

283 1347 376 1386 me
415 1332 636 1388 deducit
671 1332 1070 1388 eruditissimus
1104 1333 1344 1402 Scaliger
1385 1331 1476 1386 ltb.
1517 1348 1549 1385 ν
1583 1331 1866 1386 Emendat.

283 1417 409 1473 pag.
439 1403 567 1473 415,
597 1419 777 1474 scqq.,
803 1417 858 1459 et
878 1404 1006 1474 455,
1035 1421 1193 1475 quem
1216 1403 1607 1459 consulendum
1635 1403 1730 1456 tibi
1750 1417 1875 1457 sua—

282 1475 409 1548 deo.
438 1477 550 1548 lloc
573 1475 787 1530 unicum
813 1476 1028 1541 addam,
1057 1492 1151 1532 eos
1175 1477 1264 1546 qui
1287 1476 1490 1548 addunt
1519 1489 1612 1529 sex
1634 1490 1872 1539 menses,

280 1547 452 1601 videri
475 1547 589 1618 _h0c
613 1549 794 1602 facere
825 1550 952 1618 quia
985 1551 1216 1604 fortasse
1243 1547 1506 1616 incipiunt
1532 1560 1818 1601 numerare
1843 1563 1874 1601 e

279 1621 432 1674 cade
460 1616 721 1687 Cirsaris,
756 1616 874 1688 quae
903 1620 1076 1673 anteit
1102 1635 1195 1675 ses
1225 1619 1502 1674 mensibus
1528 1618 1870 1673 Consulatum

278 1689 512 1760 primum
540 1690 790 1760 Augusti,
821 1701 879 1744 ut
908 1691 1120 1747 dicetur
1149 1701 1356 1758 postea.

352 1761 630 1833 (5M,_tv.)
657 1761 912 1816 Antonius
939 1763 1210 1816 adversum
1236 1761 1488 1818 Caesarem
1517 1760 1648 1830 Aug.
1681 1761 1872 1833 bellum

277 1831 466 1886 movet.
489 1831 624 1888 Cum
657 1844 760 1887 tam
792 1835 932 1890 belle
953 1835 1294 1890 consentiant
1314 1834 1532 1888 codices
1558 1835 1714 1889 ιειιχ..
1743 1831 1860 1890 Pa..-

279 1905 458 1971 Peta.,
492 1904 614 1973 Lo.,
647 1903 754 1969 Pi.,
790 1905 896 1970 Vi.,
924 1907 1012 1974 0.,
1041 1907 1200 1974 Mar.,
1228 1917 1283 1961 et
1313 1906 1563 1972 impressi
1595 1904 1741 1974 (quid
1770 1875 1866 1959 alii
1900 1882 1948 1945 Β

278 1992 392 2033 non
422 1979 700 2044 memini),
735 1984 793 2031 ut
823 1991 912 2031 an.
945 1981 970 2032 1
1004 1979 1236 2048 Augusti
1263 1977 1434 2032 velint
1462 1977 1731 2048 evenisse,
1767 1991 1867 2030 nec

281 2063 382 2102 nos
407 2049 778 2109 dissentimus.
806 2049 928 2118 quia
954 2047 1453 2104 idemiconlirmant
1474 2047 1730 2110 Velleius,
1758 2049 1868 2116 Ap-

279 2124 498 2192 pianus,
528 2119 847 2185 Suetonius,
877 2121 1090 2187 Florus,
1128 2121 1466 2192 Plutarchus,
1493 2129 1548 2192 et
1568 2134 1756 2173 omnes
1779 2134 1868 2171 ve-

281 2190 448 2258 ﬁeres,
479 2193 606 2246 dum
644 2193 710 2246 de
754 2193 854 2246 hoc
890 2192 1031 2248 bello
1075 2193 1221 2248 dicto
1249 2190 1535 2246 Mutinensi
1578 2193 1872 2261 loquuntur

279 2266 501 2320 decreto
533 2282 560 2318 a
589 2273 780 2318 senatu
815 2277 1001 2319 contra
1033 2266 1347 2319 Antonium.

352 2336 548 2405 (lbid.)
579 2334 852 2394 Laberius.
883 2335 1117 2390 Liberius
1144 2339 1209 2391 A.
1231 2381 1246 2404 ,
1272 2335 1336 2391 Η.
1359 2377 1375 2402 ,
1401 2334 1493 2391 So.
1513 2375 1530 2404 ,
1557 2334 1707 2401 Pet.,
1737 2333 1866 2397 8a.;

283 2407 531 2462 Taberius
562 2407 630 2461 Μ.
667 2407 773 2461 Sed
807 2409 928 2477 quis
957 2409 1185 2477 primam
1218 2409 1499 2463 nobiscum
1533 2424 1639 2461 non
1672 2407 1875 2461 sentiat

280 2479 676 2548 praeferendam
705 2480 940 2543 caeteris,
967 2481 1012 2534 si
1036 2482 1266 2534 aliorum
1289 2479 1792 2549 cbirograpborum,
1817 2486 1879 2532 et

278 2551 412 2606 Mar.
434 2590 450 2615 ,
479 2561 534 2604 et
559 2550 788 2605 Vincen.
815 2595 829 2618 ,
865 2563 918 2605 et
947 2550 1442 2606 vetustissimorum
1472 2563 1752 2604 auctorum
1789 2564 1874 2602 ra-

282 2625 479 2676 tionem
511 2624 707 2676 habeat
727 2665 742 2689 ,
766 2620 1070 2684 Ciceronis.
1101 2623 1392 2692 Macrobii,
1421 2621 1589 2683 Livii,
1623 2620 1869 2685 Senecae,

281 2694 438 2751 Gellii
481 2706 536 2748 et
573 2695 835 2758 aliorum,
864 2695 956 2764 qui
985 2695 1191 2749 Laberii
1222 2693 1372 2748 Mimi
1399 2710 1497 2748 seu
1521 2692 1874 2765 Mimographi

279 2767 670 2832 meminerunt,
701 2766 780 2819 sic
807 2767 1200 2833 cognominati,
1233 2765 1378 2836 quod
1409 2765 1605 2820 mimos
1636 2765 1874 2832 scripse-

281 2840 391 2902 rit,
425 2845 483 2890 ut
516 2838 776 2906 colligere
809 2837 932 2891 licet
971 2853 1034 2892 ex
1073 2835 1367 2893 Gellio’lib.
1398 2852 1428 2892 ι
1458 2853 1508 2892 c.
1543 2837 1630 2890 l7.
1662 2835 1873 2893 Athmc

281 2910 405 2964 libri
453 2921 548 2962 seu
591 2925 754 2962 manu
799 2922 890 2962 seu
938 2911 1077 2981 typis
1108 2910 1330 2974 emissi,
1361 2920 1416 2964 et
1441 2909 1610 2981 Man,
1627 2909 1692 2962 ad
1725 2923 1812 2981 an.
1842 2907 1868 2962 1

283 2981 510 3050 Augusti
558 2981 857 3047 collocant,
906 2979 1064 3050 quem
1107 2981 1269 3034 situtu
1319 2995 1420 3034 nec
1460 2996 1560 3034 nos
1601 2979 1876 3050 improba-

287 3054 484 3108 bimus.

361 3120 560 3194 (lbid.)
584 3121 809 3176 Publius
841 3123 1254 3195 Mimographus.
1291 3123 1466 3178 llabes
1495 3125 1593 3178 ista
1617 3121 1690 3195 ad
1721 3135 1809 3195 an:
1845 3119 1870 3173 1

296 3192 549 3265 AuguSti,
583 3192 1046 3250 consentientibus
1076 3192 1327 3250 omnibus
1357 3195 1509 3250 libris
1542 3192 1876 3265 etMar.E1t-

2099 629 2301 693 Lucifer
2321 629 2570 693 amborum
2590 628 2830 693 natalibus
2864 626 3016 693 adfuit
3039 629 3192 693 idem,

2168 692 2273 742 Una
2295 691 2546 742 celebrata
2570 699 2646 742 est
2669 706 2759 754 per
2774 692 2872 740 duo
2897 691 2991 741 liba
3014 693 3142 754 dies.

2100 755 2220 807 Haec
2244 754 2587 817 estiarmiferaa
2609 753 2682 804 de
2693 754 2829 804 festis
2843 753 3344 817 quinqueMinervaa,

2165 818 2285 878 Quae
2309 816 2415 867 ﬁeri
2437 829 2599 880 pugna
2622 817 2774 879 pritna
2792 814 3000 866 cruenta
3017 814 3164 866 solet.

2052 902 2252 973 (Ibid.)
2291 901 2446 957 Caius
2486 900 2758 975 Falcidius
2799 902 3161 975 tribun._pleb.
3215 903 3378 975 legent
3428 902 3570 975 tulit,

1980 983 2088 1032 etc.
2119 977 2565 1030 Annumerantur
2592 974 2689 1027 ista
2717 974 2951 1029 diverse.
2979 973 3109 1027 Natu
3133 974 3186 1028 in
3212 973 3318 1039 Pi.,
3340 974 3431 1035 0.,
3458 974 3568 1041 Vi.,

1981 1058 2034 1103 et
2059 1062 2166 1102 uno
2196 1060 2263 1104 es
2289 1061 2420 1100 mss.
2451 1045 2615 1108 Fab.,
2635 1044 2702 1098 ad
2732 1060 2822 1100 an.
2850 1047 2875 1100 1
2902 1049 3163 1116 Augusti;
3196 1046 3357 1115 Fux.,
3389 1045 3568 1104 Peta..

1981 1119 2016 1174 5
2043 1119 2216 1174 Vatic.
2249 1129 2304 1173 et
2330 1117 2440 1172 duo
2463 1131 2527 1172 ex
2557 1130 2689 1170 mss.
2718 1117 2877 1184 Fab.,
2907 1124 2973 1172 ad
3001 1133 3091 1172 an.
3120 1119 3192 1183 2;
3223 1119 3346 1185 Fa.,
3380 1117 3505 1180 Lo.,
3533 1117 3573 1172 4

1981 1189 2264 1257 Vaticani,
2298 1199 2352 1245 et
2385 1188 2540 1253 cusi,
2581 1190 2648 1242 ad
2683 1205 2776 1259 an.
2807 1190 2872 1254 5,
2905 1190 2997 1258 qui
3045 1193 3266 1259 propius
3304 1188 3573 1245 accedunt

1979 1265 2044 1315 ad
2074 1261 2303 1317 Dionem
2345 1260 2444 1316 lib.
2475 1275 2654 1332 sunt.
2704 1258 2755 1313 Is
2784 1263 2928 1332 enim
2960 1260 3129 1332 refert
3153 1258 3327 1332 legem
3361 1260 3499 1314 hanc
3537 1275 3570 1315 a

1977 1334 2222 1389 Falcidio
2247 1334 2432 1396 latam,
2455 1349 2588 1387 coss.
2615 1330 2838 1384 Domitio
2876 1341 2923 1385 et
2956 1330 3230 1398 Pollione,
3255 1348 3391 1400 quos
3419 1332 3574 1387 Fasti

1979 1405 2242 1474 Onupbrii
2291 1405 2558 1459 collocant
2597 1403 2666 1458 ad
2701 1419 2903 1475 annum
2948 1407 2971 1475 1
3007 1405 3210 1475 olymp.
3241 1403 3373 1469 185,
3411 1412 3466 1458 et
3493 1405 3572 1458 ita

1977 1473 2236 1531 differunt
2262 1492 2371 1530 uno
2400 1483 2610 1529 tantum
2637 1489 2802 1530 anno.
2832 1473 3168 1544 Xiphilinus'
3197 1477 3391 1530 eodem
3428 1478 3574 1530 reci-

1975 1548 2077 1608 dit.
2113 1549 2241 1604 licet
2268 1547 2472 1602 scribat
2497 1545 2700 1601 factum
2733 1546 2834 1601 sub
2863 1545 3101 1601 Cornelio
3127 1544 3333 1612 Balbo;
3363 1562 3488 1600 nam
3522 1546 3570 1601 is

1975 1619 2234 1683 Domitio,
2273 1621 2362 1688 qui
2401 1618 2699 1686 abdicarat,
2739 1615 3000 1673 suffectus
3037 1628 3140 1673 est.
3183 1618 3355 1688 Porro
3385 1617 3572 1672 abhis

1976 1691 2198 1745 Publius
2225 1687 2497 1744 Falcidius
2519 1689 2846 1758 appellatur,
2870 1693 2958 1760 qui
2982 1691 3186 1745 auctori
3209 1687 3269 1745 C.
3293 1687 3568 1744 Falcidius

1974 1772 2079 1825 est,
2112 1776 2142 1814 a
2173 1762 2312 1817 Mar.
2339 1776 2471 1816 vero
2501 1761 2562 1814 (ὲ.
2589 1760 2858 1818 Salonius.

2045 1831 2240 1903 (Ibid.)
2276 1833 2336 1888 Si
2363 1845 2583 1903 quatuor
2611 1842 2701 1885 aut
2730 1833 2902 1886 minus
2931 1843 3097 1889 essent
3130 1849 3149 1888 :
3179 1834 3223 1888 si
3250 1841 3419 1888 autem
3450 1833 3570 1903 plus

1971 1915 2214 1968 quatuor,
2237 1915 2371 1972 ete.,
2396 1919 2566 1974 usque
2587 1905 2887 1975 partiretur.
2908 1905 3012 1960 Ista
3035 1923 3144 1961 non
3164 1916 3385 1961 exstant
3409 1907 3460 1959 in
3475 1906 3571 1969 A.,

1969 1977 2102 2041 Au.,
2148 1977 2236 2043 L.,
2283 1976 2380 2041 LL,
2407 1977 2496 2044 V.,
2537 1976 2624 2041 P.,
2653 1976 2768 2039 AL,
2796 1975 2904 2044 Pi.,
2934 1977 3042 2042 Vi.,
3071 1978 3161 2043 0.,
3195 1977 3372 2041 Pcta.,
3398 1976 3564 2042 Fux.,

1973 2050 2148 2103 tribus
2188 2063 2319 2103 mss.
2355 2049 2516 2114 Fab.,
2544 2047 2666 2108 Lo.,
2715 2047 2883 2115 ldac.,
2917 2049 3048 2103 Mar.
3079 2059 3134 2104 et
3165 2049 3433 2110 Vincen.;
3469 2061 3570 2103 nec

1971 2120 2135 2175 etiam
2161 2121 2212 2174 in
2243 2134 2375 2175 mss.
2399 2119 2620 2175 Antonii
2641 2120 2844 2184 Contii,
2876 2131 2932 2175 ut
2961 2121 3121 2176 fidem
3153 2119 3284 2175 facit
3315 2125 3358 2174 is
3385 2120 3523 2174 libro
3545 2135 3566 2175 t

1971 2191 2220 2247 Lection.
2254 2193 2591 2248 subsecivar.
2620 2208 2742 2259 cap.
2771 2193 2825 2259 5,
2853 2205 2903 2247 et
2935 2193 3157 2259 merito,
3179 2203 3240 2246 ut
3263 2199 3482 2246 constat
3502 2205 3572 2246 ex

1972 2263 2079 2334 leg.
2112 2278 2129 2316 ι
2157 2264 2224 2318 ad
2246 2263 2444 2331 legem,
2477 2262 2687 2334 Falcid.
2709 2279 2827 2328 qua:
2854 2263 3099 2319 continet
3126 2273 3333 2318 tantum
3366 2278 3567 2332 prtece-

1972 2333 2176 2400 de’ntia,
2212 2351 2274 2388 ne
2297 2336 2413 2404 quis
2441 2333 2558 2405 plus
2585 2344 2906 2405 testamento,
2929 2345 3062 2402 etc.,
3090 2335 3177 2390 cui
3202 2337 3404 2404 optime
3431 2350 3570 2390 con-

1973 2407 2140 2461 sentit
2165 2407 2261 2461 Dl0
2292 2407 2386 2461 lib.
2421 2403 2590 2460 sum
2617 2427 2628 2460 :
2660 2403 3062 2478 Leeralcidia,
3097 2403 3292 2474 inquit,
3312 2407 3570 2478 permittit

1974 2489 2028 2532 ut
2057 2479 2236 2543 Intres,
2272 2479 2317 2531 si
2343 2478 2696 2548 hereditatem
2719 2477 2863 2530 adire
2884 2488 3145 2548 gravetur,
3168 2477 3454 2548 quadrante
3475 2497 3566 2532 aa-

1975 2559 2121 2618 cepto
2143 2549 2402 2619 reliquum
2422 2547 2665 2602 dimittat.
2684 2549 2835 2604 Adde
2851 2547 2994 2620 quod
3016 2547 3208 2605 Isidor.
3231 2550 3323 2603 lib.
3340 2565 3372 2603 ν
3389 2547 3565 2619 Orig.,

1975 2636 2096 2675 cum
2137 2621 2335 2688 ubique
2377 2621 2631 2689 pleraque
2664 2637 2735 2676 ex
2777 2632 2962 2676 nostro
2993 2621 3265 2676 Chronico
3305 2625 3568 2678 transcri-

1976 2692 2087 2759 bat,
2124 2692 2488 2760 praetermittit
2516 2691 2631 2746 haec
2659 2694 2866 2758 omnia,
2897 2694 3022 2747 aliis
3047 2693 3294 2758 retentis,
3321 2693 3566 2749 utetiam
3625 2747 3628 2754 ,

1976 2765 2217 2835 reperies
2245 2764 2298 2818 in
2323 2778 2446 2832 cap.
2475 2762 2748 2829 Qutedam,
2769 2762 2896 2818 dist.
2921 2767 2974 2828 2,
3006 2773 3306 2835 sumptoex
3333 2763 3562 2820 Isidoro.

1977 2834 2222 2903 Conjicio
2255 2849 2476 2890 causam
2507 2835 2708 2889 erroris
2740 2849 3092 2904 promanasse
3126 2834 3190 2890 ex
3218 2834 3438 2905 Legulei
3473 2851 3568 2891 cu-

1973 2909 2187 2976 jusdam
2220 2906 2464 2978 inscitia,
2498 2907 2586 2975 qui
2619 2906 2810 2978 tribuit
2843 2906 3276 2978 Falcidio-quod
3320 2907 3567 2963 tribuen-

1978 2975 2104 3032 dum
2130 2989 2245 3032 erat
2265 2977 2597 3033 Justiniano.
2629 2975 2761 3032 Nam
2791 2978 2907 3046 ipse
2931 2989 3036 3044 est,
3059 2975 3227 3047 quiin
3249 2979 3476 3048 gratiam
3501 2981 3568 3034 li-

1979 3049 2235 3122 berorum
2261 3051 2411 3122 auxit
2440 3065 2546 3103 non
2573 3051 2750 3122 solum
2781 3059 3028 3118 quartam
3059 3059 3288 3122 natura},
3313 3065 3412 3122 seu
3436 3051 3568 3122 legi-

1979 3122 2168 3175 timam
2190 3120 2270 3174 eis
2290 3120 2548 3186 debitam,
2565 3130 2620 3175 et
2641 3121 2800 3176 etiam
2823 3133 3069 3190 quartam
3087 3120 3567 3188 Trebellianicain,

1980 3194 2145 3248 immo
2167 3207 2380 3247 omnem
2405 3202 2675 3262 quartam,
2708 3207 2829 3263 quae
2857 3193 2981 3247 [iliis
3001 3211 3028 3247 a
3056 3193 3302 3262 qualibet
3327 3192 3447 3262 lege
3471 3194 3569 3248 da-

301 3264 502 3344 press-io
525 3266 1198 3344 haecpoteritalicuilorte
1218 3282 1358 3321 vana
1377 3267 1658 3344 etinutilis
1680 3264 1869 3344 videri,
1903 3277 1950 3344 ε
1983 3275 2090 3344 tur,
2126 3275 2275 3331 patre
2302 3279 2526 3344 mortuo
2547 3274 2745 3344 testato
2760 3280 2783 3344 ς,
2809 3265 2905 3344 _sed
2937 3265 3267 3344 specialiter,
3290 3279 3362 3344 ac
3393 3266 3570 3319 nomi-

298 3353 412 3392 cutn
440 3338 555 3392 loca
579 3337 666 3391 illa
692 3347 908 3392 notasse
934 3340 1166 3393 sufficiat
1189 3355 1306 3410 quae
1330 3340 1638 3394 varietatem
1665 3337 1874 3407 patiun-

296 3421 398 3463 tur.
433 3411 735 3478 Aliquando
757 3421 932 3464 tameu
957 3412 1357 3466 observandum
1381 3412 1653 3476 duximus,
1684 3423 1750 3464 ιιε
1769 3417 1874 3479 ψη

294 3483 532 3554 supersit
559 3482 824 3554 dubitatio
856 3483 931 3554 illi
959 3485 1047 3552 qui
1077 3482 1286 3538 haerere
1316 3487 1367 3537 in
1397 3483 1483 3538 his
1514 3490 1715 3554 posset.

367 3551 770 3624 (lbid.)7Cicero
796 3554 850 3606 in
878 3551 1196 3609 Pharmiano
1230 3551 1633 3618 occiduum—etc.
1667 3552 1726 3607 In
1756 3551 1878 3615 Fa.,

295 3623 504 3694 septem
542 3623 815 3680 Vaticanis
857 3635 912 3679 et
950 3627 1222 3694 prioribus
1265 3629 1599 3682 editionibus
1641 3637 1879 3694 oppone-

297 3696 496 3750 bantur
523 3695 623 3749 ista
651 3712 743 3751 an.
770 3694 806 3750 2
832 3700 1081 3763 Augusti,
1115 3714 1214 3753 nos
1237 3701 1547 3766 reponenda
1569 3699 1882 3754 censuimus

296 3771 440 3820 circa
467 3781 557 3822 an.
587 3768 641 3833 1,
669 3769 840 3838 secuti
874 3768 981 3831 Pi.,
1011 3769 1172 3836 Fux.,
1207 3770 1382 3832 Pcta.,
1411 3771 1518 3838 Vi.,
1551 3770 1642 3832 0.,
1675 3770 1794 3828 Lo.,
1829 3775 1884 3820 et

297 3840 462 3892 trium
495 3854 622 3892 mss.
657 3837 788 3893 Fab.
821 3839 987 3904 illam;
1021 3851 1077 3896 et
1113 3843 1424 3896 necessario
1460 3837 1531 3896 ita
1575 3840 1882 3894 habendum

298 3925 421 3964 esse
464 3910 695 3965 infertur
724 3927 790 3964 ex
827 3911 892 3964 iis
924 3923 1044 3980 qua:
1071 3912 1324 3981 superius
1352 3914 1418 3967 de
1447 3913 1562 3982 ejus
1602 3911 1884 3966 nativitate

301 3981 708 4036 observavimus
730 3999 744 4047 ;
773 3992 828 4036 et
849 3997 970 4052 quae
992 3993 1213 4038 narrant
1234 3981 1618 4048 Cassiodorus,
1647 3983 1884 4038 Velleius

302 4053 398 4106 lib.
426 4069 462 4107 ιι
489 4094 505 4116 ,
535 4053 749 4107 Tacitus
789 4053 882 4108 lib.
909 4070 946 4108 ιι
986 4056 1053 4108 de
1080 4054 1264 4123 0rat.,
1296 4066 1351 4110 et
1379 4055 1492 4110 alii.
1536 4058 1667 4121 Quae
1701 4059 1884 4108 Atticm

305 4125 392 4178 hic
419 4126 670 4178 dicuntur
690 4126 758 4179 de
778 4140 920 4179 anno
939 4126 1061 4180 vitm
1078 4127 1356 4182 Ciceronis
1376 4128 1469 4192 61,
1490 4126 1772 4182 ﬁrmantur
1793 4142 1887 4180 au.

305 4197 558 4250 ctoritate
592 4195 890 4260 Plutarchi,
922 4197 1046 4252 licet
1067 4197 1419 4254 Cassiodorus
1445 4211 1500 4254 et
1525 4197 1756 4264 Cellius,
1790 4198 1884 4252 lib.

307 4282 373 4320 xv
404 4281 522 4333 cap.
546 4267 638 4329 28,
672 4266 749 4320 illi
781 4276 986 4322 tantum
1017 4271 1254 4324 tribuant
1282 4285 1455 4334 annos
1483 4272 1570 4326 65.

381 4339 400 4411 (
414 4336 574 4411 Ibid.)
598 4337 672 4411 Ab
684 4337 956 4394 Herennio
972 4350 1017 4395 et
1034 4341 1259 4411 Papilio.
1285 4341 1360 4396 Ab
1379 4341 1646 4396 Herennio
1661 4351 1707 4395 et
1733 4339 1887 4396 Pom-

307 4409 433 4483 pilio
460 4409 593 4483 Dlar.
627 4410 893 4466 Praiterea
921 4409 1122 4483 copula
1141 4421 1191 4467 et
1218 4415 1373 4468 abest
1396 4433 1423 4466 a
1456 4414 1578 4478 Fa.,
1609 4413 1705 4468 sed
1733 4429 1890 4468 men-

307 4482 462 4536 dose.
494 4480 626 4535 Nam
668 4492 883 4538 constat
921 4480 1314 4539 ex'Plutarcho
1346 4487 1397 4539 in
1423 4487 1637 4550 (ἤθει-η
1666 4499 1718 4540 ει
1746 4484 1889 4553 aliis,

309 4553 645 4626 Herennium
656 4555 820 4608 fuisse
837 4557 1294 4626 eenturionem,et
1308 4557 1571 4626 Popilium
1589 4558 1887 4613 tribunum.

381 4624 576 4698 (Ibid)
607 4623 1000 4698 Ouidiustaso
1028 4623 1278 4682 nascitur.
1310 4623 1413 4694 Pi.,
1436 4629 1544 4696 Vi.,
1577 4629 1668 4696 0.,
1702 4639 1757 4683 et
1780 4639 1890 4682 tres

1982 3337 2150 3389 natim
2167 3344 2412 3406 quartam
2435 3336 2752 3400 Falcidiam,
2774 3336 2824 3389 id
2844 3347 2947 3404 est,
2967 3351 3128 3405 quam
3152 3335 3426 3390 F-alcidius
3449 3345 3572 3406 post

1979 3409 2155 3477 legata
2187 3421 2476 3474 superesse
2500 3410 2713 3463 volebat
2734 3409 3063 3475 bmredibus,
3087 3410 3200 3462 sive
3223 3407 3428 3475 liberis,
3454 3409 3572 3464 sive

1981 3478 2280 3546 extraneis,
2315 3493 2544 3550 eamque
2571 3479 2868 3546 convertit,
2911 3498 3005 3534 seu
3038 3480 3288 3547 produxit
3319 3482 3370 3533 in
3403 3480 3569 3535 trien-

1982 3562 2091 3608 tem
2136 3562 2194 3606 et
2242 3550 2524 3609 semissem
2548 3593 2561 3615 ,
2589 3553 2888 3608 secundum
2924 3556 3153 3622 positam
3181 3553 3248 3606 ab
3279 3565 3346 3604 eo
3373 3553 3574 3606 distin-

1981 3625 2219 3679 ctionem
2253 3625 2305 3676 in
2335 3625 2549 3694 novella
2574 3626 2959 3680 constitutione
2986 3626 3072 3692 18,
3098 3623 3260 3694 idque
3283 3623 3458 3677 habita
3483 3638 3571 3676 ra-

1984 3698 2130 3750 tione
2148 3710 2253 3749 non
2273 3693 2445 3766 solum
2464 3699 2728 3751 bonorum
2749 3713 2868 3766 qua:
2893 3711 3094 3766 parens
3117 3693 3302 3749 habuit
3324 3705 3572 3762 tempore

1984 3768 2196 3827 mortis,
2229 3765 2325 3820 sed
2356 3771 2518 3824 etiam
2543 3784 2729 3823 eorum
2757 3765 2876 3835 Quae
2898 3765 3096 3822 ’habuit
3125 3775 3370 3835 tempore
3396 3769 3570 3822 dona-

1985 3836 2166 3902 tionis,
2199 3848 2257 3892 ιιι
2287 3840 2446 3896 docet
2475 3842 2684 3896 novella
2706 3839 3024 3895 constitutio
3045 3839 3134 3893 92.
3162 3838 3320 3896 Unde
3343 3855 3447 3895 non
3471 3841 3574 3895 mi-

1985 3925 2104 3984 rum
2127 3913 2170 3984 si
2195 3925 2382 3984 omnes
2405 3923 2612 3983 quartae
2637 3913 3132 3984 nomineFalcidia:
3154 3913 3438 3984 appellatte
3459 3911 3576 3967 fue-

1987 3982 2095 4057 rint
2127 3982 2474 4057 l._Quisquis,
2505 4000 2554 4038 c.
2590 3985 2669 4057 Ad
2699 3986 2736 4039 ι.
2771 3982 2887 4038 Jul.
2919 3988 3076 4057 maj.;
3114 3987 3150 4041 l.
3181 3982 3476 4056 Defunctis,
3509 3985 3575 4039 de

1988 4053 2130 4124 legit.
2163 4054 2403 4119 luerat,
2443 4059 2495 4111 in
2527 4055 2648 4110 cod.
2684 4057 2893 4110 ’l‘heod.

2062 4126 2248 4200 (Ibid)
2269 4125 2334 4180 Ut
2355 4131 2460 4182 sive
2487 4128 2800 4194 tiberis,sive
2828 4129 3128 4198 propinquis
3146 4139 3290 4196 pater
3311 4146 3406 4183 sua
3429 4129 3578 4200 lega-

1989 4207 2084 4252 ret.
2103 4199 2227 4252 llaec
2243 4200 2312 4253 ita
2335 4201 2745 4256 emendavimus
2766 4215 2833 4254 ex
2849 4216 2946 4254 sex
2962 4200 3260 4266 Vaticanis,
3279 4202 3396 4263 Fa.,
3412 4199 3579 4269 Ven.,

1991 4269 2270 4342 Lut.,‘pro
2295 4281 2346 4344 ut
2376 4274 2484 4326 suis
2511 4273 2707 4344 liberis,
2738 4273 2842 4326 sive
2863 4273 3192 4344 prapinquis,
3222 4273 3362 4328 idem
3390 4275 3582 4329 exteris

1993 4341 2263 4414 patersua
2289 4341 2486 4414 legare,
2518 4343 2651 4397 utin
2683 4344 2824 4399 aliis.

2065 4411 2262 4485 (lbid.)
2287 4411 2599 4469 Partiretur.
2631 4417 2721 4472 Sic
2744 4431 2809 4469 ex
2831 4413 3054 4472 totidem
3077 4415 3358 4473 Vaticanis
3379 4425 3435 4474 et
3457 4415 3584 4486 Fa.,

1995 4499 2090 4554 pro
2119 4489 2456 4556 patjtirentur,
2487 4496 2544 4540 ut
2569 4488 2720 4542 olim.

2069 4555 2521 4630 (lbid.)_‘Curtius
2553 4559 2820 4614 Salassus.
2853 4558 3076 4616 Rectius
3116 4577 3301 4630 quam,
3345 4571 3403 4615 nt
3432 4561 3587 4630 olim,

2004 4628 2211 4682 Curtius
2237 4627 2546 4694 Thalassus,
2577 4631 2926 4684 suadentibus
2959 4632 3020 4686 L.
3045 4677 3058 4698 ,
3089 4627 3216 4698 Lo.,
3251 4634 3381 4698 Fa.,
3413 4627 3591 4699 Pcta.,

311 4673 444 4772 ῃιὲε.
472 4673 630 4761 ιρις..
653 4713 752 4772 an_._
777 4697 795 4750 t
822 4673 1560 4770 Ᾰυξῖιὲιῖὲὶζὲἰξιίᾶηἶζἰτίιὲἶ,
1579 4673 1756 4764 ὖὲῖοἷξ
1773 4673 1896 4766 ἒεῖξ
1923 4673 1979 4736 1)
2007 4673 2548 4767 ἶι’ἱξζ’ὀῖ.ἰ›ιῖζ“ἒᾶἱῖ
2571 4673 3382 4772 ξ’ἒὲὗῖὲὶίἰ”ὗ;ἶιῆἓιῖιι’ἑῖ’ᾇιὶίιῖιὶέ
3413 4673 3600 4772 ﬁlioli}:

311 4768 445 4842 Lo._,
473 4780 680 4842 septem
716 4769 886 4842 Vatic.
919 4768 974 4824 et
1001 4771 1158 4836 Man,
1185 4768 1280 4826 an.
1312 4775 1376 4838 9.;
1406 4779 1461 4826 et
1495 4768 1773 4842 impress.,
1807 4787 1898 4824 au.

398 4839 593 4916 Primis
624 4841 801 4916 potius
823 4845 1254 4910 assentiendum,
1284 4857 1421 4900 teste
1441 4847 1558 4916 ipso
1573 4839 1777 4900 Ovidio
1803 4843 1897 4898 lib.

315 4927 367 4965 tv
389 4910 459 4968 de
481 4911 699 4968 Tristib.
725 4930 737 4965 :

439 5024 612 5094 Editus
632 5026 746 5094 hinc
763 5038 1008 5094 egosum,
1032 5041 1130 5094 nec
1145 5041 1259 5087 non,
1281 5039 1336 5080 ut
1352 5035 1575 5094 tempora
1595 5031 1747 5092 noris,

503 5087 622 5138 Cum
645 5087 824 5140 cecidit
848 5088 944 5140 fato
967 5087 1134 5141 Consul
1163 5100 1379 5154 uterque
1403 5087 1526 5155 pari.

321 5193 454 5250 Nam
476 5210 665 5250 omnes
689 5205 886 5250 norunt
909 5212 974 5252 ex
999 5199 1285 5263 Suetonio,
1308 5197 1832 5266 Cicerone,Velleio.
1857 5209 1911 5256 et

323 5267 477 5333 aliis,
510 5267 743 5322 Hirtium
775 5279 821 5322 et
857 5267 1088 5323 Pansam
1129 5271 1288 5325 ambo
1333 5286 1475 5327 coss.
1504 5287 1571 5326 eo
1608 5272 1726 5339 ipso
1767 5289 1911 5326 anno

323 5340 404 5412 sui
421 5340 740 5412 consulatus
761 5341 873 5411 (qui
895 5351 979 5396 est
1001 5343 1205 5410 pritnus
1224 5342 1468 5412 Augusti)
1495 5343 1718 5412 periisse
1740 5345 1792 5397 in
1819 5345 1914 5398 illo

328 5410 496 5475 bello,
519 5413 669 5484 quod
695 5410 992 5484 Mutinense
1018 5425 1378 5481 nuncupatur,
1412 5410 1465 5468 et
1486 5410 1625 5484 quod
1653 5415 1914 5469 describi-

331 5492 476 5556 t_ur_a
503 5482 796 5556 Suetonio,
829 5483 990 5538 Floro
1023 5486 1116 5539 lib.
1148 5501 1200 5540 tv
1228 5501 1348 5555 cap.
1371 5487 1426 5551 4,
1458 5482 1703 5556 Appiano
1734 5487 1826 5541 lib.
1857 5503 1913 5542 ιιι

331 5554 398 5606 tle
424 5554 558 5608 Bell.
584 5555 753 5614 civil..
781 5555 1071 5610 Plutarcho
1099 5557 1150 5610 in
1181 5554 1437 5622 Antonio,
1467 5567 1523 5612 et
1547 5554 1614 5611 ab
1636 5558 1756 5612 aliis
1780 5559 1917 5612 mul-

333 5626 423 5679 tis.
452 5626 586 5681 lluic
615 5627 792 5681 simile
815 5629 991 5696 prodit
1015 5628 1284 5697 Tibullus,
1320 5629 1414 5684 lib.
1444 5644 1524 5697 ιιι,
1550 5631 1620 5685 de
1641 5644 1742 5684 suo
1766 5639 1920 5685 ortu:

460 5739 683 5809 Natalem
709 5744 1034 5809 primoﬂnostri
1059 5745 1228 5809 videre
1249 5753 1511 5809 parentes,

525 5803 642 5858 Cum
664 5805 842 5854 cecidit
862 5806 960 5855 fato
982 5807 1153 5856 consul
1178 5803 1392 5872 uterque
1417 5803 1534 5872 pari.

339 5907 559 5964 Ovidius
582 5907 770 5964 eodem
799 5909 890 5964 lib.
919 5926 969 5965 tv
991 5911 1056 5967 de
1081 5911 1346 5971 Tristibus
1374 5915 1636 5986 signiﬁcat
1663 5929 1723 5971 se
1753 5923 1932 5973 natum

2011 4787 2098 4826 me
2126 4775 2339 4827 accedit
2363 4773 2522 4837 Manu,
2553 4775 2639 4828 ubi
2674 4775 2938 4827 Salussus.
2973 4775 3194 4830 Videtur
3214 4787 3395 4828 autem
3421 4781 3488 4828 ita
3513 4775 3599 4829 di-

2010 4854 2128 4897 ctus
2155 4860 2181 4896 a
2207 4843 2444 4899 Salassia
2474 4850 2694 4914 regione
2722 4844 2912 4899 Gallia:
2944 4845 3148 4901 Italiam
3193 4863 3401 4901 versus.
3443 4847 3600 4901 Ilunc

2009 4915 2098 4990 alii
2119 4926 2577 4990 comparantcum
2603 4933 2745 4970 armo
2766 4919 3005 4970 secundo
3031 4921 3274 4990 Augusti,
3300 4929 3358 4972 ut
3381 4917 3485 4986 Vi.,
3503 4917 3598 4983 0.,

2009 4985 2189 5068 Pcta.,
2217 4987 2334 5070 Pi;
2365 4988 2459 5042 alii
2487 5004 2607 5043 cum
2632 5003 2774 5043 anno
2800 4990 2979 5056 tertio,
3008 4999 3065 5045 ut
3093 4985 3211 5058 Fa.,
3236 4989 3359 5056 Lo.,
3383 4992 3523 5046 Fux.
3548 4999 3608 5047 et

2010 5073 2278 5128 impressi.

2091 5129 2366 5201 (lbid.)In
2400 5133 2570 5186 insula
2592 5132 2784 5186 Arado.
2811 5133 2982 5187 Antea
3015 5133 3294 5202 legebatur
3319 5133 3486 5201 Arda;
3509 5134 3610 5191 sed

2016 5213 2200 5254 nostra
2230 5207 2496 5270 scriptura
2520 5205 2746 5259 debetur
2769 5214 2998 5270 quatuOr
3013 5206 3306 5265 Vaticanis.
3336 5205 3460 5271 Lo.,
3483 5207 3612 5274 Fa.,

2016 5274 2210 5346 quibus
2243 5278 2491 5343 proxime
2521 5277 2787 5331 accedunt
2813 5276 2900 5343 L.,
2927 5280 3015 5339 A.,
3049 5278 3143 5338 Μ..
3169 5277 3254 5335 Ρ..
3290 5277 3397 5346 Pi.,
3434 5280 3609 5344 Pcta.,

2019 5344 2148 5418 Vi.,
2169 5347 2232 5399 0.
2255 5390 2268 5413 ,
2307 5347 2476 5411 Fux.,
2507 5348 2637 5402 Mar.
2663 5391 2678 5413 ,
2707 5349 2759 5402 in
2790 5349 2985 5418 quibus
3011 5350 3204 5403 Arado.
3241 5344 3405 5403 Nobis
3432 5351 3619 5404 favent

2020 5415 2118 5469 Ilio
2138 5417 2236 5497 lib.
2266 5434 2453 5497 xtvnt,
2481 5421 2788 5497 Stephanus
2814 5415 2882 5473 de
2915 5419 3166 5497 Urbibus,
3199 5419 3432 5497 Ἀραδος
3460 5430 3619 5497 vigor

2019 5491 2262 5562 φοινίκης.
2305 5491 2447 5544 Idem
2479 5491 2616 5544 Plin.
2653 5492 2744 5545 lib.
2780 5507 2848 5556 ll,
2881 5507 3000 5562 Cap.
3036 5495 3157 5558 105,
3199 5501 3255 5550 et
3273 5491 3479 5549 'Strabo
3519 5493 3620 5547 lib.

2029 5575 2140 5637 xvi,
2173 5564 2224 5637 in
2249 5577 2355 5637 quo
2377 5562 2548 5637 insula
2577 5573 2648 5616 est
2680 5564 2930 5635 oppidum
2960 5581 3172 5634 parvum
3203 5565 3431 5637 ejusdem
3454 5564 3623 5617 nanti-

2028 5633 2129 5696 nis,
2157 5634 2232 5685 ait
2257 5633 2392 5686 Mela
2427 5635 2518 5686 lib.
2549 5650 2583 5688 ll
2612 5633 2817 5704 cap.'7,
2851 5633 3056 5691 senest
3084 5633 3255 5691 insula
3290 5637 3464 5690 vicina
3491 5650 3626 5691 con-

2033 5706 2244 5763 tinenti,
2279 5709 2333 5758 in
2355 5721 2458 5776 qua
2487 5707 2647 5759 situm
2673 5718 2756 5760 est
2777 5707 3055 5775 oppiduni.
3088 5712 3363 5761 Caeterum
3388 5709 3510 5776 igne
3531 5706 3631 5762 ab-

2035 5785 2311 5844 sumptum
2343 5774 2589 5830 Curtium
2622 5774 2849 5832 narrant
2875 5777 3052 5837 Pcta.,
3085 5779 3190 5839 Pi.,
3218 5779 3326 5843 Vi.,
3358 5774 3446 5842 0f,
3480 5793 3570 5832 an.
3593 5779 3634 5832 2

2040 5849 2262 5914 Augusti
2286 5849 2310 5910 ;'
2329 5849 2496 5922 Fusu
2522 5850 2641 5910 Fa.,
2659 5850 2779 5914 Lo.,
2806 5864 3013 5920 septem
3035 5849 3322 5917 Vaticani.,
3344 5851 3433 5922 qui
3457 5851 3631 5908 catul-

2043 5930 2123 5974 tes
2153 5935 2382 5975 excusos
2413 5921 2633 5989 habent,
2660 5936 2748 5975 an.
2783 5923 2837 5975 5.
