4112 6456
526 316 624 377 991

1204 316 1313 375 'AD
1350 313 1760 381 CHRONICON.
1780 317 2683 379 EUSEBlO-HIERONYMIANUM
2721 318 3091 378 APPENDIX.

3718 314 3826 372 992

529 432 643 507 lum
684 430 812 507 quia
840 430 1067 507 deerant
1095 430 1152 487 in
1183 430 1291 507 P_i_.,
1322 431 1416 497 A.,
1442 431 1675 507 L.,_1l_1.,
1706 431 1740 484 5
1782 431 1985 507 Yatic.,
2023 433 2111 507 P.,
2145 438 2191 496 Α
2220 443 2332 507 tum
2370 437 2423 491 in
2446 435 2663 493 caeteris
2690 435 3070 507 chirograpbis
3091 434 3183 492 hic
3210 443 3268 491 et
3294 448 3493 504 supra,
3525 441 3646 491 tum
3680 434 3827 507 apud

530 502 655 570 Lo.,
684 503 845 569 Fux.,
874 504 1049 568 Peta.,
1077 513 1132 559 et
1159 503 1333 558 tribus
1362 517 1493 558 mss.
1525 502 1682 568 Fab.,
1726 504 1825 559 sed
1868 513 1923 559 et
1952 514 2009 559 ut
2034 506 2115 560 vi-

530 584 739 631 tarctur
786 576 963 630 inanis
1002 575 1274 643 repetitio,
1296 590 1422 630 cum
1452 574 1593 631 idem
1622 576 1834 631 dicatur
1863 576 1931 632 ad
1957 592 2113 633 eum-

532 647 656 703 dem
686 662 906 710 annum;
938 647 1066 702 licet
1090 646 1326 702 diVersis
1356 647 1635 715 paululum
1663 647 1865 703 verbis.

604 717 773 844 $651,
808 717 922 788 ιιι.)
954 717 1122 774 Censu
1175 715 1377 783 Romae,
1423 727 1552 802 e_tc.,
1604 717 1674 774 40
1698 728 1931 801 centena,
1974 729 2024 775 et
2049 719 2118 775 65

629 790 720 844 lia.
748 790 856 844 Pro
884 791 948 844 41
981 801 1197 844 centena
1217 799 1267 844 et
1295 789 1364 844 61
1394 790 1583 844 millia.
1613 801 1669 844 ut
1697 791 1849 844 olim.
1880 800 1939 844 et
1972 792 2118 844 apud

531 789 720 845 millia.
748 790 856 846 Pro
884 791 948 845 41
981 801 1197 844 centena
1217 799 1267 844 et
1295 789 1364 844 61
1394 790 1583 854 millia,
1613 801 1669 845 ιιι
1697 791 1849 852 olim,
1880 800 1939 846 et
1972 792 2118 857 apud

535 861 681 917 Idae.
712 872 770 917 et
797 861 931 915 Mar.
950 904 965 926 ,
996 861 1377 917 substituimus
1415 862 1486 918 40
1514 872 1726 916 centena
1749 872 1803 916 et
1829 864 1898 918 65
1928 863 2117 928 millia,

533 935 659 1004 quia
687 933 768 989 sic
792 933 1187 1004 legimusapud
1220 931 1605 1002 Freculpbum,
1636 934 1725 1003 qui
1755 933 1894 989 alter
1914 944 1997 990 est
2026 950 2119 989 ex-

534 1001 767 1074 scriptor
796 1001 971 1060 nostri
1000 1001 1255 1059 Chronici
1287 1021 1301 1059 :
1337 1001 1609 1074 prrecipue
1651 1001 1777 1060 vero
1816 1006 1939 1074 quia
1971 1007 2118 1060 anti-

575 1093 676 1132 uus
699 1075 858 1146 lapis,
882 1078 1036 1144 cujus
1056 1075 1216 1148 tidem
1240 1074 1441 1132 faciunt
1470 1077 1862 1146 Inscriptiones
1883 1078 2121 1148 antiqua)

575 1093 676 1132 uus
699 1093 858 1146 tapts,
882 1093 1036 1144 cuius
1056 1093 1216 1131 uuem
1240 1093 1441 1132 laetum
1470 1093 1862 1146 inscriptiones
1883 1093 2115 1148 antiqua}

534 1093 753 1205 gratari
782 1164 832 1217 p.
864 1147 991 1213 231),
1036 1157 1092 1203 et
1116 1147 1467 1202 doetissimus
1495 1148 1709 1216 Lipsius
1740 1149 1777 1202 Ι.
1812 1163 1828 1201 ι
1857 1148 2031 1205 Elect.
2066 1166 2115 1204 c.

536 1219 633 1286 27,
669 1228 793 1289 post
812 1218 1244 1275 eruditissimum
1269 1219 1409 1275 And.
1447 1218 1754 1283 Schattum,
1788 1220 1969 1286 habet,
1994 1238 2125 1291 qua-

536 1292 763 1363 dragies
811 1300 1019 1345 centum
1061 1292 1229 1363 millia
1274 1300 1324 1363 et
1360 1292 1631 1363 sexaginta
1677 1293 1797 1345 tria.
1845 1291 2125 1363 Firmatur

538 1360 701 1419 etiam
736 1362 824 1417 illa
856 1363 1018 1418 lectio
1046 1360 1115 1418 65
1143 1377 1241 1431 pro
1266 1362 1338 1417 64
1379 1379 1407 1416 a
1435 1360 1715 1418 codicibus
1758 1363 1847 1429 L.,
1885 1362 1981 1429 M.,
2015 1364 2121 1422 Pi.:

537 1434 668 1504 quin
696 1434 859 1489 etiam
886 1450 955 1489 ex
985 1435 1101 1501 ipso
1143 1433 1338 1489 mendo
1383 1448 1490 1504 quo
1534 1444 1618 1489 est
1673 1445 1962 1503 corruptus
1993 1435 2127 1492 Fre-

539 1505 794 1576 culpbus,
822 1506 914 1561 ubi
944 1521 1073 1561 xutt
1106 1506 1271 1560 millia
1302 1506 1401 1575 pro
1434 1522 1567 1561 ant
1598 1506 1797 1569 millia.
1842 1508 2060 1562 inverso
2092 1524 2125 1562 ι

539 1588 665 1633 ante
691 1593 745 1644 ι.,
774 1577 1023 1647 legimus.
1053 1578 1292 1648 Ingenue
1312 1578 1485 1633 dicam
1508 1580 1560 1632 in
1583 1578 1641 1631 P.
1674 1578 1780 1648 legi
1800 1580 1867 1633 13$
1892 1589 2123 1644 centena,

539 1647 614 1704 61
642 1648 836 1713 millia;
861 1659 914 1704 et
958 1650 1011 1704 in
1040 1647 1137 1715 V.,’
1166 1647 1286 1714 Va.,
1332 1658 1387 1705 et
1414 1648 1534 1712 Fa.,
1568 1649 1704 1705 1264
1735 1647 1921 1704 millia.
1952 1650 2128 1718 Quoto

543 1721 764 1776 demum
790 1735 937 1774 anno
963 1721 1051 1775 hic
1070 1735 1270 1777 census
1289 1730 1443 1775 actus
1469 1720 1654 1782 fuerit.
1681 1722 1893 1776 variant
1920 1733 2129 1778 utcum-

542 1805 655 1864 que
676 1792 820 1845 libri.
844 1790 979 1846 Nam
1002 1790 1087 1846 Vi.
1113 1802 1169 1864 et
1189 1791 1253 1846 0.
1288 1793 1659 1864 recensentad
1688 1804 1779 1847 :rn.
1807 1792 1873 1847 14
1896 1793 2130 1864 Augusti

544 1874 600 1921 et
625 1862 660 1917 ὃ
688 1863 891 1933 olymp.
946 1864 1071 1927 187,
1118 1863 1260 1919 idae.
1312 1864 1377 1919 ad
1425 1879 1515 1919 an.
1561 1862 1653 1930 25,
1684 1864 1769 1920 Pi.
1808 1874 1864 1919 et
1894 1862 2034 1920 unus
2062 1881 2131 1921 ex

547 1949 681 1990 mss.
715 1934 867 1993 Fab-
895 1936 963 1990 ad
990 1951 1080 1990 au.
1116 1934 1211 2001 15;
1247 1936 1369 2002 Lo.,
1409 1935 1572 2000 Fux.,
1605 1936 1725 2001 Fa.,
1760 1936 1935 2002 Peta.,
1970 1938 2128 2005 Man,

546 2019 603 2062 et
630 2007 829 2077 vulgati
852 2006 919 2062 ad
941 2007 1132 2079 an._16
1159 2008 1409 2078 Augusti,
1442 2022 1539 2063 seu
1568 2010 1590 2062 1
1618 2009 1822 2079 olymp.
1860 2010 1982 2077 188,
2014 2010 2134 2079 qui-

546 2080 650 2135 bus
680 2076 995 2150 cOuformes
1022 2076 1167 2133 Fasti
1197 2076 1466 2150 Onuphrii
1518 2088 1573 2133 et
1611 2076 1728 2147 ipse
1758 2076 2135 2150 antiquusla-

544 2152 649 2220 pis,
685 2150 753 2206 de
775 2165 882 2220 quo
907 2149 1173 2206 Gruterus
1203 2166 1254 2219 p.
1283 2149 1408 2215 250,
1453 2152 1543 2220 qui
1588 2159 1770 2206 tamen
1820 2149 1974 2207 illum
2005 2168 2136 2209 cen—

544 2238 666 2276 sum
690 2221 858 2277 relert
878 2238 984 2278 non
1001 2224 1068 2279 ad
1088 2224 1429 2279 consulatum
1454 2240 1484 2276 v
1506 2222 1643 2291 Aug.
1670 2225 1875 2294 collega
1897 2224 2137 2295 Agrippa

546 2308 607 2358 ιι,
638 2304 694 2348 ιιι
714 2295 903 2349 volunt
921 2295 1069 2350 Fasti
1108 2295 1374 2364 Onupbrii
1419 2306 1541 2364 post
1567 2295 1795 2349 Dionem
1823 2299 1860 2350 Ι.
1892 2312 2010 2361 mn,
2041 2297 2136 2352 sed

545 2365 711 2439 adfrt,
741 2367 947 2437 collega
974 2368 1211 2438 Agrippa
1240 2384 1274 2422 ιι
1304 2370 1397 2439 (ιιι
1418 2368 1582 2423 etiam
1606 2366 1811 2422 habent
1839 2368 1983 2424 Fasti
2006 2368 2140 2424 Gol-

547 2435 699 2502 tzii),
730 2440 821 2508 qui
845 2435 907 2494 et
938 2440 992 2494 in
1025 2435 1275 2495 eumdem
1306 2435 1396 2493 an.
1433 2442 1457 2493 1
1496 2439 1703 2509 olymp.
1747 2440 1852 2495 188
1885 2441 2137 2508 incurrit,

550 2510 637 2564 cui
683 2511 937 2566 convenit
963 2512 1087 2579 Dio,
1115 2528 1235 2566 cum
1266 2510 1485 2566 disertis
1516 2511 1698 2565 verbis
1729 2519 1960 2566 testatur
1997 2512 2142 2568 hunc

549 2594 773 2638 censum
804 2593 982 2638 actum
1007 2599 1097 2639 an.
1132 2584 1282 2638 urbis
1329 2582 1466 2647 725,
1496 2586 1589 2653 qui
1628 2585 1910 2656 concurrit
1949 2582 2138 2656 (juxta

548 2661 827 2726 auctorem
854 2663 911 2710 et
938 2656 1198 2712 Catonem
1224 2671 1275 2709 a.
1317 2658 1341 2709 1
1379 2656 1586 2726 olymp.
1613 2654 1677 2726 7)
1707 2670 1833 2710 cum
1876 2654 2022 2711 anno
2076 2656 2143 2712 16

551 2724 781 2799 Augusti
811 2734 866 2781 et
891 2742 981 2799 an.
1007 2731 1032 2782 1
1061 2730 1264 2799 olymp.
1301 2726 1424 2783 188.

625 2796 649 2884 (
878 2795 1393 2884 ϐᾳιοηὶειίάεὶζιιςιω.
1428 2797 1497 2855 Ut
1528 2797 1698 2854 ferme
1751 2798 1803 2852 iu
1849 2800 2148 2884 superiori-

551 2863 655 2921 bus
682 2863 956 2924 dissi‘dent
984 2871 1200 2926 codices
1228 2871 1370 2925 inter
1400 2885 1459 2925 se
1488 2886 1597 2925 uno
1624 2885 1791 2936 anno,
1824 2863 1986 2925 sicin
2016 2871 2101 2927 his
2130 2891 2140 2924 :

555 2937 994 3014 nam_Fux.,9.,
1030 2940 1115 3014 Yi.
1136 2986 1152 3008 ,
1185 2954 1480 3012 aggregaut
1509 2943 1626 2997 haec
1651 2941 1721 3014 ad
1753 2957 1843 2997 an.
1875 2941 1944 2997 15
1968 2945 2150 3014 Augu-

548 3011 653 3136 stii;
686 3010 863 3137 Petit,
889 3011 1009 3082 Fa.,
1032 3012 1155 3085 1.0.,
1181 3010 1243 3070 et
1262 3010 1400 3069 unus
1418 3029 1483 3068 ex
1507 3029 1639 3069 mss.
1672 3013 1796 3084 Fa.,
1821 3015 1901 3069 Pi.
1925 3023 1982 3071 et
2005 3010 2147 3083 cusi,

550 3095 581 3136 a
644 3097 734 3136 an.
820 3086 854 3137 '.

550 3086 618 3136 ad
644 3097 734 3136 an.
769 3086 854 3139 16.

628 3153 839 3226 (Ibid.)
869 3156 1180 3213 Anaxilaus.
1206 3159 1495 3213 Anaxialus
1527 3157 1587 3211 V.
1609 3174 1625 3224 ;
1651 3159 1923 3213 Anaxilius
1952 3157 2039 3223 L.,
2066 3158 2147 3213 Pi.

2160 1836 2208 1898 Β

2217 505 2563 571 Suetonium,
2588 504 2920 564 Strabonem
2949 504 2986 561 l.
3006 523 3139 573 xvtt,
3161 506 3482 578 Eutropium
3510 507 3549 562 l.
3565 520 3679 578 ytl,
3704 504 3830 578 Dio-

2218 594 2344 649 nem
2376 579 2411 634 l.
2466 595 2581 644 LIII,
2640 579 2770 634 licet
2816 581 2883 634 ab
2935 580 3044 635 illis
3092 576 3502 649 nonnumquam
3547 576 3832 632 Cornelius

2218 648 2429 715 Gallus,
2473 651 2611 705 alias
2648 650 2838 705 Gallus
2869 650 3144 707 Cornelius
3181 648 3495 722 usurpetur.
3542 649 3829 722 Caeterum

2219 723 2659 794 reposueruntad
2688 739 2778 779 an.
2810 723 2876 777 17
2906 724 3131 794 Augusti
3165 718 3682 785 Fux.;Peta.,Fa.,
3703 718 3829 787 Lo.,

2220 793 2356 849 Mar.
2390 801 2447 847 et
2474 795 2760 860 impressi;
2792 803 2848 849 at
2871 794 2940 850 ad
2965 793 3054 850 an.
3091 795 3181 857 18,
3212 794 3322 860 Pi.,
3356 793 3470 863 Vi.,
3504 793 3570 848 0.

2294 864 2509 935 (Ihid.)
2540 864 2741 920 Tralles
2770 875 3070 921 terrwmotu
3091 862 3463 921 comederunt.
3495 862 3837 920 Addidimus

2225 951 2413 991 vocem
2446 946 2609 998 motu,
2640 939 2767 1006 quia
2797 939 2931 993 alias
2963 938 3142 993 nullus
3176 946 3298 992 erat
3324 952 3543 1003 sensus,
3583 944 3650 1006 es
3686 948 3833 1006 pra:-

2223 1017 2371 1063 terea
2400 1008 2480 1063 sic
2509 1005 2708 1073 legitur
2740 1010 2793 1063 in
2824 1008 2915 1070 L.,
2960 1009 3124 1075 Fux.,
3171 1008 3285 1078 Vi.,
3334 1008 3428 1073 0.,
3458 1012 3562 1075 A.,
3595 1005 3704 1078 ν..
3750 1005 3838 1078 Ρ..

2221 1079 2334 1144 Al‘.,
2374 1079 2501 1146 Fa.,
2533 1080 2709 1148 Peta.,
2737 1080 2847 1147 Pi.,
2877 1080 3037 1145 Ven.,
3064 1081 3187 1136 Lut.
3222 1077 3279 1137 et
3319 1081 3446 1135 trib.
3476 1093 3611 1133 mss.
3656 1077 3830 1140 Fah.,

2226 1151 2327 1205 nisi
2358 1154 2504 1221 quod
2538 1152 2589 1206 in
2623 1151 2743 1207 Lut.
2778 1168 2878 1220 pro
2902 1154 3272 1219 consederunt,
3306 1152 3503 1223 legitur
3543 1149 3843 1205 contende-

2228 1234 2388 1288 runt;
2436 1223 2622 1278 forsan
2674 1223 2963 1290 legendum
3006 1225 3369 1286 conciderunt,
3402 1233 3463 1278 ut
3495 1236 3651 1291 saepe
3676 1230 3843 1276 antea

2225 1295 2367 1363 apud
2396 1304 2694 1350 auctorem.
2720 1295 3092 1352 Nihilominus
3112 1296 3389 1363 receptius
3418 1294 3790 1363 consederunt
3812 1307 3843 1345 a

2228 1366 2394 1421 verbo
2414 1366 2663 1433 consido;
2691 1369 2793 1422 hac
2818 1367 3006 1424 eadem
3037 1362 3281 1433 notione,
3315 1383 3419 1435 qua
3441 1365 3585 1436 apud
3604 1362 3846 1436 Cicero-

2233 1452 2356 1493 nem
2400 1440 2636 1492 sumitur
2675 1440 2926 1494 oratione
2952 1439 3021 1496 de
3053 1439 3363 1494 Provinciis
3406 1434 3841 1497 Consularibus,

2229 1510 2319 1563 ubi
2342 1508 2409 1583 d_e
2436 1510 2662 1583 Alpibus
2683 1525 2849 1581 agens
2874 1529 2885 1562 :
2914 1528 3029 1582 quae
3040 1515 3159 1583 jam
3184 1512 3302 1565 licet
3329 1510 3628 1583 considant.
3664 1506 3846 1583 Porro

2230 1594 2329 1705 pro
2358 1579 2575 1663 Trallis,
2607 1590 2670 1664 ut
2696 1576 2880 1664 antea,
2914 1576 3219 1666 repositum
3246 1591 3330 1638 est
3357 1579 3591 1647 Tralles,
3625 1594 3701 1633 ex
3737 1576 3845 1633 ﬁde

2282 1668 2341 1705 t..
2376 1651 2477 1705 0.:
2512 1652 2595 1705 hts
2623 1669 2829 1705 vrcmus
2855 1661 2939 1705 est
2968 1654 3106 1705 Fux.
3140 1670 3195 1705 ιιι
3220 1668 3328 1705 auo
3357 1651 3537 1705 Tralle
3558 1660 3666 1704 ter.
3698 1658 3844 1702 mat.

2282 1652 2341 1716 i.,
2376 1651 2477 1717 0.;
2512 1652 2595 1706 his
2623 1653 2829 1707 vicinus
2855 1661 2939 1708 est
2968 1654 3106 1709 Fux.
3140 1655 3195 1708 in
3220 1668 3328 1723 quo
3357 1651 3537 1706 Tralle
3558 1660 3666 1704 ter.
3698 1658 3844 1723 mat.

2231 1723 2497 1790 consedit;
2526 1734 2581 1780 et
2604 1724 2655 1778 in
2682 1724 2779 1778 Fa.
2818 1722 3035 1780 Trallus
3055 1734 3155 1781 ter.
3183 1720 3309 1780 mot.
3334 1724 3700 1778 considerant.
3728 1720 3845 1775 Non

2234 1793 2527 1868 inliciabor
2553 1805 2739 1868 tamen
2771 1796 2901 1865 quin
2935 1798 3156 1868 vulgata
3187 1795 3363 1866 possit
3390 1794 3641 1858 tolerari,
3678 1793 3845 1846 sicuti

2234 1866 2467 1939 dicimus
2500 1865 2709 1939 Sardis,
2738 1879 2799 1922 ut
2830 1865 3075 1939 pluribus
3126 1865 3324 1933 antea;
3362 1875 3730 1939 cave_tamen
3777 1878 3843 1916 ne

2236 1937 2507 2005 impingas
2538 1938 2590 1991 in
2622 1935 2872 1994 errorem
2902 1940 3055 1995 illum
3089 1941 3341 2004 Mariani,
3372 1938 3467 1993 ubi
3504 1935 3702 1991 Valle:
3742 1944 3843 1989 ter-

2235 2023 2453 2081 razmotu
2482 2009 2823 2081 consederunt
2846 2052 2861 2075 ,
2894 2027 2994 2081 pro
3026 2011 3253 2069 Tralles.

2311 2079 2519 2151 (lbid.)
2559 2079 2685 2135 Indi
2712 2081 2775 2135 ab
2802 2077 3060 2150 Augusto,
3092 2094 3201 2139 etc.
3237 2082 3497 2138 Adducor
3524 2092 3584 2135 ut
3614 2077 3838 2134 credam

2239 2150 2341 2224 ista
2368 2150 2635 2224 evenisse
2664 2167 2809 2224 anno
2842 2156 2908 2209 18
2940 2155 3189 2224 Augusti,
3220 2170 3342 2209 cum
3371 2155 3442 2208 ita
3471 2152 3698 2207 dictent
3737 2159 3836 2203 tam

2238 2222 2585 2300 chirographi
2607 2223 2729 2300 Fa.,
2763 2223 2927 2300 Fux.,
2944 2222 3072 2291 Lo.,
3095 2226 3185 2300 0.,
3201 2225 3325 2300 Ὑί..
3343 2225 3450 2291 Pi.,
3473 2224 3836 2300 Petam-quain

2239 2292 2534 2368 impressi;
2568 2310 2668 2351 nec
2685 2297 2856 2368 longe
2882 2299 3081 2354 absunt
3101 2297 3172 2351 ab
3200 2296 3266 2352 iis
3297 2312 3416 2368 quae
3444 2295 3627 2368 refert
3650 2292 3835 2362 Xiphi—

2240 2366 2383 2439 ljnus
2407 2382 2438 2421 e
2468 2367 2639 2439 Dione
2663 2365 2877 2439 IIDLLIII
2907 2369 3052 2424 circa
3083 2365 3424 2424 consulatum
3455 2366 3696 2439 Augusti
3724 2372 3827 2439 ιιᾳ

2243 2435 2456 2511 Pisonis
2484 2438 2608 2511 (qui
2638 2439 2692 2492 in
2716 2438 2918 2511 Fastis
2964 2439 3231 2508 Onuphrii
3270 2435 3569 2511 annotatur
3616 2451 3765 2511 anno
3792 2435 3820 2488 2

2244 2507 2599 2582 olymp.189,
2635 2510 2724 2579 qui
2758 2511 2946 2566 incidit
2975 2512 3028 2566 in
3049 2507 3114 2567 21
3150 2509 3405 2582 Octavii),
3432 2510 3657 2582 scilicet
3692 2507 3817 2562 Indos

2244 2580 2597 2653 conﬁrmasse
2625 2583 2918 2637 amicitiam
2949 2599 3069 2638 cum
3104 2580 3377 2653 Augusto.
3410 2597 3533 2636 cum
3567 2580 3706 2653 eius
3730 2593 3823 2648 gn-

2247 2652 2319 2707 tia
2353 2662 2504 2706 antea
2527 2653 2731 2724 legatos
2759 2653 2828 2708 ad
2877 2671 2993 2708 eum
3030 2656 3312 2709 misissent.
3363 2653 3597 2724 Orosius
3647 2652 3750 2705 lib.
3792 2663 3836 2701 rt

2246 2738 2369 2795 cap.
2398 2726 2463 2779 21
2495 2722 2782 2779 conﬁrmat
2808 2726 3081 2795 vulgatum
3130 2727 3312 2788 situm,
3346 2728 3472 2780 dum
3517 2722 3599 2779 ait
3636 2735 3844 2795 pra-ecf

2248 2793 2411 2851 dente
2432 2812 2577 2851 anno
2616 2806 2743 2851 ante
2770 2793 3075 2853 Cantabros
3106 2798 3377 2863 devictos,
3407 2795 3673 2851 Caesarem
3702 2793 3845 2861 apud

2252 2865 2600 2941 Tarraconem
2648 2868 2905 2941 citerioris
2954 2868 3229 2941 Hispania:
3280 2867 3462 2941 legati;
3491 2865 3757 2921 Indorum
3804 2873 3850 2917 et

2253 2937 2591 3010 scytharum,
2608 2949 2712 2993 toto
2726 2940 2846 2993 orbe
2861 2937 3187 3005 transmisso,
3202 2937 3409 2994 tandem
3424 2938 3495 2993 ibi
3517 2941 3848 3010 inuenerunt,

2251 3007 2394 3083 ultra
2419 3013 2558 3082 quod
2578 3014 2695 3082 jam
2715 3028 2944 3083 qurerere
2968 3029 3073 3067 non
3101 3024 3332 3083 possent,
3360 3010 3773 3083 refuderuntqste
3796 3007 3851 3060 in

2254 3079 2511 3156 Cwsarem
2534 3079 2820 3156 Alexandri
2851 3082 3038 3156 Magni
3076 3079 3321 3156 gloriam,
3354 3079 3459 3156 etc.
3495 3080 3669 3156 Hujus
3697 3079 3853 3156 lega-

2255 3154 2419 3209 tionis
2466 3156 2713 3211 meminit
2751 3150 3166 3210 Florus'libftv
3196 3169 3318 3223 cap.
3353 3155 3566 3208 ultimo.
3610 3151 3709 3207 Dio
3744 3150 3848 3203 lib.

557 3223 874 3300 Athenaeus,
906 3228 973 3300 in
1003 3229 1335 3300 Dipnosoph.
1377 3230 1413 3284 l.
1460 3245 1553 3285 11V
1580 3246 1629 3285 c.
1658 3230 1753 3295 25,
1787 3229 1923 3285 citat
1963 3233 2152 3297 ’Δναεί-
2176 3231 2224 3293 C
2256 3241 2369 3300 Liv,
2400 3237 2473 3300 et
2501 3227 2695 3300 Strabo
2739 3226 2835 3300 lib.
2870 3242 2960 3293 xv,
2992 3241 3102 3282 non
3144 3225 3213 3282 de
3243 3226 3346 3282 hac
3375 3228 3491 3297 ipsa
3524 3224 3848 3294 loquuntur,

554 3296 694 3373 )taoe
721 3296 1084 3373 opvtboxduoc,
1133 3296 1451 3357 Anaatilaum
1481 3304 1535 3355 in
1581 3302 1826 3369 Aviario;
1880 3296 2153 3373 interpres

556 3370 1024 3443 vertitAnaxilan,
1050 3376 1296 3443 quamvis
1318 3373 1609 3428 Athenrens
1630 3384 1919 3442 utrumque
1949 3370 2078 3428 citet
2100 3384 2156 3429 et

556 3440 822 3515 Anaatilan
859 3455 913 3497 et
933 3440 1272 3499 Anaatilanm.
1307 3444 1388 3498 Ad
1420 3448 1541 3515 btec
1565 3454 1697 3499 sunt
1722 3445 1814 3515 qui
1834 3440 2020 3500 velint
2053 3445 2153 3500 ista

558 3513 833 3586 pertinere
859 3515 928 3569 ad
948 3531 1040 3571 an.
1068 3516 1137 3572 15
1160 3515 1407 3585 AuguSIi,
1432 3525 1488 3570 ut
1506 3514 1665 3579 Fux.,
1691 3513 1874 3581 0.,Vi.
1894 3531 1909 3573 :
1933 3516 2154 3586 quidam

559 3597 691 3637 vero
719 3584 787 3638 ad
817 3601 909 3640 an.
944 3588 1030 3653 17,
1061 3599 1121 3641 ιιι
1144 3584 1321 3655 Peta.,
1352 3587 1469 3648 Fa.,
1501 3586 1623 3654 Lo.,
1655 3588 1733 3642 Pi.
1764 3597 1818 3643 et
1844 3584 1998 3642 editi.
2025 3587 2156 3643 Vul-

560 3654 670 3723 gali
690 3658 911 3725 propius
939 3660 1201 3715 accedunt
1224 3660 1291 3713 ad
1310 3654 1693 3715 testimonium
1727 3660 1913 3714 Dionis
1943 3658 1981 3713 l.
2006 3675 2153 3722 χιιι,

561 3740 669 3804 quo
694 3728 878 3804 prodit
897 3732 1211 3804 astrologos
1226 3735 1310 3787 καὶ
1329 3735 1449 3792 τοὺς
1471 3730 1766 3804 γόητοεςίει
1789 3746 1996 3804 magos,
2020 3732 2156 3804 urbe

561 3798 766 3864 eiectos
790 3799 855 3855 ab
881 3798 1316 3873 Agrippa'aedile,
1341 3820 1432 3858 au.
1466 3798 1595 3860 Urb.
1618 3801 1747 3872 720,
1770 3803 1863 3874 qui
1889 3798 2079 3858 incidit
2100 3806 2154 3860 in

566 3883 654 3923 an.
700 3871 761 3925 11
794 3873 1043 3926 Augusti.

566 3883 654 3923 an.
700 3875 761 3925 11
794 3875 1043 3938 Augusti.

637 3941 845 4019 (Ibid.)
870 3943 948 4002 Μ.
972 3945 1239 4019 Terentius
1266 3946 1435 4002 Varro
1456 3946 1791 4017 philosophus
1811 3963 1971 4019 prope
1991 3963 2156 4003 nona-

565 4016 805 4089 genarius
848 4017 1086 4074 moritur.
1132 4019 1189 4074 In
1219 4020 1303 4075 bis
1333 4016 1465 4073 libri
1486 4016 1876 4087 aliquantulum
1921 4019 2064 4089 inter
2094 4035 2157 4076 se

566 4085 880 4160 discordes:
908 4089 999 4143 alii
1026 4093 1328 4160 appingunt
1354 4107 1445 4145 an.
1476 4085 1822 4159 152Augusti,
1856 4085 2041 4159 utVi.,
2062 4089 2156 4157 0.;

567 4156 656 4230 alii
687 4159 895 4230 an.‘16,
922 4170 979 4214 ut
1008 4156 1168 4230 suis,
1199 4156 1380 4229 Peta.,
1410 4156 1924 4229 Fa.,—Lofetediti;
1949 4156 2038 4216 alii
2062 4178 2152 4219 an.

573 4228 661 4291 17,
699 4237 757 4282 ut
784 4228 865 4285 Pi.
907 4231 1098 4289 Nullus
1129 4228 1372 4289 veterum
1413 4228 1813 4297 dirimitlitem,
1848 4250 1971 4288 cum
2002 4235 2159 4290 istius

565 4299 748 4374 obitus
777 4302 946 4357 altum
976 4308 1047 4359 sit
1080 4305 1358 4360 silentium
1388 4306 1529 4374 apud
1557 4322 1687 4360 eos:
1717 4305 1812 4359 sed
1838 4321 2013 4359 annus
2040 4306 2157 4374 ejus

569 4373 764 4449 natalis
788 4375 993 4449 positus
1024 4378 1167 4432 circa
1196 4394 1285 4431 an.
1312 4380 1339 4431 1
1371 4373 1577 4449 olymp.
1603 4378 1729 4440 166,
1763 4379 1943 4449 ﬁrmat
1972 4373 2159 4447 vulga-

571 4450 682 4517 tum
712 4444 896 4502 situm.
929 4448 1063 4505 Nam
1097 4450 1163 4504 16
1189 4466 1365 4503 annus
1398 4444 1626 4517 AuguSti
1659 4458 1745 4502 est
1775 4446 2031 4504 Varronis
2061 4444 2151 4515 89,

567 4522 629 4567 ut
654 4515 722 4569 ita
747 4533 852 4572 non
884 4521 1024 4575 male
1052 4521 1378 4588 respondeat
1397 4515 1580 4575 verbis
1604 4520 1845 4575 auctoris
1873 4535 2032 4591 prope
2059 4537 2156 4575 no-

565 4591 906 4662 nagenarius.
937 4591 993 4648 Si
1025 4605 1202 4647 tamen
1228 4593 1361 4647 velis
1386 4592 1661 4648 collocare
1690 4592 1757 4645 ad
1783 4607 1875 4645 an.
1893 4593 1958 4645 17
1985 4594 2159 4662 Augu-

569 4658 664 4723 sti,
702 4677 807 4716 uon
839 4664 1193 4720 adversabor.
1234 4663 1368 4719 Nam
1400 4665 1494 4718 ille
1524 4665 1627 4718 erit
1657 4662 1920 4717 Varronis
1949 4679 2041 4716 an.
2072 4658 2158 4719 '90

571 4731 891 4790 decurrens.
929 4737 1061 4790 Hinc
1087 4748 1268 4791 autem
1302 4736 1600 4791 Varronem
1634 4736 1938 4789 nominavit
1977 4735 2158 4802 philo-

573 4803 827 4879 sophum,
860 4810 986 4878 quia
1016 4810 1209 4864 eodem
1242 4818 1489 4879 tempore
1515 4807 1663 4879 alius
1683 4819 1802 4861 erat
1840 4807 1910 4861 M.
1945 4806 2157 4879 Teren-

570 4877 677 4929 tius
704 4876 1114 4950 Varro‘legatus
1141 4876 1370 4949 Augusti
1408 4890 1597 4935 contra
1638 4878 1823 4934 Gallos
1844 4894 1942 4933 seu
1972 4877 2158 4933 Salas-

569 4960 682 5013 sos,
709 4950 969 5007 utscribit
995 4952 1095 5007 Dio
1126 4954 1162 5007 l.
1191 4968 1306 5018 LIII,
1336 4962 1392 5008 et
1414 4954 1524 5007 alii.
1558 4951 1728 5005 Porro
1757 4950 1858 5005 iste
1881 4950 2026 5004 idem
2049 4961 2157 5019 est,

569 5021 660 5093 qui
692 5022 929 5078 restituit
951 5039 1122 5079 annos
1150 5024 1220 5079 ab
1253 5024 1419 5091 Urbe,
1449 5037 1556 5093 ope
1583 5021 1829 5076 Taruntii
1854 5021 2157 5077 mathema-

572 5090 804 5165 ticorum
829 5094 1284 5165 praestantissimi,
1313 5094 1381 5150 de
1403 5090 1522 5165 quo
1556 5109 1717 5163 supra
1748 5093 2008 5148 diximus.

644 5163 853 5237 (Ihid.)
882 5165 1067 5223 Thebae
1096 5163 1480 5239 ngypti,ete.
1515 5165 1725 5221 Excidii
1757 5165 1923 5239 hujus
1944 5174 2162 5239 tempus

580 5245 766 5310 notant
788 5236 1138 5310 concurrere,
1160 5236 1250 5294 alii
1273 5238 1491 5310 quidem
1519 5253 1640 5293 cum
1678 5254 1765 5290 an.
1802 5236 2159 5310 157AuguSti,

577 5314 634 5359 ut
666 5306 776 5369 Ἦ..
799 5308 898 5374 0.;
925 5309 1016 5365 alii
1047 5326 1169 5366 cum
1200 5306 1306 5365 an:
1326 5311 1416 5375 16,
1449 5323 1508 5363 ut
1532 5310 1656 5375 Lo.,
1686 5325 1847 5379 quem
1876 5308 2163 5362 imitantur

574 5379 810 5450 vulgati;
850 5381 939 5435 alii
968 5396 1090 5437 eum
1114 5399 1204 5437 au.
1243 5384 1328 5448 17,
1364 5395 1422 5437 ut
1458 5382 1620 5447 Fux.,
1664 5381 1845 5444 Peta.,
1886 5379 2005 5439 Fa.,
2037 5379 2119 5434 Pi.
2146 5420 2161 5445 ,

574 5448 710 5505 Mar.
748 5451 916 5521 Hujus
946 5454 1254 5510 eversionis
1286 5454 1433 5510 nulla
1466 5461 1554 5510 est
1581 5455 1843 5509 memoria
1884 5451 2025 5521 apud
2065 5466 2162 5507 ve-

582 5531 725 5578 teres
753 5524 1075 5593 scriptores.

647 5594 812 5664 (Ibid.
844 5598 859 5660 )
893 5598 975 5651 Ad
1010 5597 1181 5653 solum
1212 5608 1392 5655 erutre.
1423 5600 1506 5654 Ad
1531 5599 1705 5654 solum
1738 5598 1929 5652 dirutae
1962 5596 2017 5650 in
2047 5594 2131 5650 Vi.
2152 5636 2167 5659 ,

572 5664 667 5731 0.,
699 5667 788 5735 L.,
821 5668 935 5735 Pi.;
971 5670 1066 5725 sed
1094 5672 1326 5727 alterum
1356 5683 1440 5727 est
1472 5670 1788 5727 familiarius
1814 5667 1955 5739 apud
1985 5678 2171 5723 aucto-

574 5751 714 5794 rem.

645 5812 859 5885 (lbid.)
888 5812 1163 5870 Cornelius
1197 5813 1397 5868 Gallus.
1434 5815 1490 5870 In
1521 5814 1675 5870 Peta.
1705 5813 1889 5870 Sallns
1917 5810 2176 5885 proGal-

570 5880 672 5947 lus,
710 5900 816 5954 quo
840 5880 973 5956 quid
1014 5888 1358 5958 corruptius?
1392 5890 1541 5958 prius
1571 5887 1716 5942 enim
1751 5880 2172 5951 commendatur

2255 3298 2350 3352 sed
2382 3297 2449 3353 de
2479 3298 2583 3352 alia
2624 3298 2947 3366 posteriore.

2329 3368 2530 3439 (lbid.)
2555 3367 2782 3424 Messala
2803 3368 3074 3436 Corvinus,
3099 3378 3209 3425 etc.
3230 3366 3850 3439 Comparantkbzecicum

2254 3437 2399 3494 anno
2423 3442 2488 3496 18
2508 3442 2734 3511 Augusti
2763 3440 2924 3505 Fux.,
2956 3441 3131 3503 Peta.,
3157 3440 3278 3503 Fa.,
3301 3437 3429 3504 Lo.,
3453 3438 3545 3504 0.,
3565 3437 3844 3511 Vi._,Ma;r.

2254 3521 2313 3566 et
2340 3514 2553 3578 excusi;
2600 3508 2853 3567 dissentit
2877 3513 3026 3567 solus
3058 3512 3167 3578 Pi.,
3197 3512 3293 3580 qui
3331 3526 3453 3567 cum
3502 3527 3595 3565 an.
3644 3509 3733 3563 19.
3768 3508 3849 3562 Ex

2256 3581 2361 3638 hoc
2391 3585 2511 3639 loco
2544 3584 2819 3653 intelliges
2851 3584 3125 3648 Tacitum,
3161 3583 3289 3639 dum
3337 3583 3529 3638 scribit
3558 3581 3847 3653 Messalam

2256 3657 2501 3727 ejurasse
2532 3652 2912 3726 praefecturam
2940 3656 3091 3727 quasi
3121 3656 3351 3710 nescium
3399 3652 3700 3719 exercendi,
3742 3653 3851 3706 sci-

2257 3726 2384 3782 licet
2414 3728 2544 3796 quia
2572 3726 2653 3782 sic
2684 3727 2862 3782 tinxit.

2329 3798 2532 3871 (lbid.)
2563 3799 2824 3869 Augustus
2851 3798 3148 3853 Calabriam
3178 3806 3226 3855 et
3254 3797 3437 3871 Gallos
3460 3796 3851 3871 vectigales_fa-

2256 3867 2347 3925 cit;
2375 3867 2525 3926 Idem
2556 3867 2746 3924 omnes
2777 3871 3200 3929 tnembranacei.
3233 3881 3287 3925 ct
3312 3870 3464 3937 editi,
3497 3879 3662 3939 atque
3685 3867 3848 3923 etiam

2257 3941 2428 4005 Idac.,
2471 3943 2629 4008 Man,
2676 3942 2828 4005 Fre.,
2874 3944 3006 4012 quin
3048 3954 3104 3997 et
3149 3941 3296 3997 Fasti
3326 3940 3541 4003 Graeci;
3579 3942 3660 3995 sic
3705 3939 3847 4012 enim

2258 4013 2487 4089 habent,
2540 4024 2678 4089 teste
2728 4011 3077 4089 Casaubono,
3120 4012 3427 4089 Αὔγουστος.
3454 4020 3664 4089 ’Καῑσςιρ
3697 4011 3852 4089 κοιλα-

2260 4087 2410 4164 6ρὶαν
2433 4090 2519 4141 καὶ
2553 4087 2780 4164 Γαλάτας
2818 4086 3084 4164 ἰσοφόρονς
3110 4083 3366 4164 ἔτςιξίινισείιιἶ
3411 4084 3557 4139 Idem
3604 4083 3851 4164 Fannius

2258 4153 2488 4214 Graecus
2519 4153 2921 4228 metaphrastes'
2953 4153 3227 4228 Eutropii,
3279 4157 3369 4211 ubi
3412 4166 3597 4228 tamen
3653 4153 3854 4228 Eutro—

2258 4229 2380 4300 pius
2410 4229 2503 4283 lib.
2528 4245 2601 4283 vn
2628 4226 2792 4284 habet
2816 4226 3169 4283 Cantabriam.
3197 4227 3559 4300 Nibilominus
3582 4227 3854 4281 assentior

2258 4298 2629 4356 eruditissimo
2659 4301 3006 4366 Casaubono,
3040 4301 3131 4367 qui
3166 4301 3217 4354 in
3271 4299 3364 4354 lib.
3397 4314 3434 4355 ιι
3462 4298 3697 4354 Sueten.
3731 4314 3854 4363 pag.

2259 4371 2351 4438 85,
2386 4383 2537 4441 putat
2565 4373 2652 4426 bie
2696 4372 2989 4427 Eusebium
3036 4370 3432 4442 castigandum,
3465 4379 3521 4425 et
3570 4369 3857 4442 pro_Cala~

2261 4440 2428 4497 brium
2456 4442 2739 4513 legendum
2768 4443 3131 4509 Cantabriam,
3162 4440 3284 4498 cum
3316 4449 3534 4513 constet
3558 4457 3626 4496 ex
3658 4440 3856 4495 Sueto-

2261 4515 2375 4578 nio,
2435 4512 2715 4583 Eutropio,
2748 4514 2975 4579 Velleio,
3008 4514 3204 4577 Dione,
3250 4514 3424 4569 Sexto
3454 4512 3622 4581 Rufo,
3653 4512 3850 4569 Floro.

2184 4620 2241 4683 D
2263 4586 2572 4683 ἳῗηὲἶτῗῗίίίν.
2581 4586 2803 4683 321⁵9³Ἶῖ
2828 4586 3857 4683 ἓῗῖἱῬιΡῖἔῖυῬηὶῗῗεὶἕθέἲῖνῖἷίῗηθῗηῗ

2267 4656 2466 4713 lectum
2521 4658 2719 4723 fuisse,
2751 4666 2809 4714 et
2827 4654 3131 4712 Cantabros
3184 4657 3443 4721 subactos
3472 4656 3541 4710 ab
3571 4656 3859 4725 Augusto:

2266 4730 2564 4800 quinetiam
2618 4728 2740 4799 ejus
2793 4730 2953 4783 ductu
2996 4731 3289 4783 universam
3315 4726 3635 4800 Hispaniam
3668 4730 3863 4798 factam

2267 4802 2689 4871 stipendiariam,
2720 4812 2781 4856 ut
2808 4801 3052 4870 loquitur
3080 4800 3338 4867 Velleius,
3370 4808 3428 4871 et
3457 4801 3628 4868 ipsam
3653 4811 3862 4871 postre-

2266 4869 2403 4927 mam
2429 4874 2659 4928 omnium
2699 4869 3088 4946 provintiafum
3121 4872 3355 4946 auspicio
3383 4869 3611 4946 Augusti
3624 4869 3866 4946 Censoris

2305 4946 2611 5000 erdomitam
2642 4941 2823 5014 fuisse.
2854 4945 2930 4998 ait
2956 4944 3143 4998 Livius
3164 4941 3261 4997 lib.
3296 4957 3491 5014 xxvnt.
3518 4941 3675 5014 Adde
3718 4941 3865 5014 quod

2317 5017 2539 5073 usebius
2561 5012 2677 5087 ipse
2701 5018 2849 5087 circa
2866 5030 2957 5069 an.
2984 5019 3008 5070 1
3040 5014 3366 5086 Olympiadis
3390 5013 3518 5087 191),
3545 5013 3711 5087 dicit,
3724 5012 3866 5087 Can-

2273 5091 2405 5143 tabri
2434 5105 2515 5142 res
2562 5082 2720 5142 novas
2747 5086 3015 5141 molientes
3041 5082 3431 5158 opprimuntur.
3465 5082 3668 5158 Verum
3700 5084 3868 5139 libro-

2270 5177 2392 5216 rum
2439 5174 2744 5215 consensus
2787 5155 3085 5228 prohibuit
3112 5155 3403 5226 quominus
3434 5155 3640 5227 aliquid
3680 5165 3863 5211 muta—

2270 5249 2410 5289 rem.
2444 5232 2634 5301 Neque
2672 5239 2854 5285 tamen
2899 5230 3250 5301 consentiunt
3276 5229 3418 5283 inter
3457 5242 3520 5283 se
3556 5228 3784 5301 codices
3813 5229 3867 5282 in

2272 5320 2439 5359 anno.
2472 5300 2604 5358 Nam
2637 5303 2761 5370 Lo.,
2800 5300 2963 5366 Fux.,
3007 5300 3132 5365 Fa.,
3162 5301 3294 5355 Mar.
3324 5312 3381 5355 et
3412 5300 3674 5370 impressi,
3705 5314 3868 5370 repo-

2273 5385 2409 5431 nunt
2437 5376 2504 5430 ad
2536 5392 2626 5429 an.
2656 5374 2723 5429 19
2748 5369 2992 5441 Augusti.
3024 5388 3119 5428 seu
3146 5371 3181 5425 4
3210 5372 3418 5443 olymp.
3451 5372 3556 5443 188
3571 5387 3593 5443 :7
3617 5369 3867 5443 Pi.,7Vi.,

2274 5447 2367 5515 0.,
2398 5449 2576 5515 Peta.,
2604 5448 2671 5501 ad
2703 5462 2796 5502 an.
2831 5445 2923 5500 9.0.
2966 5444 3063 5499 Dio
3089 5443 3183 5499 lib.
3216 5442 3307 5497 uit
3347 5442 3538 5497 scribit
3562 5442 3871 5498 Cantabros

2275 5530 2328 5577 et
2356 5526 2586 5576 AStures
2616 5534 2712 5589 per
2748 5518 3045 5589 Antistium
3072 5515 3268 5589 ducem
3298 5529 3394 5570 seu
3413 5514 3663 5589 legatum
3689 5515 3871 5589 Cassa-

2274 5596 2374 5658 ris,
2400 5585 2648 5648 Salassos
2673 5600 2854 5645 autem
2878 5587 3111 5657 populos
3132 5585 3321 5642 Galliae
3345 5586 3601 5641 subactos
3620 5594 3680 5641 et
3697 5586 3874 5641 vecti-

2275 5665 2426 5736 gales
2469 5663 2715 5736 redditos
2743 5660 3178 5736 pegjarronem
3215 5658 3451 5736 alterum
3482 5658 3742 5736 ejusdem
3772 5658 3875 5711 du-

2276 5728 2419 5803 cem,
2450 5750 2594 5790 anno
2625 5728 2789 5790 Urbis
2819 5729 2946 5797 7'29,
2970 5738 3026 5785 et
3056 5746 3189 5803 coss.
3237 5729 3624 5803 Augustotxet
3658 5728 3872 5803 Silano,

2277 5800 2415 5879 quos
2448 5808 2590 5863 Fasti
2622 5802 2886 5879 Unuuhrii
2906 5817 3044 5879 cum
3076 5800 3268 5879 eodem
3298 5800 3444 5879 anno
3471 5802 3505 5856 4
3528 5801 3738 5879 olymp.
3769 5802 3872 5879 188

2278 5872 2621 5951 comparant.
2685 5878 2748 5933 Et
2794 5875 3047 5931 similiter
3107 5872 3473 5929 Cassiodorus
3528 5873 3721 5930 scribit
3767 5874 3871 5928 hoc
