  <div class='ocr_page' id='page_1' title='image "/cluster/home/n/w/nwhite01/storage/ocr_20150623/27/hvd.32044020299038/502.png"; bbox 0 0 4112 6444; ppageno 0'>
   <div class='ocr_carea' id='block_1_1' title="bbox 279 359 384 418">
    <p class='ocr_par' dir='ltr' id='par_1_1' title="bbox 279 359 384 418">
     <span class='ocr_line' id='line_1_1' title="bbox 279 359 384 418; baseline -0.019 0"><span class='ocrx_word' id='word_1_1' title='bbox 279 359 384 418; x_wconf 86' lang='grc'>995</span> 
     </span>
    </p>
   </div>
   <div class='ocr_carea' id='block_1_2' title="bbox 1143 347 2635 443">
    <p class='ocr_par' dir='ltr' id='par_1_2' title="bbox 1143 347 2635 443">
     <span class='ocr_line' id='line_1_2' title="bbox 1143 347 2635 443; baseline -0.003 -27"><span class='ocrx_word' id='word_1_2' title='bbox 1143 433 1145 436; x_wconf 16' lang='grc' dir='ltr'><strong><em>ι</em></strong></span> <span class='ocrx_word' id='word_1_3' title='bbox 1205 359 1322 416; x_wconf 75' lang='lat' dir='ltr'><strong>AR.</strong></span> <span class='ocrx_word' id='word_1_4' title='bbox 1363 355 1659 414; x_wconf 80' lang='lat' dir='ltr'><strong>PONTACI</strong></span> <span class='ocrx_word' id='word_1_5' title='bbox 1695 352 2243 443; x_wconf 82' lang='lat' dir='ltr'><strong>CASTIGATIONES</strong></span> <span class='ocrx_word' id='word_1_6' title='bbox 2279 356 2368 414; x_wconf 87' lang='lat' dir='ltr'><strong>ET</strong></span> <span class='ocrx_word' id='word_1_7' title='bbox 2407 347 2635 414; x_wconf 68' lang='grc' dir='ltr'><strong>ΝΟΤᾸΞ.</strong></span> 
     </span>
    </p>
   </div>
   <div class='ocr_carea' id='block_1_3' title="bbox 3463 355 3567 414">
    <p class='ocr_par' dir='ltr' id='par_1_3' title="bbox 3463 355 3567 414">
     <span class='ocr_line' id='line_1_3' title="bbox 3463 355 3567 414; baseline 0 -1"><span class='ocrx_word' id='word_1_8' title='bbox 3463 355 3567 414; x_wconf 68' lang='grc'>994</span> 
     </span>
    </p>
   </div>
   <div class='ocr_carea' id='block_1_4' title="bbox 279 474 3569 553">
    <p class='ocr_par' dir='ltr' id='par_1_4' title="bbox 279 474 3569 553">
     <span class='ocr_line' id='line_1_4' title="bbox 279 474 3569 553; baseline -0.002 -15"><span class='ocrx_word' id='word_1_9' title='bbox 279 485 458 551; x_wconf 90' lang='lat' dir='ltr'><strong>ipsum</strong></span> <span class='ocrx_word' id='word_1_10' title='bbox 487 484 782 553; x_wconf 86' lang='lat' dir='ltr'><strong>contigisse</strong></span> <span class='ocrx_word' id='word_1_11' title='bbox 822 496 966 537; x_wconf 89' lang='lat' dir='ltr'><strong>anno</strong></span> <span class='ocrx_word' id='word_1_12' title='bbox 999 482 1066 538; x_wconf 90' lang='grc'><strong>19</strong></span> <span class='ocrx_word' id='word_1_13' title='bbox 1103 483 1358 552; x_wconf 80' lang='lat' dir='ltr'><strong>Augusti.</strong></span> <span class='ocrx_word' id='word_1_14' title='bbox 1393 481 1507 536; x_wconf 84' lang='lat' dir='ltr'><strong>Hoc</strong></span> <span class='ocrx_word' id='word_1_15' title='bbox 1544 481 1746 537; x_wconf 90' lang='lat' dir='ltr'><strong>bellum</strong></span> <span class='ocrx_word' id='word_1_16' title='bbox 1779 481 1879 537; x_wconf 89' lang='lat' dir='ltr'><strong>de-</strong></span> <span class='ocrx_word' id='word_1_17' title='bbox 1903 485 1954 546; x_wconf 78' lang='grc' dir='ltr'><strong>Α</strong></span> <span class='ocrx_word' id='word_1_18' title='bbox 1984 491 2230 536; x_wconf 86' lang='lat' dir='ltr'><strong>curreret</strong></span> <span class='ocrx_word' id='word_1_19' title='bbox 2255 481 2576 553; x_wconf 85' lang='lat' dir='ltr'><strong>(secundum</strong></span> <span class='ocrx_word' id='word_1_20' title='bbox 2601 479 2870 534; x_wconf 88' lang='lat' dir='ltr'><strong>calculum</strong></span> <span class='ocrx_word' id='word_1_21' title='bbox 2895 475 3115 533; x_wconf 89' lang='lat' dir='ltr'><strong>Catonis</strong></span> <span class='ocrx_word' id='word_1_22' title='bbox 3130 474 3342 530; x_wconf 83' lang='lat' dir='ltr'><strong>aban.l</strong></span> <span class='ocrx_word' id='word_1_23' title='bbox 3364 474 3569 553; x_wconf 74' lang='lat' dir='ltr'><strong>olymp.</strong></span> 
     </span>
    </p>
   </div>
   <div class='ocr_carea' id='block_1_5' title="bbox 279 553 1874 624">
    <p class='ocr_par' dir='ltr' id='par_1_5' title="bbox 279 553 1874 624">
     <span class='ocr_line' id='line_1_5' title="bbox 279 553 1874 624; baseline 0 -16"><span class='ocrx_word' id='word_1_24' title='bbox 279 557 530 611; x_wconf 88' lang='lat' dir='ltr'><strong>scribunt</strong></span> <span class='ocrx_word' id='word_1_25' title='bbox 581 556 808 611; x_wconf 83' lang='lat' dir='ltr'><strong>Orosius</strong></span> <span class='ocrx_word' id='word_1_26' title='bbox 838 555 933 608; x_wconf 89' lang='lat' dir='ltr'><strong>lib.</strong></span> <span class='ocrx_word' id='word_1_27' title='bbox 974 570 1026 608; x_wconf 86' lang='lat' dir='ltr'><strong>vt</strong></span> <span class='ocrx_word' id='word_1_28' title='bbox 1057 571 1179 623; x_wconf 87' lang='lat' dir='ltr'><strong>cap.</strong></span> <span class='ocrx_word' id='word_1_29' title='bbox 1208 554 1300 619; x_wconf 67' lang='grc'>21,</span> <span class='ocrx_word' id='word_1_30' title='bbox 1334 555 1584 624; x_wconf 87' lang='lat' dir='ltr'><strong>Epitome</strong></span> <span class='ocrx_word' id='word_1_31' title='bbox 1623 553 1786 619; x_wconf 84' lang='lat' dir='ltr'><strong>Livii,</strong></span> <span class='ocrx_word' id='word_1_32' title='bbox 1819 561 1874 608; x_wconf 83' lang='lat' dir='ltr'><strong>et</strong></span> 
     </span>
    </p>
   </div>
   <div class='ocr_carea' id='block_1_6' title="bbox 281 627 1874 694">
    <p class='ocr_par' dir='ltr' id='par_1_6' title="bbox 281 627 1874 694">
     <span class='ocr_line' id='line_1_6' title="bbox 281 627 1874 694; baseline -0.002 -12"><span class='ocrx_word' id='word_1_33' title='bbox 281 627 483 682; x_wconf 87' lang='lat' dir='ltr'><strong>Florus</strong></span> <span class='ocrx_word' id='word_1_34' title='bbox 513 629 609 684; x_wconf 92' lang='lat' dir='ltr'><strong>lib.</strong></span> <span class='ocrx_word' id='word_1_35' title='bbox 642 644 693 682; x_wconf 83' lang='lat' dir='ltr'><strong>IV</strong></span> <span class='ocrx_word' id='word_1_36' title='bbox 715 641 837 694; x_wconf 85' lang='lat' dir='ltr'><strong>cap.</strong></span> <span class='ocrx_word' id='word_1_37' title='bbox 870 627 1061 682; x_wconf 91' lang='lat' dir='ltr'><strong>ultimo</strong></span> <span class='ocrx_word' id='word_1_38' title='bbox 1092 645 1105 680; x_wconf 87' lang='lat'><strong>:</strong></span> <span class='ocrx_word' id='word_1_39' title='bbox 1137 627 1230 681; x_wconf 91' lang='lat' dir='ltr'><strong>ubi</strong></span> <span class='ocrx_word' id='word_1_40' title='bbox 1276 630 1443 680; x_wconf 90' lang='lat' dir='ltr'><strong>multa</strong></span> <span class='ocrx_word' id='word_1_41' title='bbox 1477 634 1607 680; x_wconf 88' lang='lat' dir='ltr'><strong>sunt</strong></span> <span class='ocrx_word' id='word_1_42' title='bbox 1647 627 1874 680; x_wconf 88' lang='lat' dir='ltr'><strong>nomina</strong></span> 
     </span>
    </p>
   </div>
   <div class='ocr_carea' id='block_1_7' title="bbox 283 696 1878 768">
    <p class='ocr_par' dir='ltr' id='par_1_7' title="bbox 283 696 1878 768">
     <span class='ocr_line' id='line_1_7' title="bbox 283 696 1878 768; baseline -0.001 -16"><span class='ocrx_word' id='word_1_43' title='bbox 283 701 502 767; x_wconf 86' lang='lat' dir='ltr'><strong>propria</strong></span> <span class='ocrx_word' id='word_1_44' title='bbox 529 699 845 768; x_wconf 87' lang='lat' dir='ltr'><strong>depravata,</strong></span> <span class='ocrx_word' id='word_1_45' title='bbox 879 713 1000 767; x_wconf 88' lang='lat' dir='ltr'><strong>quae</strong></span> <span class='ocrx_word' id='word_1_46' title='bbox 1045 700 1252 768; x_wconf 88' lang='lat' dir='ltr'><strong>poteris</strong></span> <span class='ocrx_word' id='word_1_47' title='bbox 1297 698 1593 754; x_wconf 87' lang='lat' dir='ltr'><strong>emendare</strong></span> <span class='ocrx_word' id='word_1_48' title='bbox 1627 712 1694 752; x_wconf 87' lang='lat' dir='ltr'><strong>ex</strong></span> <span class='ocrx_word' id='word_1_49' title='bbox 1741 696 1878 753; x_wconf 91' lang='lat' dir='ltr'><strong>Suc-</strong></span> 
     </span>
    </p>
   </div>
   <div class='ocr_carea' id='block_1_8' title="bbox 285 770 1049 835">
    <p class='ocr_par' dir='ltr' id='par_1_8' title="bbox 285 770 1049 835">
     <span class='ocr_line' id='line_1_8' title="bbox 285 770 1049 835; baseline -0.003 -9"><span class='ocrx_word' id='word_1_50' title='bbox 285 772 456 835; x_wconf 91' lang='lat' dir='ltr'><strong>tonio,</strong></span> <span class='ocrx_word' id='word_1_51' title='bbox 488 772 663 825; x_wconf 87' lang='lat' dir='ltr'><strong>Plinio</strong></span> <span class='ocrx_word' id='word_1_52' title='bbox 685 779 739 825; x_wconf 91' lang='lat' dir='ltr'><strong>et</strong></span> <span class='ocrx_word' id='word_1_53' title='bbox 759 770 1049 824; x_wconf 89' lang='lat' dir='ltr'><strong>Strabone.</strong></span> 
     </span>
    </p>
   </div>
   <div class='ocr_carea' id='block_1_9' title="bbox 356 839 1877 914">
    <p class='ocr_par' dir='ltr' id='par_1_9' title="bbox 356 839 1877 914">
     <span class='ocr_line' id='line_1_9' title="bbox 356 839 1877 914; baseline -0.002 -16"><span class='ocrx_word' id='word_1_54' title='bbox 356 842 527 914; x_wconf 86' lang='lat' dir='ltr'><strong>(lbid.</strong></span> <span class='ocrx_word' id='word_1_55' title='bbox 553 843 572 914; x_wconf 88' lang='lat'><strong>)</strong></span> <span class='ocrx_word' id='word_1_56' title='bbox 606 841 878 914; x_wconf 74' lang='lat' dir='ltr'><strong>Munatius</strong></span> <span class='ocrx_word' id='word_1_57' title='bbox 906 839 1161 914; x_wconf 76' lang='lat' dir='ltr'><strong>Plancus.</strong></span> <span class='ocrx_word' id='word_1_58' title='bbox 1189 839 1460 896; x_wconf 78' lang='lat' dir='ltr'><strong>Munatius</strong></span> <span class='ocrx_word' id='word_1_59' title='bbox 1485 840 1713 895; x_wconf 91' lang='lat' dir='ltr'><strong>Plautus</strong></span> <span class='ocrx_word' id='word_1_60' title='bbox 1749 840 1877 895; x_wconf 83' lang='lat' dir='ltr'><strong>Vin-</strong></span> 
     </span>
    </p>
   </div>
   <div class='ocr_carea' id='block_1_10' title="bbox 283 911 1878 978">
    <p class='ocr_par' dir='ltr' id='par_1_10' title="bbox 283 911 1878 978">
     <span class='ocr_line' id='line_1_10' title="bbox 283 911 1878 978; baseline -0.002 -9"><span class='ocrx_word' id='word_1_61' title='bbox 283 911 442 970; x_wconf 87' lang='lat' dir='ltr'><strong>cen.:</strong></span> <span class='ocrx_word' id='word_1_62' title='bbox 478 914 533 968; x_wconf 82' lang='grc' dir='ltr'><strong>Μ</strong></span> <span class='ocrx_word' id='word_1_63' title='bbox 544 911 561 967; x_wconf 81' lang='grc'>.’</span> <span class='ocrx_word' id='word_1_64' title='bbox 589 914 815 969; x_wconf 84' lang='lat' dir='ltr'><strong>Gnas-ius</strong></span> <span class='ocrx_word' id='word_1_65' title='bbox 849 911 1095 968; x_wconf 89' lang='lat' dir='ltr'><strong>Plautius</strong></span> <span class='ocrx_word' id='word_1_66' title='bbox 1121 913 1285 978; x_wconf 87' lang='lat' dir='ltr'><strong>Fre.;</strong></span> <span class='ocrx_word' id='word_1_67' title='bbox 1324 915 1420 968; x_wconf 91' lang='lat' dir='ltr'><strong>sed</strong></span> <span class='ocrx_word' id='word_1_68' title='bbox 1479 914 1678 977; x_wconf 84' lang='lat' dir='ltr'><strong>ubique</strong></span> <span class='ocrx_word' id='word_1_69' title='bbox 1723 927 1878 966; x_wconf 86' lang='lat' dir='ltr'><strong>men-</strong></span> 
     </span>
    </p>
   </div>
   <div class='ocr_carea' id='block_1_11' title="bbox 284 985 1880 1053">
    <p class='ocr_par' dir='ltr' id='par_1_11' title="bbox 284 985 1880 1053">
     <span class='ocr_line' id='line_1_11' title="bbox 284 985 1880 1053; baseline -0.001 -13"><span class='ocrx_word' id='word_1_70' title='bbox 284 987 434 1053; x_wconf 91' lang='lat' dir='ltr'><strong>dum,</strong></span> <span class='ocrx_word' id='word_1_71' title='bbox 466 996 523 1040; x_wconf 91' lang='lat' dir='ltr'><strong>ut</strong></span> <span class='ocrx_word' id='word_1_72' title='bbox 545 985 743 1041; x_wconf 87' lang='lat' dir='ltr'><strong>docent</strong></span> <span class='ocrx_word' id='word_1_73' title='bbox 772 986 956 1040; x_wconf 68' lang='lat' dir='ltr'><strong>creteri</strong></span> <span class='ocrx_word' id='word_1_74' title='bbox 990 985 1136 1050; x_wconf 85' lang='lat' dir='ltr'><strong>libri,</strong></span> <span class='ocrx_word' id='word_1_75' title='bbox 1162 985 1482 1053; x_wconf 73' lang='lat' dir='ltr'><strong>Suetonius,</strong></span> <span class='ocrx_word' id='word_1_76' title='bbox 1515 985 1758 1052; x_wconf 80' lang='lat' dir='ltr'><strong>Tacitus,</strong></span> <span class='ocrx_word' id='word_1_77' title='bbox 1791 985 1880 1039; x_wconf 82' lang='lat' dir='ltr'><strong>Ci-</strong></span> 
     </span>
    </p>
   </div>
   <div class='ocr_carea' id='block_1_12' title="bbox 284 1055 1876 1126">
    <p class='ocr_par' dir='ltr' id='par_1_12' title="bbox 284 1055 1876 1126">
     <span class='ocr_line' id='line_1_12' title="bbox 284 1055 1876 1126; baseline -0.004 -12"><span class='ocrx_word' id='word_1_78' title='bbox 284 1073 435 1124; x_wconf 89' lang='lat' dir='ltr'><strong>cero,</strong></span> <span class='ocrx_word' id='word_1_79' title='bbox 484 1057 747 1115; x_wconf 76' lang='lat' dir='ltr'><strong>Velleius.</strong></span> <span class='ocrx_word' id='word_1_80' title='bbox 789 1057 913 1119; x_wconf 88' lang='lat' dir='ltr'><strong>Dio,</strong></span> <span class='ocrx_word' id='word_1_81' title='bbox 959 1056 1348 1126; x_wconf 88' lang='lat' dir='ltr'><strong>lnscriptiones</strong></span> <span class='ocrx_word' id='word_1_82' title='bbox 1393 1056 1535 1126; x_wconf 91' lang='lat' dir='ltr'><strong>apud</strong></span> <span class='ocrx_word' id='word_1_83' title='bbox 1583 1055 1876 1112; x_wconf 86' lang='lat' dir='ltr'><strong>Gruterum</strong></span> 
     </span>
    </p>
   </div>
   <div class='ocr_carea' id='block_1_13' title="bbox 285 1128 1880 1199">
    <p class='ocr_par' dir='ltr' id='par_1_13' title="bbox 285 1128 1880 1199">
     <span class='ocr_line' id='line_1_13' title="bbox 285 1128 1880 1199; baseline -0.001 -18"><span class='ocrx_word' id='word_1_84' title='bbox 285 1144 408 1199; x_wconf 87' lang='lat' dir='ltr'><strong>pag.</strong></span> <span class='ocrx_word' id='word_1_85' title='bbox 440 1128 566 1194; x_wconf 75' lang='grc'>459,</span> <span class='ocrx_word' id='word_1_86' title='bbox 602 1138 658 1184; x_wconf 91' lang='lat' dir='ltr'><strong>et</strong></span> <span class='ocrx_word' id='word_1_87' title='bbox 687 1129 781 1182; x_wconf 84' lang='lat' dir='ltr'><strong>alii</strong></span> <span class='ocrx_word' id='word_1_88' title='bbox 810 1147 822 1181; x_wconf 86' lang='lat'>:</span> <span class='ocrx_word' id='word_1_89' title='bbox 853 1139 1053 1198; x_wconf 89' lang='lat' dir='ltr'><strong>quanta</strong></span> <span class='ocrx_word' id='word_1_90' title='bbox 1084 1139 1262 1183; x_wconf 85' lang='lat' dir='ltr'><strong>autem</strong></span> <span class='ocrx_word' id='word_1_91' title='bbox 1294 1129 1366 1182; x_wconf 87' lang='lat' dir='ltr'><strong>sit</strong></span> <span class='ocrx_word' id='word_1_92' title='bbox 1397 1128 1630 1199; x_wconf 76' lang='lat' dir='ltr'><strong>afﬁnitas</strong></span> <span class='ocrx_word' id='word_1_93' title='bbox 1665 1129 1880 1199; x_wconf 86' lang='lat' dir='ltr'><strong>littera-</strong></span> 
     </span>
    </p>
   </div>
   <div class='ocr_carea' id='block_1_14' title="bbox 287 1198 1882 1271">
    <p class='ocr_par' dir='ltr' id='par_1_14' title="bbox 287 1198 1882 1271">
     <span class='ocr_line' id='line_1_14' title="bbox 287 1198 1882 1271; baseline -0.003 -16"><span class='ocrx_word' id='word_1_94' title='bbox 287 1198 407 1255; x_wconf 85' lang='lat' dir='ltr'><strong>rum</strong></span> <span class='ocrx_word' id='word_1_95' title='bbox 435 1210 492 1256; x_wconf 90' lang='lat' dir='ltr'><strong>ct</strong></span> <span class='ocrx_word' id='word_1_96' title='bbox 518 1199 932 1271; x_wconf 83' lang='lat' dir='ltr'><strong>signiﬁcationis</strong></span> <span class='ocrx_word' id='word_1_97' title='bbox 954 1200 1143 1255; x_wconf 85' lang='lat' dir='ltr'><strong>harum</strong></span> <span class='ocrx_word' id='word_1_98' title='bbox 1170 1214 1362 1254; x_wconf 84' lang='lat' dir='ltr'><strong>vocum</strong></span> <span class='ocrx_word' id='word_1_99' title='bbox 1389 1198 1616 1254; x_wconf 81' lang='lat' dir='ltr'><strong>Plautus</strong></span> <span class='ocrx_word' id='word_1_100' title='bbox 1646 1211 1692 1252; x_wconf 89' lang='lat' dir='ltr'><strong>et</strong></span> <span class='ocrx_word' id='word_1_101' title='bbox 1714 1198 1882 1252; x_wconf 82' lang='lat' dir='ltr'><strong>Plan-</strong></span> 
     </span>
    </p>
   </div>
   <div class='ocr_carea' id='block_1_15' title="bbox 291 1271 1881 1342">
    <p class='ocr_par' dir='ltr' id='par_1_15' title="bbox 291 1271 1881 1342">
     <span class='ocr_line' id='line_1_15' title="bbox 291 1271 1881 1342; baseline -0.001 -16"><span class='ocrx_word' id='word_1_102' title='bbox 291 1289 404 1338; x_wconf 90' lang='lat' dir='ltr'><strong>cus,</strong></span> <span class='ocrx_word' id='word_1_103' title='bbox 434 1277 592 1342; x_wconf 88' lang='lat' dir='ltr'><strong>quasi</strong></span> <span class='ocrx_word' id='word_1_104' title='bbox 617 1281 907 1342; x_wconf 90' lang='lat' dir='ltr'><strong>utrumque</strong></span> <span class='ocrx_word' id='word_1_105' title='bbox 930 1273 1038 1326; x_wconf 85' lang='lat' dir='ltr'><strong>sita</strong></span> <span class='ocrx_word' id='word_1_106' title='bbox 1061 1273 1259 1341; x_wconf 90' lang='lat' dir='ltr'><strong>pedum</strong></span> <span class='ocrx_word' id='word_1_107' title='bbox 1285 1272 1599 1334; x_wconf 82' lang='lat' dir='ltr'><strong>latitudine;</strong></span> <span class='ocrx_word' id='word_1_108' title='bbox 1631 1271 1710 1326; x_wconf 91' lang='lat' dir='ltr'><strong>sic</strong></span> <span class='ocrx_word' id='word_1_109' title='bbox 1733 1271 1881 1325; x_wconf 85' lang='lat' dir='ltr'><strong>enim</strong></span> 
     </span>
    </p>
   </div>
   <div class='ocr_carea' id='block_1_16' title="bbox 287 1343 1881 1414">
    <p class='ocr_par' dir='ltr' id='par_1_16' title="bbox 287 1343 1881 1414">
     <span class='ocr_line' id='line_1_16' title="bbox 287 1343 1881 1414; baseline -0.001 -16"><span class='ocrx_word' id='word_1_110' title='bbox 287 1344 418 1399; x_wconf 83' lang='lat' dir='ltr'><strong>dicti</strong></span> <span class='ocrx_word' id='word_1_111' title='bbox 439 1343 529 1414; x_wconf 89' lang='lat' dir='ltr'><strong>qui</strong></span> <span class='ocrx_word' id='word_1_112' title='bbox 556 1358 721 1413; x_wconf 82' lang='lat' dir='ltr'><strong>supra</strong></span> <span class='ocrx_word' id='word_1_113' title='bbox 747 1344 966 1398; x_wconf 89' lang='lat' dir='ltr'><strong>modutn</strong></span> <span class='ocrx_word' id='word_1_114' title='bbox 989 1346 1221 1414; x_wconf 85' lang='lat' dir='ltr'><strong>pedibus</strong></span> <span class='ocrx_word' id='word_1_115' title='bbox 1245 1343 1420 1412; x_wconf 84' lang='lat' dir='ltr'><strong>planis</strong></span> <span class='ocrx_word' id='word_1_116' title='bbox 1439 1351 1644 1409; x_wconf 87' lang='lat' dir='ltr'><strong>essent,</strong></span> <span class='ocrx_word' id='word_1_117' title='bbox 1667 1352 1881 1409; x_wconf 84' lang='lat' dir='ltr'><strong>sumpta</strong></span> 
     </span>
    </p>
   </div>
   <div class='ocr_carea' id='block_1_17' title="bbox 288 1414 1884 1485">
    <p class='ocr_par' dir='ltr' id='par_1_17' title="bbox 288 1414 1884 1485">
     <span class='ocr_line' id='line_1_17' title="bbox 288 1414 1884 1485; baseline -0.001 -14"><span class='ocrx_word' id='word_1_118' title='bbox 288 1417 609 1485; x_wconf 84' lang='lat' dir='ltr'><strong>metaphora</strong></span> <span class='ocrx_word' id='word_1_119' title='bbox 634 1431 664 1469; x_wconf 89' lang='lat' dir='ltr'><strong>a</strong></span> <span class='ocrx_word' id='word_1_120' title='bbox 695 1415 935 1481; x_wconf 88' lang='lat' dir='ltr'><strong>tabellis,</strong></span> <span class='ocrx_word' id='word_1_121' title='bbox 965 1430 1087 1484; x_wconf 73' lang='lat' dir='ltr'><strong>qua:</strong></span> <span class='ocrx_word' id='word_1_122' title='bbox 1119 1414 1320 1484; x_wconf 74' lang='lat' dir='ltr'><strong>planctu</strong></span> <span class='ocrx_word' id='word_1_123' title='bbox 1350 1415 1724 1484; x_wconf 89' lang='lat' dir='ltr'><strong>appellantur;</strong></span> <span class='ocrx_word' id='word_1_124' title='bbox 1761 1415 1884 1469; x_wconf 90' lang='lat' dir='ltr'><strong>vide</strong></span> 
     </span>
    </p>
   </div>
   <div class='ocr_carea' id='block_1_18' title="bbox 289 1487 1884 1554">
    <p class='ocr_par' dir='ltr' id='par_1_18' title="bbox 289 1487 1884 1554">
     <span class='ocr_line' id='line_1_18' title="bbox 289 1487 1884 1554; baseline -0.001 -12"><span class='ocrx_word' id='word_1_125' title='bbox 289 1487 598 1542; x_wconf 90' lang='lat' dir='ltr'><strong>Turnebum</strong></span> <span class='ocrx_word' id='word_1_126' title='bbox 632 1487 724 1541; x_wconf 91' lang='lat' dir='ltr'><strong>lib.</strong></span> <span class='ocrx_word' id='word_1_127' title='bbox 759 1503 792 1541; x_wconf 71' lang='grc' dir='ltr'>χ</span> <span class='ocrx_word' id='word_1_128' title='bbox 820 1501 940 1554; x_wconf 88' lang='lat' dir='ltr'><strong>cap.</strong></span> <span class='ocrx_word' id='word_1_129' title='bbox 967 1487 1033 1542; x_wconf 89' lang='grc'><strong>19</strong></span> <span class='ocrx_word' id='word_1_130' title='bbox 1060 1488 1358 1541; x_wconf 89' lang='lat' dir='ltr'><strong>Adversar.</strong></span> <span class='ocrx_word' id='word_1_131' title='bbox 1382 1489 1674 1554; x_wconf 86' lang='lat' dir='ltr'><strong>Upponunt</strong></span> <span class='ocrx_word' id='word_1_132' title='bbox 1699 1494 1884 1540; x_wconf 89' lang='lat' dir='ltr'><strong>autem</strong></span> 
     </span>
    </p>
   </div>
   <div class='ocr_carea' id='block_1_19' title="bbox 292 1556 1887 1629">
    <p class='ocr_par' dir='ltr' id='par_1_19' title="bbox 292 1556 1887 1629">
     <span class='ocr_line' id='line_1_19' title="bbox 292 1556 1887 1629; baseline -0.001 -17"><span class='ocrx_word' id='word_1_133' title='bbox 292 1560 406 1613; x_wconf 63' lang='lat' dir='ltr'><strong>haec</strong></span> <span class='ocrx_word' id='word_1_134' title='bbox 436 1560 518 1613; x_wconf 89' lang='lat' dir='ltr'><strong>Pi.</strong></span> <span class='ocrx_word' id='word_1_135' title='bbox 562 1556 805 1629; x_wconf 91' lang='lat' dir='ltr'><strong>quidem,</strong></span> <span class='ocrx_word' id='word_1_136' title='bbox 850 1556 915 1611; x_wconf 94' lang='lat'><strong>0.</strong></span> <span class='ocrx_word' id='word_1_137' title='bbox 961 1569 1014 1612; x_wconf 87' lang='lat' dir='ltr'><strong>et</strong></span> <span class='ocrx_word' id='word_1_138' title='bbox 1050 1557 1158 1623; x_wconf 78' lang='lat' dir='ltr'><strong>Vi.,</strong></span> <span class='ocrx_word' id='word_1_139' title='bbox 1205 1572 1346 1611; x_wconf 92' lang='lat' dir='ltr'><strong>anno</strong></span> <span class='ocrx_word' id='word_1_140' title='bbox 1381 1556 1452 1612; x_wconf 68' lang='lat'><strong>20</strong></span> <span class='ocrx_word' id='word_1_141' title='bbox 1499 1558 1775 1626; x_wconf 83' lang='lat' dir='ltr'><strong>Augusti:</strong></span> <span class='ocrx_word' id='word_1_142' title='bbox 1830 1565 1887 1611; x_wconf 87' lang='lat' dir='ltr'><strong>at</strong></span> 
     </span>
    </p>
   </div>
   <div class='ocr_carea' id='block_1_20' title="bbox 291 1629 1888 1698">
    <p class='ocr_par' dir='ltr' id='par_1_20' title="bbox 291 1629 1888 1698">
     <span class='ocr_line' id='line_1_20' title="bbox 291 1629 1888 1698; baseline -0.002 -13"><span class='ocrx_word' id='word_1_143' title='bbox 291 1630 456 1695; x_wconf 81' lang='lat' dir='ltr'><strong>Fux.,</strong></span> <span class='ocrx_word' id='word_1_144' title='bbox 491 1631 668 1691; x_wconf 77' lang='lat' dir='ltr'><strong>Peta.,</strong></span> <span class='ocrx_word' id='word_1_145' title='bbox 696 1629 817 1693; x_wconf 87' lang='lat' dir='ltr'><strong>Fa.,</strong></span> <span class='ocrx_word' id='word_1_146' title='bbox 844 1629 970 1695; x_wconf 84' lang='lat' dir='ltr'><strong>Lo.,</strong></span> <span class='ocrx_word' id='word_1_147' title='bbox 998 1629 1160 1697; x_wconf 68' lang='lat' dir='ltr'><strong>Man,</strong></span> <span class='ocrx_word' id='word_1_148' title='bbox 1193 1644 1335 1682; x_wconf 89' lang='lat' dir='ltr'><strong>anno</strong></span> <span class='ocrx_word' id='word_1_149' title='bbox 1363 1629 1453 1694; x_wconf 93' lang='grc'><strong>19,</strong></span> <span class='ocrx_word' id='word_1_150' title='bbox 1485 1629 1684 1698; x_wconf 85' lang='lat' dir='ltr'><strong>quibus</strong></span> <span class='ocrx_word' id='word_1_151' title='bbox 1710 1629 1888 1682; x_wconf 65' lang='lat' dir='ltr'><strong>adhae-</strong></span> 
     </span>
    </p>
   </div>
   <div class='ocr_carea' id='block_1_21' title="bbox 293 1699 1885 1771">
    <p class='ocr_par' dir='ltr' id='par_1_21' title="bbox 293 1699 1885 1771">
     <span class='ocr_line' id='line_1_21' title="bbox 293 1699 1885 1771; baseline -0.003 -13"><span class='ocrx_word' id='word_1_152' title='bbox 293 1713 415 1759; x_wconf 83' lang='lat' dir='ltr'><strong>rent</strong></span> <span class='ocrx_word' id='word_1_153' title='bbox 441 1701 563 1756; x_wconf 90' lang='lat' dir='ltr'><strong>libri</strong></span> <span class='ocrx_word' id='word_1_154' title='bbox 587 1702 863 1771; x_wconf 87' lang='lat' dir='ltr'><strong>impressi.</strong></span> <span class='ocrx_word' id='word_1_155' title='bbox 887 1700 994 1757; x_wconf 90' lang='lat' dir='ltr'><strong>Sed</strong></span> <span class='ocrx_word' id='word_1_156' title='bbox 1019 1699 1087 1771; x_wconf 86' lang='lat' dir='ltr'><strong>de</strong></span> <span class='ocrx_word' id='word_1_157' title='bbox 1108 1699 1328 1755; x_wconf 79' lang='lat' dir='ltr'><strong>condito</strong></span> <span class='ocrx_word' id='word_1_158' title='bbox 1351 1715 1448 1768; x_wconf 92' lang='lat' dir='ltr'><strong>per</strong></span> <span class='ocrx_word' id='word_1_159' title='bbox 1471 1716 1600 1771; x_wconf 89' lang='lat' dir='ltr'><strong>eum</strong></span> <span class='ocrx_word' id='word_1_160' title='bbox 1619 1700 1885 1769; x_wconf 85' lang='lat' dir='ltr'><strong>Lugdune</strong></span> 
     </span>
    </p>
   </div>
   <div class='ocr_carea' id='block_1_22' title="bbox 292 1770 1886 1844">
    <p class='ocr_par' dir='ltr' id='par_1_22' title="bbox 292 1770 1886 1844">
     <span class='ocr_line' id='line_1_22' title="bbox 292 1770 1886 1844; baseline -0.001 -16"><span class='ocrx_word' id='word_1_161' title='bbox 292 1789 438 1828; x_wconf 90' lang='lat' dir='ltr'><strong>anno</strong></span> <span class='ocrx_word' id='word_1_162' title='bbox 479 1770 686 1844; x_wconf 84' lang='lat' dir='ltr'><strong>olymp.</strong></span> <span class='ocrx_word' id='word_1_163' title='bbox 735 1771 864 1839; x_wconf 73' lang='grc'>184,</span> <span class='ocrx_word' id='word_1_164' title='bbox 898 1788 994 1826; x_wconf 84' lang='lat' dir='ltr'><strong>seu</strong></span> <span class='ocrx_word' id='word_1_165' title='bbox 1041 1770 1204 1827; x_wconf 87' lang='lat' dir='ltr'><strong>Urbis</strong></span> <span class='ocrx_word' id='word_1_166' title='bbox 1250 1771 1374 1837; x_wconf 77' lang='lat'><strong>710,</strong></span> <span class='ocrx_word' id='word_1_167' title='bbox 1421 1787 1531 1842; x_wconf 88' lang='lat' dir='ltr'><strong>quo</strong></span> <span class='ocrx_word' id='word_1_168' title='bbox 1583 1770 1806 1844; x_wconf 78' lang='lat' dir='ltr'><strong>Hirtius</strong></span> <span class='ocrx_word' id='word_1_169' title='bbox 1839 1782 1886 1826; x_wconf 90' lang='lat' dir='ltr'><strong>et</strong></span> 
     </span>
    </p>
   </div>
   <div class='ocr_carea' id='block_1_23' title="bbox 296 1843 1883 1911">
    <p class='ocr_par' dir='ltr' id='par_1_23' title="bbox 296 1843 1883 1911">
     <span class='ocr_line' id='line_1_23' title="bbox 296 1843 1883 1911; baseline -0.001 -14"><span class='ocrx_word' id='word_1_170' title='bbox 296 1844 477 1899; x_wconf 89' lang='lat' dir='ltr'><strong>Pansa</strong></span> <span class='ocrx_word' id='word_1_171' title='bbox 501 1843 658 1900; x_wconf 81' lang='lat' dir='ltr'><strong>erant</strong></span> <span class='ocrx_word' id='word_1_172' title='bbox 686 1844 965 1908; x_wconf 88' lang='lat' dir='ltr'><strong>consules,</strong></span> <span class='ocrx_word' id='word_1_173' title='bbox 1005 1852 1058 1897; x_wconf 92' lang='lat' dir='ltr'><strong>et</strong></span> <span class='ocrx_word' id='word_1_174' title='bbox 1086 1857 1228 1897; x_wconf 91' lang='lat' dir='ltr'><strong>anno</strong></span> <span class='ocrx_word' id='word_1_175' title='bbox 1264 1845 1548 1911; x_wconf 86' lang='lat' dir='ltr'><strong>superiore</strong></span> <span class='ocrx_word' id='word_1_176' title='bbox 1573 1859 1732 1911; x_wconf 89' lang='lat' dir='ltr'><strong>quam</strong></span> <span class='ocrx_word' id='word_1_177' title='bbox 1764 1843 1883 1896; x_wconf 78' lang='lat' dir='ltr'><strong>Mu-</strong></span> 
     </span>
    </p>
   </div>
   <div class='ocr_carea' id='block_1_24' title="bbox 294 1914 1887 1978">
    <p class='ocr_par' dir='ltr' id='par_1_24' title="bbox 294 1914 1887 1978">
     <span class='ocr_line' id='line_1_24' title="bbox 294 1914 1887 1978; baseline -0.002 -7"><span class='ocrx_word' id='word_1_178' title='bbox 294 1918 475 1971; x_wconf 89' lang='lat' dir='ltr'><strong>natius</strong></span> <span class='ocrx_word' id='word_1_179' title='bbox 521 1916 621 1970; x_wconf 84' lang='lat' dir='ltr'><strong>fuit</strong></span> <span class='ocrx_word' id='word_1_180' title='bbox 663 1916 875 1978; x_wconf 86' lang='lat' dir='ltr'><strong>consul,</strong></span> <span class='ocrx_word' id='word_1_181' title='bbox 924 1923 1156 1970; x_wconf 76' lang='lat' dir='ltr'><strong>testatur</strong></span> <span class='ocrx_word' id='word_1_182' title='bbox 1209 1914 1308 1968; x_wconf 92' lang='lat' dir='ltr'><strong>Dio</strong></span> <span class='ocrx_word' id='word_1_183' title='bbox 1358 1914 1454 1968; x_wconf 91' lang='lat' dir='ltr'><strong>lib.</strong></span> <span class='ocrx_word' id='word_1_184' title='bbox 1499 1929 1648 1968; x_wconf 82' lang='lat' dir='ltr'><strong>XLVI.</strong></span> <span class='ocrx_word' id='word_1_185' title='bbox 1698 1915 1887 1969; x_wconf 77' lang='lat' dir='ltr'><strong>Exstat</strong></span> 
     </span>
    </p>
   </div>
   <div class='ocr_carea' id='block_1_25' title="bbox 293 1986 1885 2058">
    <p class='ocr_par' dir='ltr' id='par_1_25' title="bbox 293 1986 1885 2058">
     <span class='ocr_line' id='line_1_25' title="bbox 293 1986 1885 2058; baseline -0.003 -14"><span class='ocrx_word' id='word_1_186' title='bbox 293 1991 460 2044; x_wconf 88' lang='lat' dir='ltr'><strong>etiam</strong></span> <span class='ocrx_word' id='word_1_187' title='bbox 485 1988 624 2058; x_wconf 90' lang='lat' dir='ltr'><strong>apud</strong></span> <span class='ocrx_word' id='word_1_188' title='bbox 655 1987 990 2056; x_wconf 86' lang='lat' dir='ltr'><strong>Onuphrium</strong></span> <span class='ocrx_word' id='word_1_189' title='bbox 1021 1986 1336 2040; x_wconf 88' lang='lat' dir='ltr'><strong>Panvinium</strong></span> <span class='ocrx_word' id='word_1_190' title='bbox 1374 1987 1426 2058; x_wconf 84' lang='lat' dir='ltr'><strong>in</strong></span> <span class='ocrx_word' id='word_1_191' title='bbox 1468 1986 1885 2058; x_wconf 84' lang='lat' dir='ltr'><strong>commentariis</strong></span> 
     </span>
    </p>
   </div>
   <div class='ocr_carea' id='block_1_26' title="bbox 295 2056 1884 2128">
    <p class='ocr_par' dir='ltr' id='par_1_26' title="bbox 295 2056 1884 2128">
     <span class='ocr_line' id='line_1_26' title="bbox 295 2056 1884 2128; baseline -0.002 -15"><span class='ocrx_word' id='word_1_192' title='bbox 295 2061 362 2114; x_wconf 89' lang='lat' dir='ltr'><strong>ad</strong></span> <span class='ocrx_word' id='word_1_193' title='bbox 387 2056 598 2128; x_wconf 81' lang='lat' dir='ltr'><strong>Fastos,</strong></span> <span class='ocrx_word' id='word_1_194' title='bbox 629 2073 772 2112; x_wconf 86' lang='lat' dir='ltr'><strong>anno</strong></span> <span class='ocrx_word' id='word_1_195' title='bbox 800 2057 932 2114; x_wconf 91' lang='lat' dir='ltr'><strong>Urb.</strong></span> <span class='ocrx_word' id='word_1_196' title='bbox 957 2058 1221 2122; x_wconf 71' lang='lat' dir='ltr'><strong>712,etin</strong></span> <span class='ocrx_word' id='word_1_197' title='bbox 1241 2056 1488 2128; x_wconf 83' lang='lat' dir='ltr'><strong>Inscript.</strong></span> <span class='ocrx_word' id='word_1_198' title='bbox 1518 2056 1736 2112; x_wconf 84' lang='lat' dir='ltr'><strong>Gruteri</strong></span> <span class='ocrx_word' id='word_1_199' title='bbox 1766 2073 1884 2127; x_wconf 86' lang='lat' dir='ltr'><strong>pag.</strong></span> 
     </span>
    </p>
   </div>
   <div class='ocr_carea' id='block_1_27' title="bbox 293 2127 1887 2200">
    <p class='ocr_par' dir='ltr' id='par_1_27' title="bbox 293 2127 1887 2200">
     <span class='ocr_line' id='line_1_27' title="bbox 293 2127 1887 2200; baseline -0.002 -14"><span class='ocrx_word' id='word_1_200' title='bbox 293 2133 423 2200; x_wconf 68' lang='grc'>459,</span> <span class='ocrx_word' id='word_1_201' title='bbox 455 2127 610 2186; x_wconf 89' lang='lat' dir='ltr'><strong>vetus</strong></span> <span class='ocrx_word' id='word_1_202' title='bbox 641 2131 952 2200; x_wconf 86' lang='lat' dir='ltr'><strong>inscriptio,</strong></span> <span class='ocrx_word' id='word_1_203' title='bbox 985 2146 1106 2196; x_wconf 84' lang='lat' dir='ltr'><strong>quae</strong></span> <span class='ocrx_word' id='word_1_204' title='bbox 1134 2129 1316 2184; x_wconf 89' lang='lat' dir='ltr'><strong>adhuc</strong></span> <span class='ocrx_word' id='word_1_205' title='bbox 1343 2127 1546 2183; x_wconf 65' lang='lat' dir='ltr'><strong>Caieta:</strong></span> <span class='ocrx_word' id='word_1_206' title='bbox 1582 2130 1801 2193; x_wconf 90' lang='lat' dir='ltr'><strong>visitur,</strong></span> <span class='ocrx_word' id='word_1_207' title='bbox 1833 2132 1887 2184; x_wconf 92' lang='lat' dir='ltr'><strong>in</strong></span> 
     </span>
    </p>
   </div>
   <div class='ocr_carea' id='block_1_28' title="bbox 296 2200 1886 2273">
    <p class='ocr_par' dir='ltr' id='par_1_28' title="bbox 296 2200 1886 2273">
     <span class='ocr_line' id='line_1_28' title="bbox 296 2200 1886 2273; baseline -0.001 -17"><span class='ocrx_word' id='word_1_208' title='bbox 296 2219 402 2273; x_wconf 88' lang='lat' dir='ltr'><strong>qna</strong></span> <span class='ocrx_word' id='word_1_209' title='bbox 432 2203 707 2257; x_wconf 87' lang='lat' dir='ltr'><strong>Munatius</strong></span> <span class='ocrx_word' id='word_1_210' title='bbox 737 2201 938 2258; x_wconf 89' lang='lat' dir='ltr'><strong>dicitur</strong></span> <span class='ocrx_word' id='word_1_211' title='bbox 971 2201 1024 2254; x_wconf 91' lang='lat' dir='ltr'><strong>in</strong></span> <span class='ocrx_word' id='word_1_212' title='bbox 1061 2200 1235 2256; x_wconf 83' lang='lat' dir='ltr'><strong>Gallia</strong></span> <span class='ocrx_word' id='word_1_213' title='bbox 1279 2201 1526 2255; x_wconf 86' lang='lat' dir='ltr'><strong>colonias</strong></span> <span class='ocrx_word' id='word_1_214' title='bbox 1561 2200 1886 2270; x_wconf 82' lang='lat' dir='ltr'><strong>Lugdunum</strong></span> 
     </span>
    </p>
   </div>
   <div class='ocr_carea' id='block_1_29' title="bbox 297 2273 1024 2331">
    <p class='ocr_par' dir='ltr' id='par_1_29' title="bbox 297 2273 1024 2331">
     <span class='ocr_line' id='line_1_29' title="bbox 297 2273 1024 2331; baseline -0.007 0"><span class='ocrx_word' id='word_1_215' title='bbox 297 2285 355 2331; x_wconf 90' lang='lat' dir='ltr'><strong>et</strong></span> <span class='ocrx_word' id='word_1_216' title='bbox 376 2275 672 2330; x_wconf 77' lang='lat' dir='ltr'><strong>Rauricam</strong></span> <span class='ocrx_word' id='word_1_217' title='bbox 714 2273 1024 2328; x_wconf 73' lang='lat' dir='ltr'><strong>deduxisse.</strong></span> 
     </span>
    </p>
   </div>
   <div class='ocr_carea' id='block_1_30' title="bbox 371 2343 1889 2415">
    <p class='ocr_par' dir='ltr' id='par_1_30' title="bbox 371 2343 1889 2415">
     <span class='ocr_line' id='line_1_30' title="bbox 371 2343 1889 2415; baseline -0.002 -14"><span class='ocrx_word' id='word_1_218' title='bbox 371 2347 582 2415; x_wconf 89' lang='lat' dir='ltr'><strong>(lbid.)</strong></span> <span class='ocrx_word' id='word_1_219' title='bbox 614 2345 848 2399; x_wconf 82' lang='lat' dir='ltr'><strong>Galliam</strong></span> <span class='ocrx_word' id='word_1_220' title='bbox 879 2343 1168 2399; x_wconf 88' lang='lat' dir='ltr'><strong>Comatam.</strong></span> <span class='ocrx_word' id='word_1_221' title='bbox 1211 2344 1300 2398; x_wconf 92' lang='lat' dir='ltr'><strong>Sic</strong></span> <span class='ocrx_word' id='word_1_222' title='bbox 1339 2343 1744 2398; x_wconf 86' lang='lat' dir='ltr'><strong>emendavimus</strong></span> <span class='ocrx_word' id='word_1_223' title='bbox 1790 2359 1889 2413; x_wconf 89' lang='lat' dir='ltr'><strong>pro</strong></span> 
     </span>
    </p>
   </div>
   <div class='ocr_carea' id='block_1_31' title="bbox 301 2415 1885 2484">
    <p class='ocr_par' dir='ltr' id='par_1_31' title="bbox 301 2415 1885 2484">
     <span class='ocr_line' id='line_1_31' title="bbox 301 2415 1885 2484; baseline -0.003 -12"><span class='ocrx_word' id='word_1_224' title='bbox 301 2417 532 2472; x_wconf 83' lang='lat' dir='ltr'><strong>Galliam</strong></span> <span class='ocrx_word' id='word_1_225' title='bbox 564 2417 876 2478; x_wconf 85' lang='lat' dir='ltr'><strong>Romanam,</strong></span> <span class='ocrx_word' id='word_1_226' title='bbox 902 2417 1028 2469; x_wconf 91' lang='lat' dir='ltr'><strong>utin</strong></span> <span class='ocrx_word' id='word_1_227' title='bbox 1050 2416 1198 2479; x_wconf 90' lang='lat' dir='ltr'><strong>Lut.,</strong></span> <span class='ocrx_word' id='word_1_228' title='bbox 1221 2415 1312 2476; x_wconf 84' lang='grc' dir='ltr'><strong>Β..</strong></span> <span class='ocrx_word' id='word_1_229' title='bbox 1338 2415 1429 2479; x_wconf 82' lang='lat' dir='ltr'><strong>H.,</strong></span> <span class='ocrx_word' id='word_1_230' title='bbox 1453 2415 1596 2480; x_wconf 89' lang='lat' dir='ltr'><strong>Pet.,</strong></span> <span class='ocrx_word' id='word_1_231' title='bbox 1621 2416 1742 2482; x_wconf 85' lang='lat' dir='ltr'><strong>Ba.,</strong></span> <span class='ocrx_word' id='word_1_232' title='bbox 1767 2416 1885 2484; x_wconf 76' lang='lat'><strong>$0.,</strong></span> 
     </span>
    </p>
   </div>
   <div class='ocr_carea' id='block_1_32' title="bbox 302 2487 1886 2558">
    <p class='ocr_par' dir='ltr' id='par_1_32' title="bbox 302 2487 1886 2558">
     <span class='ocr_line' id='line_1_32' title="bbox 302 2487 1886 2558; baseline -0.002 -13"><span class='ocrx_word' id='word_1_233' title='bbox 302 2491 466 2553; x_wconf 79' lang='lat' dir='ltr'><strong>Fux.,</strong></span> <span class='ocrx_word' id='word_1_234' title='bbox 497 2488 648 2557; x_wconf 91' lang='lat' dir='ltr'><strong>Lut.,</strong></span> <span class='ocrx_word' id='word_1_235' title='bbox 676 2488 846 2550; x_wconf 88' lang='lat' dir='ltr'><strong>ldac.,</strong></span> <span class='ocrx_word' id='word_1_236' title='bbox 876 2487 1024 2558; x_wconf 59' lang='grc' dir='ltr'><strong>[τι-8.,</strong></span> <span class='ocrx_word' id='word_1_237' title='bbox 1049 2488 1191 2558; x_wconf 88' lang='lat' dir='ltr'><strong>quod</strong></span> <span class='ocrx_word' id='word_1_238' title='bbox 1215 2488 1576 2555; x_wconf 81' lang='lat' dir='ltr'><strong>expunximus</strong></span> <span class='ocrx_word' id='word_1_239' title='bbox 1599 2488 1774 2542; x_wconf 79' lang='lat' dir='ltr'><strong>secuti</strong></span> <span class='ocrx_word' id='word_1_240' title='bbox 1800 2490 1886 2553; x_wconf 90' lang='lat' dir='ltr'><strong>L.,</strong></span> 
     </span>
    </p>
   </div>
   <div class='ocr_carea' id='block_1_33' title="bbox 299 2557 1886 2627">
    <p class='ocr_par' dir='ltr' id='par_1_33' title="bbox 299 2557 1886 2627">
     <span class='ocr_line' id='line_1_33' title="bbox 299 2557 1886 2627; baseline -0.002 -11"><span class='ocrx_word' id='word_1_241' title='bbox 299 2566 394 2626; x_wconf 85' lang='lat' dir='ltr'><strong>A.,</strong></span> <span class='ocrx_word' id='word_1_242' title='bbox 423 2563 553 2627; x_wconf 88' lang='lat' dir='ltr'><strong>Au.,</strong></span> <span class='ocrx_word' id='word_1_243' title='bbox 577 2561 675 2626; x_wconf 86' lang='grc' dir='ltr'>Μ.,</span> <span class='ocrx_word' id='word_1_244' title='bbox 709 2560 799 2626; x_wconf 82' lang='lat' dir='ltr'><strong>V.,</strong></span> <span class='ocrx_word' id='word_1_245' title='bbox 836 2560 944 2623; x_wconf 85' lang='lat' dir='ltr'><strong>Vi.,</strong></span> <span class='ocrx_word' id='word_1_246' title='bbox 974 2557 1064 2623; x_wconf 90' lang='lat'><strong>0.,</strong></span> <span class='ocrx_word' id='word_1_247' title='bbox 1101 2559 1222 2623; x_wconf 84' lang='lat' dir='ltr'><strong>Va.,</strong></span> <span class='ocrx_word' id='word_1_248' title='bbox 1256 2558 1405 2622; x_wconf 59' lang='grc' dir='ltr'><strong>νει,</strong></span> <span class='ocrx_word' id='word_1_249' title='bbox 1432 2559 1580 2626; x_wconf 74' lang='lat' dir='ltr'><strong>Fre.,</strong></span> <span class='ocrx_word' id='word_1_250' title='bbox 1617 2559 1702 2622; x_wconf 86' lang='lat' dir='ltr'><strong>P.,</strong></span> <span class='ocrx_word' id='word_1_251' title='bbox 1753 2560 1886 2627; x_wconf 84' lang='lat' dir='ltr'><strong>Fa.,</strong></span> 
     </span>
    </p>
   </div>
   <div class='ocr_carea' id='block_1_34' title="bbox 300 2629 1894 2698">
    <p class='ocr_par' dir='ltr' id='par_1_34' title="bbox 300 2629 1894 2698">
     <span class='ocr_line' id='line_1_34' title="bbox 300 2629 1894 2698; baseline -0.004 -10"><span class='ocrx_word' id='word_1_252' title='bbox 300 2635 418 2698; x_wconf 85' lang='lat' dir='ltr'><strong>AL,</strong></span> <span class='ocrx_word' id='word_1_253' title='bbox 448 2633 571 2698; x_wconf 87' lang='lat' dir='ltr'><strong>Lo.,</strong></span> <span class='ocrx_word' id='word_1_254' title='bbox 603 2632 723 2697; x_wconf 89' lang='lat' dir='ltr'><strong>Sa.,</strong></span> <span class='ocrx_word' id='word_1_255' title='bbox 750 2633 856 2696; x_wconf 89' lang='lat' dir='ltr'><strong>Pi.,</strong></span> <span class='ocrx_word' id='word_1_256' title='bbox 885 2630 1044 2695; x_wconf 78' lang='lat' dir='ltr'><strong>Ven.,</strong></span> <span class='ocrx_word' id='word_1_257' title='bbox 1071 2630 1246 2696; x_wconf 87' lang='lat' dir='ltr'><strong>Peta.,</strong></span> <span class='ocrx_word' id='word_1_258' title='bbox 1281 2630 1441 2694; x_wconf 87' lang='lat' dir='ltr'><strong>Mar.,</strong></span> <span class='ocrx_word' id='word_1_259' title='bbox 1466 2629 1607 2696; x_wconf 89' lang='lat' dir='ltr'><strong>apud</strong></span> <span class='ocrx_word' id='word_1_260' title='bbox 1631 2646 1789 2698; x_wconf 86' lang='lat' dir='ltr'><strong>quem</strong></span> <span class='ocrx_word' id='word_1_261' title='bbox 1814 2641 1894 2684; x_wconf 87' lang='lat' dir='ltr'><strong>ta-</strong></span> 
     </span>
    </p>
   </div>
   <div class='ocr_carea' id='block_1_35' title="bbox 300 2701 1894 2772">
    <p class='ocr_par' dir='ltr' id='par_1_35' title="bbox 300 2701 1894 2772">
     <span class='ocr_line' id='line_1_35' title="bbox 300 2701 1894 2772; baseline -0.002 -12"><span class='ocrx_word' id='word_1_262' title='bbox 300 2719 427 2760; x_wconf 88' lang='lat' dir='ltr'><strong>men</strong></span> <span class='ocrx_word' id='word_1_263' title='bbox 480 2702 795 2758; x_wconf 88' lang='lat' dir='ltr'><strong>memineris</strong></span> <span class='ocrx_word' id='word_1_264' title='bbox 843 2702 1220 2770; x_wconf 84' lang='lat' dir='ltr'><strong>castigandum</strong></span> <span class='ocrx_word' id='word_1_265' title='bbox 1270 2701 1586 2754; x_wconf 80' lang='lat' dir='ltr'><strong>Commotam</strong></span> <span class='ocrx_word' id='word_1_266' title='bbox 1630 2717 1750 2755; x_wconf 90' lang='lat' dir='ltr'><strong>cum</strong></span> <span class='ocrx_word' id='word_1_267' title='bbox 1801 2718 1894 2772; x_wconf 85' lang='lat' dir='ltr'><strong>ge-</strong></span> 
     </span>
    </p>
   </div>
   <div class='ocr_carea' id='block_1_36' title="bbox 303 2773 1895 2845">
    <p class='ocr_par' dir='ltr' id='par_1_36' title="bbox 303 2773 1895 2845">
     <span class='ocr_line' id='line_1_36' title="bbox 303 2773 1895 2845; baseline -0.002 -14"><span class='ocrx_word' id='word_1_268' title='bbox 303 2777 453 2831; x_wconf 92' lang='lat' dir='ltr'><strong>mino</strong></span> <span class='ocrx_word' id='word_1_269' title='bbox 481 2793 531 2829; x_wconf 90' lang='lat' dir='ltr'><strong>m</strong></span> <span class='ocrx_word' id='word_1_270' title='bbox 561 2790 660 2845; x_wconf 91' lang='lat' dir='ltr'><strong>pro</strong></span> <span class='ocrx_word' id='word_1_271' title='bbox 689 2775 986 2838; x_wconf 79' lang='lat' dir='ltr'><strong>Comatam,</strong></span> <span class='ocrx_word' id='word_1_272' title='bbox 1016 2784 1070 2827; x_wconf 91' lang='lat' dir='ltr'><strong>et</strong></span> <span class='ocrx_word' id='word_1_273' title='bbox 1090 2775 1213 2841; x_wconf 86' lang='lat' dir='ltr'><strong>quia</strong></span> <span class='ocrx_word' id='word_1_274' title='bbox 1245 2788 1511 2845; x_wconf 81' lang='lat' dir='ltr'><strong>nusquam</strong></span> <span class='ocrx_word' id='word_1_275' title='bbox 1543 2773 1770 2845; x_wconf 83' lang='lat' dir='ltr'><strong>legimus</strong></span> <span class='ocrx_word' id='word_1_276' title='bbox 1795 2775 1895 2828; x_wconf 89' lang='lat' dir='ltr'><strong>ali-</strong></span> 
     </span>
    </p>
   </div>
   <div class='ocr_carea' id='block_1_37' title="bbox 304 2843 1896 2918">
    <p class='ocr_par' dir='ltr' id='par_1_37' title="bbox 304 2843 1896 2918">
     <span class='ocr_line' id='line_1_37' title="bbox 304 2843 1896 2918; baseline -0.003 -15"><span class='ocrx_word' id='word_1_277' title='bbox 304 2863 468 2918; x_wconf 88' lang='lat' dir='ltr'><strong>quam</strong></span> <span class='ocrx_word' id='word_1_278' title='bbox 499 2843 708 2917; x_wconf 74' lang='lat' dir='ltr'><strong>partem</strong></span> <span class='ocrx_word' id='word_1_279' title='bbox 736 2846 926 2918; x_wconf 60' lang='lat' dir='ltr'><strong>Gallia:</strong></span> <span class='ocrx_word' id='word_1_280' title='bbox 957 2855 1204 2918; x_wconf 87' lang='lat' dir='ltr'><strong>vocatam</strong></span> <span class='ocrx_word' id='word_1_281' title='bbox 1238 2844 1417 2918; x_wconf 77' lang='lat' dir='ltr'><strong>fuisse</strong></span> <span class='ocrx_word' id='word_1_282' title='bbox 1436 2843 1660 2918; x_wconf 82' lang='lat' dir='ltr'><strong>Galliam</strong></span> <span class='ocrx_word' id='word_1_283' title='bbox 1701 2844 1896 2898; x_wconf 76' lang='lat' dir='ltr'><strong>Roma-</strong></span> 
     </span>
    </p>
   </div>
   <div class='ocr_carea' id='block_1_38' title="bbox 302 2915 1898 2987">
    <p class='ocr_par' dir='ltr' id='par_1_38' title="bbox 302 2915 1898 2987">
     <span class='ocr_line' id='line_1_38' title="bbox 302 2915 1898 2987; baseline 0 -15"><span class='ocrx_word' id='word_1_284' title='bbox 302 2915 462 2984; x_wconf 76' lang='lat' dir='ltr'><strong>nam;</strong></span> <span class='ocrx_word' id='word_1_285' title='bbox 500 2915 679 2972; x_wconf 80' lang='lat' dir='ltr'><strong>immo</strong></span> <span class='ocrx_word' id='word_1_286' title='bbox 707 2919 789 2970; x_wconf 88' lang='lat' dir='ltr'><strong>vel</strong></span> <span class='ocrx_word' id='word_1_287' title='bbox 817 2915 1095 2987; x_wconf 81' lang='lat' dir='ltr'><strong>Tagatam,</strong></span> <span class='ocrx_word' id='word_1_288' title='bbox 1131 2917 1198 2969; x_wconf 88' lang='lat' dir='ltr'><strong>de</strong></span> <span class='ocrx_word' id='word_1_289' title='bbox 1217 2931 1334 2987; x_wconf 84' lang='lat' dir='ltr'><strong>qua</strong></span> <span class='ocrx_word' id='word_1_290' title='bbox 1355 2917 1420 2968; x_wconf 91' lang='lat' dir='ltr'><strong>ad</strong></span> <span class='ocrx_word' id='word_1_291' title='bbox 1454 2915 1658 2986; x_wconf 91' lang='lat' dir='ltr'><strong>olymp.</strong></span> <span class='ocrx_word' id='word_1_292' title='bbox 1689 2919 1814 2984; x_wconf 89' lang='grc'>180,</span> <span class='ocrx_word' id='word_1_293' title='bbox 1843 2927 1898 2972; x_wconf 89' lang='lat' dir='ltr'><strong>et</strong></span> 
     </span>
    </p>
   </div>
   <div class='ocr_carea' id='block_1_39' title="bbox 303 2985 1897 3059">
    <p class='ocr_par' dir='ltr' id='par_1_39' title="bbox 303 2985 1897 3059">
     <span class='ocr_line' id='line_1_39' title="bbox 303 2985 1897 3059; baseline -0.001 -14"><span class='ocrx_word' id='word_1_294' title='bbox 303 2991 396 3045; x_wconf 89' lang='lat' dir='ltr'><strong>illa</strong></span> <span class='ocrx_word' id='word_1_295' title='bbox 423 3000 507 3046; x_wconf 90' lang='lat' dir='ltr'><strong>est</strong></span> <span class='ocrx_word' id='word_1_296' title='bbox 533 2989 807 3059; x_wconf 86' lang='lat' dir='ltr'><strong>Cisalpina</strong></span> <span class='ocrx_word' id='word_1_297' title='bbox 848 2985 908 3042; x_wconf 81' lang='lat' dir='ltr'><strong>in</strong></span> <span class='ocrx_word' id='word_1_298' title='bbox 931 2988 1113 3051; x_wconf 83' lang='lat' dir='ltr'><strong>Italia;</strong></span> <span class='ocrx_word' id='word_1_299' title='bbox 1144 2986 1229 3059; x_wconf 85' lang='lat' dir='ltr'><strong>vel</strong></span> <span class='ocrx_word' id='word_1_300' title='bbox 1258 2985 1546 3048; x_wconf 83' lang='lat' dir='ltr'><strong>Comatam,</strong></span> <span class='ocrx_word' id='word_1_301' title='bbox 1577 2995 1633 3040; x_wconf 89' lang='lat' dir='ltr'><strong>et</strong></span> <span class='ocrx_word' id='word_1_302' title='bbox 1659 2989 1776 3042; x_wconf 74' lang='lat' dir='ltr'><strong>haec</strong></span> <span class='ocrx_word' id='word_1_303' title='bbox 1815 3000 1897 3043; x_wconf 91' lang='lat' dir='ltr'><strong>est</strong></span> 
     </span>
    </p>
   </div>
   <div class='ocr_carea' id='block_1_40' title="bbox 304 3057 1896 3130">
    <p class='ocr_par' dir='ltr' id='par_1_40' title="bbox 304 3057 1896 3130">
     <span class='ocr_line' id='line_1_40' title="bbox 304 3057 1896 3130; baseline -0.001 -14"><span class='ocrx_word' id='word_1_304' title='bbox 304 3057 827 3130; x_wconf 52' lang='lat' dir='ltr'><strong>Transalpina,&#39;quo</strong></span> <span class='ocrx_word' id='word_1_305' title='bbox 855 3061 1019 3114; x_wconf 89' lang='lat' dir='ltr'><strong>etiam</strong></span> <span class='ocrx_word' id='word_1_306' title='bbox 1052 3057 1273 3112; x_wconf 88' lang='lat' dir='ltr'><strong>nomine</strong></span> <span class='ocrx_word' id='word_1_307' title='bbox 1303 3067 1386 3112; x_wconf 91' lang='lat' dir='ltr'><strong>cst</strong></span> <span class='ocrx_word' id='word_1_308' title='bbox 1407 3060 1676 3126; x_wconf 88' lang='lat' dir='ltr'><strong>appellata</strong></span> <span class='ocrx_word' id='word_1_309' title='bbox 1716 3063 1896 3114; x_wconf 91' lang='lat' dir='ltr'><strong>omnis</strong></span> 
     </span>
    </p>
   </div>
   <div class='ocr_carea' id='block_1_41' title="bbox 308 3130 1896 3202">
    <p class='ocr_par' dir='ltr' id='par_1_41' title="bbox 308 3130 1896 3202">
     <span class='ocr_line' id='line_1_41' title="bbox 308 3130 1896 3202; baseline -0.001 -15"><span class='ocrx_word' id='word_1_310' title='bbox 308 3132 503 3200; x_wconf 84' lang='lat' dir='ltr'><strong>Gallia,</strong></span> <span class='ocrx_word' id='word_1_311' title='bbox 524 3143 580 3186; x_wconf 89' lang='lat' dir='ltr'><strong>ut</strong></span> <span class='ocrx_word' id='word_1_312' title='bbox 609 3133 860 3202; x_wconf 76' lang='lat' dir='ltr'><strong>inquiunt</strong></span> <span class='ocrx_word' id='word_1_313' title='bbox 888 3131 1030 3202; x_wconf 89' lang='lat' dir='ltr'><strong>Plin.</strong></span> <span class='ocrx_word' id='word_1_314' title='bbox 1062 3130 1156 3183; x_wconf 92' lang='lat' dir='ltr'><strong>lib.</strong></span> <span class='ocrx_word' id='word_1_315' title='bbox 1175 3145 1223 3202; x_wconf 74' lang='lat' dir='ltr'><strong>tv</strong></span> <span class='ocrx_word' id='word_1_316' title='bbox 1245 3132 1486 3202; x_wconf 61' lang='lat' dir='ltr'><strong>cap.j7,</strong></span> <span class='ocrx_word' id='word_1_317' title='bbox 1518 3140 1573 3202; x_wconf 83' lang='lat' dir='ltr'><strong>et</strong></span> <span class='ocrx_word' id='word_1_318' title='bbox 1599 3131 1733 3186; x_wconf 86' lang='lat' dir='ltr'><strong>Mela</strong></span> <span class='ocrx_word' id='word_1_319' title='bbox 1763 3132 1896 3185; x_wconf 83' lang='lat' dir='ltr'><strong>lib.t</strong></span> 
     </span>
    </p>
   </div>
   <div class='ocr_carea' id='block_1_42' title="bbox 311 3200 1893 3273">
    <p class='ocr_par' dir='ltr' id='par_1_42' title="bbox 311 3200 1893 3273">
     <span class='ocr_line' id='line_1_42' title="bbox 311 3200 1893 3273; baseline -0.001 -13"><span class='ocrx_word' id='word_1_320' title='bbox 311 3221 427 3273; x_wconf 88' lang='lat' dir='ltr'><strong>cap.</strong></span> <span class='ocrx_word' id='word_1_321' title='bbox 443 3207 498 3270; x_wconf 67' lang='lat'><strong>‘2;</strong></span> <span class='ocrx_word' id='word_1_322' title='bbox 522 3205 609 3258; x_wconf 87' lang='lat' dir='ltr'><strong>vel</strong></span> <span class='ocrx_word' id='word_1_323' title='bbox 624 3200 790 3258; x_wconf 87' lang='lat' dir='ltr'><strong>etiam</strong></span> <span class='ocrx_word' id='word_1_324' title='bbox 805 3201 1144 3265; x_wconf 78' lang='lat' dir='ltr'><strong>Brachatam,</strong></span> <span class='ocrx_word' id='word_1_325' title='bbox 1159 3200 1228 3256; x_wconf 91' lang='lat' dir='ltr'><strong>de</strong></span> <span class='ocrx_word' id='word_1_326' title='bbox 1249 3217 1352 3270; x_wconf 90' lang='lat' dir='ltr'><strong>qua</strong></span> <span class='ocrx_word' id='word_1_327' title='bbox 1366 3201 1500 3255; x_wconf 88' lang='lat' dir='ltr'><strong>Mela</strong></span> <span class='ocrx_word' id='word_1_328' title='bbox 1515 3201 1608 3255; x_wconf 91' lang='lat' dir='ltr'><strong>lib.</strong></span> <span class='ocrx_word' id='word_1_329' title='bbox 1627 3219 1686 3268; x_wconf 85' lang='grc' dir='ltr'>ιι,</span> <span class='ocrx_word' id='word_1_330' title='bbox 1700 3202 1893 3258; x_wconf 86' lang='lat' dir='ltr'><strong>Cicero</strong></span> 
     </span>
    </p>
   </div>
   <div class='ocr_carea' id='block_1_43' title="bbox 316 3273 1894 3346">
    <p class='ocr_par' dir='ltr' id='par_1_43' title="bbox 316 3273 1894 3346">
     <span class='ocr_line' id='line_1_43' title="bbox 316 3273 1894 3346; baseline -0.001 -16"><span class='ocrx_word' id='word_1_331' title='bbox 316 3288 447 3330; x_wconf 87' lang='lat' dir='ltr'><strong>orat.</strong></span> <span class='ocrx_word' id='word_1_332' title='bbox 485 3291 582 3346; x_wconf 89' lang='lat' dir='ltr'><strong>pro</strong></span> <span class='ocrx_word' id='word_1_333' title='bbox 611 3275 861 3339; x_wconf 89' lang='lat' dir='ltr'><strong>Fonteio,</strong></span> <span class='ocrx_word' id='word_1_334' title='bbox 886 3275 1020 3346; x_wconf 64' lang='lat' dir='ltr'><strong>etin</strong></span> <span class='ocrx_word' id='word_1_335' title='bbox 1049 3273 1330 3346; x_wconf 74' lang='lat' dir='ltr'><strong>Pisonem,</strong></span> <span class='ocrx_word' id='word_1_336' title='bbox 1350 3288 1472 3346; x_wconf 64' lang='lat' dir='ltr'><strong>qua;</strong></span> <span class='ocrx_word' id='word_1_337' title='bbox 1502 3274 1659 3328; x_wconf 88' lang='lat' dir='ltr'><strong>aliter</strong></span> <span class='ocrx_word' id='word_1_338' title='bbox 1689 3273 1894 3328; x_wconf 88' lang='lat' dir='ltr'><strong>Narbo-</strong></span> 
     </span>
    </p>
   </div>
   <div class='ocr_carea' id='block_1_44' title="bbox 318 3343 1900 3413">
    <p class='ocr_par' dir='ltr' id='par_1_44' title="bbox 318 3343 1900 3413">
     <span class='ocr_line' id='line_1_44' title="bbox 318 3343 1900 3413; baseline 0.001 -13"><span class='ocrx_word' id='word_1_339' title='bbox 318 3343 506 3413; x_wconf 78' lang='lat' dir='ltr'><strong>nensis,</strong></span> <span class='ocrx_word' id='word_1_340' title='bbox 535 3355 594 3401; x_wconf 91' lang='lat' dir='ltr'><strong>ut</strong></span> <span class='ocrx_word' id='word_1_341' title='bbox 620 3355 834 3401; x_wconf 86' lang='lat' dir='ltr'><strong>constat</strong></span> <span class='ocrx_word' id='word_1_342' title='bbox 856 3361 918 3400; x_wconf 84' lang='lat' dir='ltr'><strong>ex</strong></span> <span class='ocrx_word' id='word_1_343' title='bbox 947 3345 1126 3398; x_wconf 83' lang='lat' dir='ltr'><strong>Plinio</strong></span> <span class='ocrx_word' id='word_1_344' title='bbox 1153 3355 1208 3398; x_wconf 88' lang='lat' dir='ltr'><strong>ct</strong></span> <span class='ocrx_word' id='word_1_345' title='bbox 1234 3344 1390 3398; x_wconf 86' lang='lat' dir='ltr'><strong>Mela.</strong></span> <span class='ocrx_word' id='word_1_346' title='bbox 1417 3343 1630 3398; x_wconf 80' lang='lat' dir='ltr'><strong>Comata</strong></span> <span class='ocrx_word' id='word_1_347' title='bbox 1653 3348 1733 3401; x_wconf 91' lang='lat' dir='ltr'><strong>sic</strong></span> <span class='ocrx_word' id='word_1_348' title='bbox 1761 3348 1900 3402; x_wconf 84' lang='lat' dir='ltr'><strong>dicta</strong></span> 
     </span>
    </p>
   </div>
   <div class='ocr_carea' id='block_1_45' title="bbox 311 3414 1902 3489">
    <p class='ocr_par' dir='ltr' id='par_1_45' title="bbox 311 3414 1902 3489">
     <span class='ocr_line' id='line_1_45' title="bbox 311 3414 1902 3489; baseline 0.001 -17"><span class='ocrx_word' id='word_1_349' title='bbox 311 3420 431 3484; x_wconf 78' lang='lat' dir='ltr'><strong>fuit,</strong></span> <span class='ocrx_word' id='word_1_350' title='bbox 477 3417 622 3488; x_wconf 91' lang='lat' dir='ltr'><strong>quod</strong></span> <span class='ocrx_word' id='word_1_351' title='bbox 665 3427 838 3489; x_wconf 83' lang='lat' dir='ltr'><strong>gentes</strong></span> <span class='ocrx_word' id='word_1_352' title='bbox 867 3427 1031 3471; x_wconf 86' lang='lat' dir='ltr'><strong>essent</strong></span> <span class='ocrx_word' id='word_1_353' title='bbox 1080 3417 1303 3489; x_wconf 64' lang='lat' dir='ltr'><strong>intonsis</strong></span> <span class='ocrx_word' id='word_1_354' title='bbox 1323 3426 1379 3489; x_wconf 83' lang='lat' dir='ltr'><strong>et</strong></span> <span class='ocrx_word' id='word_1_355' title='bbox 1411 3414 1673 3484; x_wconf 77' lang='lat' dir='ltr'><strong>capillatw</strong></span> <span class='ocrx_word' id='word_1_356' title='bbox 1714 3429 1902 3473; x_wconf 87' lang='lat' dir='ltr'><strong>contra</strong></span> 
     </span>
    </p>
   </div>
   <div class='ocr_carea' id='block_1_46' title="bbox 315 3488 1901 3558">
    <p class='ocr_par' dir='ltr' id='par_1_46' title="bbox 315 3488 1901 3558">
     <span class='ocr_line' id='line_1_46' title="bbox 315 3488 1901 3558; baseline 0 -14"><span class='ocrx_word' id='word_1_357' title='bbox 315 3506 525 3546; x_wconf 87' lang='lat' dir='ltr'><strong>morem</strong></span> <span class='ocrx_word' id='word_1_358' title='bbox 550 3488 942 3555; x_wconf 83' lang='lat' dir='ltr'><strong>Romanorum,</strong></span> <span class='ocrx_word' id='word_1_359' title='bbox 972 3499 1029 3542; x_wconf 89' lang='lat' dir='ltr'><strong>ut</strong></span> <span class='ocrx_word' id='word_1_360' title='bbox 1057 3489 1131 3542; x_wconf 88' lang='lat' dir='ltr'><strong>ait</strong></span> <span class='ocrx_word' id='word_1_361' title='bbox 1157 3488 1296 3541; x_wconf 89' lang='lat' dir='ltr'><strong>Plin.</strong></span> <span class='ocrx_word' id='word_1_362' title='bbox 1321 3488 1414 3541; x_wconf 90' lang='lat' dir='ltr'><strong>lib.</strong></span> <span class='ocrx_word' id='word_1_363' title='bbox 1443 3503 1480 3541; x_wconf 88' lang='lat' dir='ltr'><strong>ll</strong></span> <span class='ocrx_word' id='word_1_364' title='bbox 1509 3491 1730 3558; x_wconf 76' lang='lat' dir='ltr'><strong>cap.37.</strong></span> <span class='ocrx_word' id='word_1_365' title='bbox 1749 3491 1901 3556; x_wconf 87' lang='lat' dir='ltr'><strong>Quod</strong></span> 
     </span>
    </p>
   </div>
   <div class='ocr_carea' id='block_1_47' title="bbox 313 3559 1905 3628">
    <p class='ocr_par' dir='ltr' id='par_1_47' title="bbox 313 3559 1905 3628">
     <span class='ocr_line' id='line_1_47' title="bbox 313 3559 1905 3628; baseline 0 -12"><span class='ocrx_word' id='word_1_366' title='bbox 313 3573 497 3617; x_wconf 89' lang='lat' dir='ltr'><strong>autem</strong></span> <span class='ocrx_word' id='word_1_367' title='bbox 530 3564 615 3616; x_wconf 89' lang='lat' dir='ltr'><strong>hic</strong></span> <span class='ocrx_word' id='word_1_368' title='bbox 645 3562 914 3615; x_wconf 87' lang='lat' dir='ltr'><strong>Munatius</strong></span> <span class='ocrx_word' id='word_1_369' title='bbox 957 3562 1158 3614; x_wconf 85' lang='lat' dir='ltr'><strong>rexerit</strong></span> <span class='ocrx_word' id='word_1_370' title='bbox 1189 3569 1395 3628; x_wconf 82' lang='lat' dir='ltr'><strong>partem</strong></span> <span class='ocrx_word' id='word_1_371' title='bbox 1424 3559 1608 3615; x_wconf 82' lang='lat' dir='ltr'><strong>Galliae</strong></span> <span class='ocrx_word' id='word_1_372' title='bbox 1649 3561 1905 3618; x_wconf 85' lang='lat' dir='ltr'><strong>Transal-</strong></span> 
     </span>
    </p>
   </div>
   <div class='ocr_carea' id='block_1_48' title="bbox 319 3631 1182 3704">
    <p class='ocr_par' dir='ltr' id='par_1_48' title="bbox 319 3631 1182 3704">
     <span class='ocr_line' id='line_1_48' title="bbox 319 3631 1182 3704; baseline -0.006 -16"><span class='ocrx_word' id='word_1_373' title='bbox 319 3635 484 3704; x_wconf 67' lang='lat' dir='ltr'><strong>pinae,</strong></span> <span class='ocrx_word' id='word_1_374' title='bbox 519 3631 879 3704; x_wconf 18' lang='lat' dir='ltr'><strong>testaturiDio</strong></span> <span class='ocrx_word' id='word_1_375' title='bbox 911 3631 1014 3704; x_wconf 64' lang='lat' dir='ltr'><strong>lib._</strong></span> <span class='ocrx_word' id='word_1_376' title='bbox 1036 3646 1182 3686; x_wconf 75' lang='lat' dir='ltr'><strong>XLV].</strong></span> 
     </span>
    </p>
   </div>
   <div class='ocr_carea' id='block_1_49' title="bbox 386 3701 1908 3774">
    <p class='ocr_par' dir='ltr' id='par_1_49' title="bbox 386 3701 1908 3774">
     <span class='ocr_line' id='line_1_49' title="bbox 386 3701 1908 3774; baseline 0 -15"><span class='ocrx_word' id='word_1_377' title='bbox 386 3705 599 3773; x_wconf 89' lang='lat' dir='ltr'><strong>(lbid.)</strong></span> <span class='ocrx_word' id='word_1_378' title='bbox 633 3703 711 3757; x_wconf 83' lang='grc' dir='ltr'>Μ.</span> <span class='ocrx_word' id='word_1_379' title='bbox 744 3702 952 3757; x_wconf 82' lang='lat' dir='ltr'><strong>Lollius</strong></span> <span class='ocrx_word' id='word_1_380' title='bbox 973 3702 1261 3769; x_wconf 84' lang='lat' dir='ltr'><strong>Galatiam,</strong></span> <span class='ocrx_word' id='word_1_381' title='bbox 1295 3711 1402 3756; x_wconf 87' lang='lat' dir='ltr'><strong>etc.</strong></span> <span class='ocrx_word' id='word_1_382' title='bbox 1437 3701 1560 3757; x_wconf 58' lang='lat' dir='ltr'><strong>Haec</strong></span> <span class='ocrx_word' id='word_1_383' title='bbox 1589 3713 1803 3774; x_wconf 89' lang='lat' dir='ltr'><strong>sumpta</strong></span> <span class='ocrx_word' id='word_1_384' title='bbox 1831 3705 1908 3759; x_wconf 86' lang='lat' dir='ltr'><strong>vi-</strong></span> 
     </span>
    </p>
   </div>
   <div class='ocr_carea' id='block_1_50' title="bbox 313 3774 1900 3842">
    <p class='ocr_par' dir='ltr' id='par_1_50' title="bbox 313 3774 1900 3842">
     <span class='ocr_line' id='line_1_50' title="bbox 313 3774 1900 3842; baseline -0.002 -10"><span class='ocrx_word' id='word_1_385' title='bbox 313 3777 510 3832; x_wconf 87' lang='lat' dir='ltr'><strong>dentur</strong></span> <span class='ocrx_word' id='word_1_386' title='bbox 540 3779 607 3830; x_wconf 89' lang='lat' dir='ltr'><strong>ad</strong></span> <span class='ocrx_word' id='word_1_387' title='bbox 631 3776 854 3830; x_wconf 90' lang='lat' dir='ltr'><strong>verbum</strong></span> <span class='ocrx_word' id='word_1_388' title='bbox 901 3791 968 3829; x_wconf 83' lang='lat' dir='ltr'><strong>ex</strong></span> <span class='ocrx_word' id='word_1_389' title='bbox 997 3775 1262 3842; x_wconf 88' lang='lat' dir='ltr'><strong>Eutropio</strong></span> <span class='ocrx_word' id='word_1_390' title='bbox 1304 3774 1398 3827; x_wconf 89' lang='lat' dir='ltr'><strong>lib.</strong></span> <span class='ocrx_word' id='word_1_391' title='bbox 1429 3789 1523 3827; x_wconf 84' lang='lat' dir='ltr'><strong>vn.</strong></span> <span class='ocrx_word' id='word_1_392' title='bbox 1551 3775 1687 3829; x_wconf 89' lang='lat' dir='ltr'><strong>Sunt</strong></span> <span class='ocrx_word' id='word_1_393' title='bbox 1715 3787 1900 3831; x_wconf 89' lang='lat' dir='ltr'><strong>autem</strong></span> 
     </span>
    </p>
   </div>
   <div class='ocr_carea' id='block_1_51' title="bbox 314 3844 1910 3920">
    <p class='ocr_par' dir='ltr' id='par_1_51' title="bbox 314 3844 1910 3920">
     <span class='ocr_line' id='line_1_51' title="bbox 314 3844 1910 3920; baseline 0 -18"><span class='ocrx_word' id='word_1_394' title='bbox 314 3850 501 3920; x_wconf 85' lang='lat' dir='ltr'><strong>plures</strong></span> <span class='ocrx_word' id='word_1_395' title='bbox 531 3847 712 3920; x_wconf 71' lang='lat' dir='ltr'><strong>quiad</strong></span> <span class='ocrx_word' id='word_1_396' title='bbox 735 3863 823 3900; x_wconf 90' lang='lat' dir='ltr'><strong>an.</strong></span> <span class='ocrx_word' id='word_1_397' title='bbox 846 3847 916 3920; x_wconf 88' lang='grc'><strong>19</strong></span> <span class='ocrx_word' id='word_1_398' title='bbox 947 3844 1174 3920; x_wconf 77' lang='lat' dir='ltr'><strong>Augusti</strong></span> <span class='ocrx_word' id='word_1_399' title='bbox 1205 3855 1486 3920; x_wconf 85' lang='lat' dir='ltr'><strong>revocent,</strong></span> <span class='ocrx_word' id='word_1_400' title='bbox 1507 3846 1742 3920; x_wconf 80' lang='lat' dir='ltr'><strong>_ut_Fux.</strong></span> <span class='ocrx_word' id='word_1_401' title='bbox 1765 3850 1910 3920; x_wconf 85' lang='lat' dir='ltr'><strong>,l’e-</strong></span> 
     </span>
    </p>
   </div>
   <div class='ocr_carea' id='block_1_52' title="bbox 316 3915 1906 3987">
    <p class='ocr_par' dir='ltr' id='par_1_52' title="bbox 316 3915 1906 3987">
     <span class='ocr_line' id='line_1_52' title="bbox 316 3915 1906 3987; baseline -0.002 -13"><span class='ocrx_word' id='word_1_402' title='bbox 316 3915 418 3986; x_wconf 72' lang='lat' dir='ltr'><strong>ia.,</strong></span> <span class='ocrx_word' id='word_1_403' title='bbox 451 3915 574 3984; x_wconf 60' lang='lat' dir='ltr'><strong>Fa.,</strong></span> <span class='ocrx_word' id='word_1_404' title='bbox 619 3918 713 3972; x_wconf 90' lang='lat' dir='ltr'><strong>L0.</strong></span> <span class='ocrx_word' id='word_1_405' title='bbox 761 3927 816 3972; x_wconf 90' lang='lat' dir='ltr'><strong>et</strong></span> <span class='ocrx_word' id='word_1_406' title='bbox 844 3917 1118 3987; x_wconf 89' lang='lat' dir='ltr'><strong>impressi,</strong></span> <span class='ocrx_word' id='word_1_407' title='bbox 1150 3931 1310 3984; x_wconf 91' lang='lat' dir='ltr'><strong>quam</strong></span> <span class='ocrx_word' id='word_1_408' title='bbox 1336 3915 1430 3984; x_wconf 92' lang='lat' dir='ltr'><strong>qui</strong></span> <span class='ocrx_word' id='word_1_409' title='bbox 1456 3915 1522 3968; x_wconf 86' lang='lat' dir='ltr'><strong>ad</strong></span> <span class='ocrx_word' id='word_1_410' title='bbox 1561 3917 1657 3981; x_wconf 72' lang='lat'><strong>9.0,</strong></span> <span class='ocrx_word' id='word_1_411' title='bbox 1693 3929 1748 3972; x_wconf 91' lang='lat' dir='ltr'><strong>ut</strong></span> <span class='ocrx_word' id='word_1_412' title='bbox 1783 3919 1860 3973; x_wconf 88' lang='lat' dir='ltr'><strong>Pi.</strong></span> <span class='ocrx_word' id='word_1_413' title='bbox 1891 3961 1906 3984; x_wconf 91' lang='lat'><strong>,</strong></span> 
     </span>
    </p>
   </div>
   <div class='ocr_carea' id='block_1_53' title="bbox 319 3987 1912 4056">
    <p class='ocr_par' dir='ltr' id='par_1_53' title="bbox 319 3987 1912 4056">
     <span class='ocr_line' id='line_1_53' title="bbox 319 3987 1912 4056; baseline -0.001 -10"><span class='ocrx_word' id='word_1_414' title='bbox 319 3992 402 4046; x_wconf 72' lang='lat' dir='ltr'><strong>Vi.</strong></span> <span class='ocrx_word' id='word_1_415' title='bbox 424 4033 438 4056; x_wconf 92' lang='lat'><strong>,</strong></span> <span class='ocrx_word' id='word_1_416' title='bbox 473 3992 540 4045; x_wconf 91' lang='lat'><strong>0.</strong></span> <span class='ocrx_word' id='word_1_417' title='bbox 573 4001 629 4045; x_wconf 90' lang='lat' dir='ltr'><strong>et</strong></span> <span class='ocrx_word' id='word_1_418' title='bbox 659 3999 768 4044; x_wconf 90' lang='lat' dir='ltr'><strong>tres</strong></span> <span class='ocrx_word' id='word_1_419' title='bbox 798 4003 927 4042; x_wconf 88' lang='lat' dir='ltr'><strong>mss.</strong></span> <span class='ocrx_word' id='word_1_420' title='bbox 983 3987 1116 4042; x_wconf 87' lang='lat' dir='ltr'><strong>Fab.</strong></span> <span class='ocrx_word' id='word_1_421' title='bbox 1151 3987 1260 4040; x_wconf 81' lang='lat' dir='ltr'><strong>Nec</strong></span> <span class='ocrx_word' id='word_1_422' title='bbox 1310 3990 1744 4043; x_wconf 78' lang='lat' dir='ltr'><strong>contemnendus</strong></span> <span class='ocrx_word' id='word_1_423' title='bbox 1798 3991 1912 4044; x_wconf 85' lang='lat' dir='ltr'><strong>vul-</strong></span> 
     </span>
    </p>
   </div>
   <div class='ocr_carea' id='block_1_54' title="bbox 316 4058 1910 4134">
    <p class='ocr_par' dir='ltr' id='par_1_54' title="bbox 316 4058 1910 4134">
     <span class='ocr_line' id='line_1_54' title="bbox 316 4058 1910 4134; baseline -0.001 -17"><span class='ocrx_word' id='word_1_424' title='bbox 316 4079 461 4134; x_wconf 78' lang='lat' dir='ltr'><strong>garis</strong></span> <span class='ocrx_word' id='word_1_425' title='bbox 487 4063 644 4117; x_wconf 91' lang='lat' dir='ltr'><strong>situs.</strong></span> <span class='ocrx_word' id='word_1_426' title='bbox 675 4060 824 4115; x_wconf 86' lang='lat' dir='ltr'><strong>Idem</strong></span> <span class='ocrx_word' id='word_1_427' title='bbox 849 4060 1093 4114; x_wconf 84' lang='lat' dir='ltr'><strong>ﬁrmatur</strong></span> <span class='ocrx_word' id='word_1_428' title='bbox 1114 4059 1435 4134; x_wconf 60' lang='lat' dir='ltr'><strong>anetoritate</strong></span> <span class='ocrx_word' id='word_1_429' title='bbox 1454 4058 1644 4134; x_wconf 85' lang='lat' dir='ltr'><strong>_l_)iouis</strong></span> <span class='ocrx_word' id='word_1_430' title='bbox 1670 4061 1762 4134; x_wconf 87' lang='lat' dir='ltr'><strong>lib.</strong></span> <span class='ocrx_word' id='word_1_431' title='bbox 1795 4078 1910 4126; x_wconf 84' lang='lat' dir='ltr'><strong>Lm,</strong></span> 
     </span>
    </p>
   </div>
   <div class='ocr_carea' id='block_1_55' title="bbox 316 4130 1911 4204">
    <p class='ocr_par' dir='ltr' id='par_1_55' title="bbox 316 4130 1911 4204">
     <span class='ocr_line' id='line_1_55' title="bbox 316 4130 1911 4204; baseline 0.001 -16"><span class='ocrx_word' id='word_1_432' title='bbox 316 4130 408 4204; x_wconf 76' lang='lat' dir='ltr'><strong>qui</strong></span> <span class='ocrx_word' id='word_1_433' title='bbox 446 4134 630 4197; x_wconf 85' lang='lat' dir='ltr'><strong>tradit,</strong></span> <span class='ocrx_word' id='word_1_434' title='bbox 663 4134 1066 4204; x_wconf 13' lang='lat' dir='ltr'><strong>Amyntarrege</strong></span> <span class='ocrx_word' id='word_1_435' title='bbox 1096 4140 1336 4204; x_wconf 82' lang='lat' dir='ltr'><strong>mortuo,</strong></span> <span class='ocrx_word' id='word_1_436' title='bbox 1369 4130 1776 4198; x_wconf 69' lang='lat' dir='ltr'><strong>Gallogrmciam</strong></span> <span class='ocrx_word' id='word_1_437' title='bbox 1815 4150 1911 4189; x_wconf 90' lang='lat' dir='ltr'><strong>seu</strong></span> 
     </span>
    </p>
   </div>
   <div class='ocr_carea' id='block_1_56' title="bbox 317 4203 1913 4272">
    <p class='ocr_par' dir='ltr' id='par_1_56' title="bbox 317 4203 1913 4272">
     <span class='ocr_line' id='line_1_56' title="bbox 317 4203 1913 4272; baseline -0.001 -11"><span class='ocrx_word' id='word_1_438' title='bbox 317 4203 584 4261; x_wconf 81' lang='lat' dir='ltr'><strong>Galatiam</strong></span> <span class='ocrx_word' id='word_1_439' title='bbox 617 4203 888 4259; x_wconf 83' lang='lat' dir='ltr'><strong>redactam</strong></span> <span class='ocrx_word' id='word_1_440' title='bbox 914 4203 967 4257; x_wconf 92' lang='lat' dir='ltr'><strong>in</strong></span> <span class='ocrx_word' id='word_1_441' title='bbox 998 4203 1329 4271; x_wconf 85' lang='lat' dir='ltr'><strong>provinciam</strong></span> <span class='ocrx_word' id='word_1_442' title='bbox 1356 4212 1489 4254; x_wconf 87' lang='lat' dir='ltr'><strong>coss.</strong></span> <span class='ocrx_word' id='word_1_443' title='bbox 1519 4205 1752 4272; x_wconf 81' lang='lat' dir='ltr'><strong>Augusto</strong></span> <span class='ocrx_word' id='word_1_444' title='bbox 1779 4221 1833 4259; x_wconf 68' lang='grc' dir='ltr'>ιχ</span> <span class='ocrx_word' id='word_1_445' title='bbox 1867 4215 1913 4259; x_wconf 88' lang='lat' dir='ltr'><strong>et</strong></span> 
     </span>
    </p>
   </div>
   <div class='ocr_carea' id='block_1_57' title="bbox 320 4273 1915 4338">
    <p class='ocr_par' dir='ltr' id='par_1_57' title="bbox 320 4273 1915 4338">
     <span class='ocr_line' id='line_1_57' title="bbox 320 4273 1915 4338; baseline 0.001 -6"><span class='ocrx_word' id='word_1_446' title='bbox 320 4274 528 4338; x_wconf 86' lang='lat' dir='ltr'><strong>Silano,</strong></span> <span class='ocrx_word' id='word_1_447' title='bbox 559 4284 615 4330; x_wconf 87' lang='lat' dir='ltr'><strong>et</strong></span> <span class='ocrx_word' id='word_1_448' title='bbox 637 4289 780 4329; x_wconf 85' lang='lat' dir='ltr'><strong>anno</strong></span> <span class='ocrx_word' id='word_1_449' title='bbox 825 4273 987 4330; x_wconf 84' lang='lat' dir='ltr'><strong>Urbis</strong></span> <span class='ocrx_word' id='word_1_450' title='bbox 1021 4274 1147 4328; x_wconf 64' lang='lat'><strong>7‘28.</strong></span> <span class='ocrx_word' id='word_1_451' title='bbox 1192 4273 1302 4326; x_wconf 87' lang='lat' dir='ltr'><strong>llos</strong></span> <span class='ocrx_word' id='word_1_452' title='bbox 1331 4274 1497 4335; x_wconf 91' lang='lat' dir='ltr'><strong>enim,</strong></span> <span class='ocrx_word' id='word_1_453' title='bbox 1549 4278 1593 4328; x_wconf 93' lang='lat' dir='ltr'><strong>si</strong></span> <span class='ocrx_word' id='word_1_454' title='bbox 1641 4277 1708 4329; x_wconf 83' lang='lat' dir='ltr'><strong>ad</strong></span> <span class='ocrx_word' id='word_1_455' title='bbox 1741 4293 1915 4333; x_wconf 83' lang='lat' dir='ltr'><strong>annos</strong></span> 
     </span>
    </p>
   </div>
   <div class='ocr_carea' id='block_1_58' title="bbox 325 4343 1915 4416">
    <p class='ocr_par' dir='ltr' id='par_1_58' title="bbox 325 4343 1915 4416">
     <span class='ocr_line' id='line_1_58' title="bbox 325 4343 1915 4416; baseline 0.001 -15"><span class='ocrx_word' id='word_1_456' title='bbox 325 4348 566 4401; x_wconf 76' lang='lat' dir='ltr'><strong>Abrahm</strong></span> <span class='ocrx_word' id='word_1_457' title='bbox 594 4346 754 4411; x_wconf 70' lang='lat'><strong>1264,</strong></span> <span class='ocrx_word' id='word_1_458' title='bbox 777 4345 870 4416; x_wconf 89' lang='lat' dir='ltr'><strong>qui</strong></span> <span class='ocrx_word' id='word_1_459' title='bbox 912 4345 1146 4416; x_wconf 85' lang='lat' dir='ltr'><strong>natalem</strong></span> <span class='ocrx_word' id='word_1_460' title='bbox 1182 4343 1344 4399; x_wconf 89' lang='lat' dir='ltr'><strong>Urbis</strong></span> <span class='ocrx_word' id='word_1_461' title='bbox 1366 4346 1725 4416; x_wconf 85' lang='lat' dir='ltr'><strong>antecedunt,</strong></span> <span class='ocrx_word' id='word_1_462' title='bbox 1759 4349 1915 4403; x_wconf 82' lang='lat' dir='ltr'><strong>addi-</strong></span> 
     </span>
    </p>
   </div>
   <div class='ocr_carea' id='block_1_59' title="bbox 325 4415 1914 4487">
    <p class='ocr_par' dir='ltr' id='par_1_59' title="bbox 325 4415 1914 4487">
     <span class='ocr_line' id='line_1_59' title="bbox 325 4415 1914 4487; baseline 0.001 -14"><span class='ocrx_word' id='word_1_463' title='bbox 325 4417 500 4484; x_wconf 84' lang='lat' dir='ltr'><strong>deris,</strong></span> <span class='ocrx_word' id='word_1_464' title='bbox 532 4419 623 4473; x_wconf 87' lang='lat' dir='ltr'><strong>lict</strong></span> <span class='ocrx_word' id='word_1_465' title='bbox 646 4415 824 4471; x_wconf 80' lang='lat' dir='ltr'><strong>annus</strong></span> <span class='ocrx_word' id='word_1_466' title='bbox 854 4417 1014 4486; x_wconf 74' lang='lat'><strong>1999.,</strong></span> <span class='ocrx_word' id='word_1_467' title='bbox 1048 4415 1139 4487; x_wconf 90' lang='lat' dir='ltr'><strong>qui</strong></span> <span class='ocrx_word' id='word_1_468' title='bbox 1174 4415 1401 4470; x_wconf 89' lang='lat' dir='ltr'><strong>incurrit</strong></span> <span class='ocrx_word' id='word_1_469' title='bbox 1432 4418 1484 4470; x_wconf 90' lang='lat' dir='ltr'><strong>in</strong></span> <span class='ocrx_word' id='word_1_470' title='bbox 1525 4417 1669 4473; x_wconf 91' lang='lat' dir='ltr'><strong>hunc</strong></span> <span class='ocrx_word' id='word_1_471' title='bbox 1714 4437 1914 4475; x_wconf 89' lang='lat' dir='ltr'><strong>annum</strong></span> 
     </span>
    </p>
   </div>
   <div class='ocr_carea' id='block_1_60' title="bbox 326 4488 1918 4562">
    <p class='ocr_par' dir='ltr' id='par_1_60' title="bbox 326 4488 1918 4562">
     <span class='ocr_line' id='line_1_60' title="bbox 326 4488 1918 4562; baseline 0.002 -18"><span class='ocrx_word' id='word_1_472' title='bbox 326 4491 394 4544; x_wconf 81' lang='grc'><strong>19</strong></span> <span class='ocrx_word' id='word_1_473' title='bbox 421 4488 672 4559; x_wconf 84' lang='lat' dir='ltr'><strong>Augusti.</strong></span> <span class='ocrx_word' id='word_1_474' title='bbox 706 4491 934 4562; x_wconf 84' lang='lat' dir='ltr'><strong>Eutrop.</strong></span> <span class='ocrx_word' id='word_1_475' title='bbox 961 4491 1053 4562; x_wconf 87' lang='lat' dir='ltr'><strong>lib.</strong></span> <span class='ocrx_word' id='word_1_476' title='bbox 1089 4488 1386 4562; x_wconf 84' lang='lat' dir='ltr'><strong>vu,_a_itM_.</strong></span> <span class='ocrx_word' id='word_1_477' title='bbox 1423 4488 1654 4544; x_wconf 86' lang='lat' dir='ltr'><strong>Lollium</strong></span> <span class='ocrx_word' id='word_1_478' title='bbox 1686 4509 1918 4562; x_wconf 71' lang='lat' dir='ltr'><strong>proprie-</strong></span> 
     </span>
    </p>
   </div>
   <div class='ocr_carea' id='block_1_61' title="bbox 323 4559 1916 4633">
    <p class='ocr_par' dir='ltr' id='par_1_61' title="bbox 323 4559 1916 4633">
     <span class='ocr_line' id='line_1_61' title="bbox 323 4559 1916 4633; baseline 0.001 -19"><span class='ocrx_word' id='word_1_479' title='bbox 323 4570 485 4614; x_wconf 87' lang='lat' dir='ltr'><strong>torem</strong></span> <span class='ocrx_word' id='word_1_480' title='bbox 517 4562 630 4633; x_wconf 91' lang='lat' dir='ltr'><strong>(sic</strong></span> <span class='ocrx_word' id='word_1_481' title='bbox 663 4561 1134 4633; x_wconf 79' lang='lat' dir='ltr'><strong>enimlegendum</strong></span> <span class='ocrx_word' id='word_1_482' title='bbox 1166 4559 1256 4633; x_wconf 63' lang='lat' dir='ltr'><strong>alii</strong></span> <span class='ocrx_word' id='word_1_483' title='bbox 1287 4559 1473 4633; x_wconf 82' lang='lat' dir='ltr'><strong>volunt</strong></span> <span class='ocrx_word' id='word_1_484' title='bbox 1510 4576 1620 4615; x_wconf 92' lang='lat' dir='ltr'><strong>non</strong></span> <span class='ocrx_word' id='word_1_485' title='bbox 1651 4580 1746 4632; x_wconf 88' lang='lat' dir='ltr'><strong>pro</strong></span> <span class='ocrx_word' id='word_1_486' title='bbox 1779 4559 1916 4631; x_wconf 76' lang='lat' dir='ltr'><strong>prte-</strong></span> 
     </span>
    </p>
   </div>
   <div class='ocr_carea' id='block_1_62' title="bbox 1914 1884 1964 1945">
    <p class='ocr_par' dir='ltr' id='par_1_62' title="bbox 1914 1884 1964 1945">
     <span class='ocr_line' id='line_1_62' title="bbox 1914 1884 1964 1945; baseline 0 0"><span class='ocrx_word' id='word_1_487' title='bbox 1914 1884 1964 1945; x_wconf 91' lang='lat' dir='ltr'><strong>B</strong></span> 
     </span>
    </p>
   </div>
   <div class='ocr_carea' id='block_1_63' title="bbox 1986 549 3573 622">
    <p class='ocr_par' dir='ltr' id='par_1_63' title="bbox 1986 549 3573 622">
     <span class='ocr_line' id='line_1_63' title="bbox 1986 549 3573 622; baseline -0.004 -14"><span class='ocrx_word' id='word_1_488' title='bbox 1986 554 2056 622; x_wconf 89' lang='lat'><strong>7)</strong></span> <span class='ocrx_word' id='word_1_489' title='bbox 2085 568 2206 608; x_wconf 93' lang='lat' dir='ltr'><strong>cum</strong></span> <span class='ocrx_word' id='word_1_490' title='bbox 2234 549 2324 607; x_wconf 82' lang='lat' dir='ltr'><strong>an.</strong></span> <span class='ocrx_word' id='word_1_491' title='bbox 2363 555 2428 607; x_wconf 90' lang='grc'>17</span> <span class='ocrx_word' id='word_1_492' title='bbox 2453 552 2682 622; x_wconf 83' lang='lat' dir='ltr'><strong>Augusti</strong></span> <span class='ocrx_word' id='word_1_493' title='bbox 2714 568 2727 604; x_wconf 93' lang='lat'><strong>:</strong></span> <span class='ocrx_word' id='word_1_494' title='bbox 2757 553 2880 620; x_wconf 92' lang='lat' dir='ltr'><strong>quia</strong></span> <span class='ocrx_word' id='word_1_495' title='bbox 2914 560 3092 622; x_wconf 74' lang='lat' dir='ltr'><strong>tamen</strong></span> <span class='ocrx_word' id='word_1_496' title='bbox 3122 556 3334 622; x_wconf 81' lang='lat' dir='ltr'><strong>constat</strong></span> <span class='ocrx_word' id='word_1_497' title='bbox 3358 549 3573 622; x_wconf 76' lang='lat' dir='ltr'><strong>ex_ipso</strong></span> 
     </span>
    </p>
   </div>
   <div class='ocr_carea' id='block_1_64' title="bbox 1980 618 3570 691">
    <p class='ocr_par' dir='ltr' id='par_1_64' title="bbox 1980 618 3570 691">
     <span class='ocr_line' id='line_1_64' title="bbox 1980 618 3570 691; baseline -0.003 -12"><span class='ocrx_word' id='word_1_498' title='bbox 1980 618 2152 680; x_wconf 82' lang='lat' dir='ltr'><strong>Dione</strong></span> <span class='ocrx_word' id='word_1_499' title='bbox 2190 625 2286 679; x_wconf 89' lang='lat' dir='ltr'><strong>lib.</strong></span> <span class='ocrx_word' id='word_1_500' title='bbox 2342 640 2448 691; x_wconf 81' lang='lat' dir='ltr'><strong>LIV,</strong></span> <span class='ocrx_word' id='word_1_501' title='bbox 2504 618 2669 678; x_wconf 76' lang='lat' dir='ltr'><strong>immo</strong></span> <span class='ocrx_word' id='word_1_502' title='bbox 2698 618 2857 678; x_wconf 80' lang='lat' dir='ltr'><strong>etiam</strong></span> <span class='ocrx_word' id='word_1_503' title='bbox 2901 637 2965 677; x_wconf 79' lang='lat' dir='ltr'><strong>ex</strong></span> <span class='ocrx_word' id='word_1_504' title='bbox 3007 618 3570 691; x_wconf 79' lang='lat' dir='ltr'><strong>Capitolinistabnlis</strong></span> 
     </span>
    </p>
   </div>
   <div class='ocr_carea' id='block_1_65' title="bbox 1981 690 3562 767">
    <p class='ocr_par' dir='ltr' id='par_1_65' title="bbox 1981 690 3562 767">
     <span class='ocr_line' id='line_1_65' title="bbox 1981 690 3562 767; baseline -0.003 -18"><span class='ocrx_word' id='word_1_505' title='bbox 1981 694 2209 767; x_wconf 90' lang='lat' dir='ltr'><strong>(quibus</strong></span> <span class='ocrx_word' id='word_1_506' title='bbox 2236 690 2483 766; x_wconf 85' lang='lat' dir='ltr'><strong>proxime</strong></span> <span class='ocrx_word' id='word_1_507' title='bbox 2531 696 2797 750; x_wconf 88' lang='lat' dir='ltr'><strong>accedunt</strong></span> <span class='ocrx_word' id='word_1_508' title='bbox 2840 693 3154 767; x_wconf 78' lang='lat' dir='ltr'><strong>Suetonius,</strong></span> <span class='ocrx_word' id='word_1_509' title='bbox 3189 690 3426 767; x_wconf 77' lang='lat' dir='ltr'><strong>Velleius</strong></span> <span class='ocrx_word' id='word_1_510' title='bbox 3470 691 3562 745; x_wconf 92' lang='lat' dir='ltr'><strong>lib.</strong></span> 
     </span>
    </p>
   </div>
   <div class='ocr_carea' id='block_1_66' title="bbox 1980 763 3565 833">
    <p class='ocr_par' dir='ltr' id='par_1_66' title="bbox 1980 763 3565 833">
     <span class='ocr_line' id='line_1_66' title="bbox 1980 763 3565 833; baseline -0.003 -12"><span class='ocrx_word' id='word_1_511' title='bbox 1980 763 2045 831; x_wconf 61' lang='grc' dir='ltr'>ιι,</span> <span class='ocrx_word' id='word_1_512' title='bbox 2073 784 2172 824; x_wconf 80' lang='lat' dir='ltr'><strong>nec</strong></span> <span class='ocrx_word' id='word_1_513' title='bbox 2202 763 2426 822; x_wconf 83' lang='lat' dir='ltr'><strong>dissidet</strong></span> <span class='ocrx_word' id='word_1_514' title='bbox 2468 767 2691 822; x_wconf 87' lang='lat' dir='ltr'><strong>Tacitus</strong></span> <span class='ocrx_word' id='word_1_515' title='bbox 2723 767 2816 821; x_wconf 88' lang='lat' dir='ltr'><strong>lib.</strong></span> <span class='ocrx_word' id='word_1_516' title='bbox 2847 782 2886 831; x_wconf 83' lang='lat'><strong>1,</strong></span> <span class='ocrx_word' id='word_1_517' title='bbox 2923 765 3048 818; x_wconf 90' lang='lat' dir='ltr'><strong>dum</strong></span> <span class='ocrx_word' id='word_1_518' title='bbox 3093 763 3182 818; x_wconf 88' lang='lat' dir='ltr'><strong>hic</strong></span> <span class='ocrx_word' id='word_1_519' title='bbox 3225 764 3301 816; x_wconf 87' lang='lat' dir='ltr'><strong>ait</strong></span> <span class='ocrx_word' id='word_1_520' title='bbox 3329 764 3565 833; x_wconf 80' lang='lat' dir='ltr'><strong>Augusto</strong></span> 
     </span>
    </p>
   </div>
   <div class='ocr_carea' id='block_1_67' title="bbox 1980 836 3569 909">
    <p class='ocr_par' dir='ltr' id='par_1_67' title="bbox 1980 836 3569 909">
     <span class='ocr_line' id='line_1_67' title="bbox 1980 836 3569 909; baseline -0.003 -17"><span class='ocrx_word' id='word_1_521' title='bbox 1980 842 2336 894; x_wconf 87' lang='lat' dir='ltr'><strong>continuatam</strong></span> <span class='ocrx_word' id='word_1_522' title='bbox 2359 838 2682 892; x_wconf 87' lang='lat' dir='ltr'><strong>tribunitiam</strong></span> <span class='ocrx_word' id='word_1_523' title='bbox 2710 846 3008 909; x_wconf 78' lang='lat' dir='ltr'><strong>potestatem</strong></span> <span class='ocrx_word' id='word_1_524' title='bbox 3038 851 3133 905; x_wconf 90' lang='lat' dir='ltr'><strong>per</strong></span> <span class='ocrx_word' id='word_1_525' title='bbox 3156 844 3368 909; x_wconf 74' lang='lat' dir='ltr'><strong>septem</strong></span> <span class='ocrx_word' id='word_1_526' title='bbox 3392 845 3448 889; x_wconf 90' lang='lat' dir='ltr'><strong>et</strong></span> <span class='ocrx_word' id='word_1_527' title='bbox 3470 836 3569 888; x_wconf 89' lang='lat' dir='ltr'><strong>tri-</strong></span> 
     </span>
    </p>
   </div>
   <div class='ocr_carea' id='block_1_68' title="bbox 1983 905 3568 982">
    <p class='ocr_par' dir='ltr' id='par_1_68' title="bbox 1983 905 3568 982">
     <span class='ocr_line' id='line_1_68' title="bbox 1983 905 3568 982; baseline -0.003 -18"><span class='ocrx_word' id='word_1_528' title='bbox 1983 914 2125 980; x_wconf 79' lang='lat' dir='ltr'><strong>ginta</strong></span> <span class='ocrx_word' id='word_1_529' title='bbox 2156 905 2723 982; x_wconf 55' lang='lat' dir='ltr'><strong>annos),,Augustuni</strong></span> <span class='ocrx_word' id='word_1_530' title='bbox 2765 924 2908 963; x_wconf 88' lang='lat' dir='ltr'><strong>anno</strong></span> <span class='ocrx_word' id='word_1_531' title='bbox 2939 907 3074 963; x_wconf 90' lang='lat' dir='ltr'><strong>Urb.</strong></span> <span class='ocrx_word' id='word_1_532' title='bbox 3104 908 3210 982; x_wconf 57' lang='lat'><strong>79.1</strong></span> <span class='ocrx_word' id='word_1_533' title='bbox 3247 905 3568 960; x_wconf 88' lang='lat' dir='ltr'><strong>dictaturam</strong></span> 
     </span>
    </p>
   </div>
   <div class='ocr_carea' id='block_1_69' title="bbox 1985 978 3572 1053">
    <p class='ocr_par' dir='ltr' id='par_1_69' title="bbox 1985 978 3572 1053">
     <span class='ocr_line' id='line_1_69' title="bbox 1985 978 3572 1053; baseline -0.005 -15"><span class='ocrx_word' id='word_1_534' title='bbox 1985 978 2042 1038; x_wconf 78' lang='lat' dir='ltr'><strong>et</strong></span> <span class='ocrx_word' id='word_1_535' title='bbox 2067 978 2355 1039; x_wconf 82' lang='lat' dir='ltr'><strong>censuram</strong></span> <span class='ocrx_word' id='word_1_536' title='bbox 2378 978 2693 1053; x_wconf 86' lang='lat' dir='ltr'><strong>perpetuam</strong></span> <span class='ocrx_word' id='word_1_537' title='bbox 2721 981 2938 1053; x_wconf 82' lang='lat' dir='ltr'><strong>penitus</strong></span> <span class='ocrx_word' id='word_1_538' title='bbox 2961 978 3229 1041; x_wconf 89' lang='lat' dir='ltr'><strong>renuisse,</strong></span> <span class='ocrx_word' id='word_1_539' title='bbox 3252 987 3418 1053; x_wconf 85' lang='lat' dir='ltr'><strong>atque</strong></span> <span class='ocrx_word' id='word_1_540' title='bbox 3441 993 3572 1053; x_wconf 84' lang='lat' dir='ltr'><strong>con-</strong></span> 
     </span>
    </p>
   </div>
   <div class='ocr_carea' id='block_1_70' title="bbox 1985 1050 3571 1123">
    <p class='ocr_par' dir='ltr' id='par_1_70' title="bbox 1985 1050 3571 1123">
     <span class='ocr_line' id='line_1_70' title="bbox 1985 1050 3571 1123; baseline -0.004 -15"><span class='ocrx_word' id='word_1_541' title='bbox 1985 1061 2192 1109; x_wconf 88' lang='lat' dir='ltr'><strong>tentum</strong></span> <span class='ocrx_word' id='word_1_542' title='bbox 2223 1050 2391 1109; x_wconf 81' lang='lat' dir='ltr'><strong>fuisse</strong></span> <span class='ocrx_word' id='word_1_543' title='bbox 2414 1050 2672 1123; x_wconf 67' lang='lat' dir='ltr'><strong>perpetua</strong></span> <span class='ocrx_word' id='word_1_544' title='bbox 2699 1050 2974 1106; x_wconf 89' lang='lat' dir='ltr'><strong>tribunitia</strong></span> <span class='ocrx_word' id='word_1_545' title='bbox 3001 1057 3270 1123; x_wconf 85' lang='lat' dir='ltr'><strong>potestate</strong></span> <span class='ocrx_word' id='word_1_546' title='bbox 3291 1052 3339 1105; x_wconf 91' lang='lat' dir='ltr'><strong>ei</strong></span> <span class='ocrx_word' id='word_1_547' title='bbox 3367 1050 3571 1123; x_wconf 82' lang='lat' dir='ltr'><strong>oblata,</strong></span> 
     </span>
    </p>
   </div>
   <div class='ocr_carea' id='block_1_71' title="bbox 1983 1120 3576 1196">
    <p class='ocr_par' dir='ltr' id='par_1_71' title="bbox 1983 1120 3576 1196">
     <span class='ocr_line' id='line_1_71' title="bbox 1983 1120 3576 1196; baseline -0.003 -17"><span class='ocrx_word' id='word_1_548' title='bbox 1983 1127 2216 1196; x_wconf 87' lang='lat' dir='ltr'><strong>conjicio</strong></span> <span class='ocrx_word' id='word_1_549' title='bbox 2242 1127 2352 1179; x_wconf 91' lang='lat' dir='ltr'><strong>duo</strong></span> <span class='ocrx_word' id='word_1_550' title='bbox 2381 1142 2394 1178; x_wconf 92' lang='lat'>:</span> <span class='ocrx_word' id='word_1_551' title='bbox 2418 1120 2662 1195; x_wconf 79' lang='lat' dir='ltr'><strong>primum</strong></span> <span class='ocrx_word' id='word_1_552' title='bbox 2693 1139 2792 1192; x_wconf 87' lang='lat' dir='ltr'><strong>pro</strong></span> <span class='ocrx_word' id='word_1_553' title='bbox 2821 1137 2956 1196; x_wconf 86' lang='lat' dir='ltr'><strong>voce</strong></span> <span class='ocrx_word' id='word_1_554' title='bbox 2968 1122 3308 1196; x_wconf 12' lang='lat' dir='ltr'><strong>imonarchia,</strong></span> <span class='ocrx_word' id='word_1_555' title='bbox 3336 1137 3454 1196; x_wconf 77' lang='lat' dir='ltr'><strong>quae</strong></span> <span class='ocrx_word' id='word_1_556' title='bbox 3479 1120 3576 1175; x_wconf 87' lang='lat' dir='ltr'><strong>ha-</strong></span> 
     </span>
    </p>
   </div>
   <div class='ocr_carea' id='block_1_72' title="bbox 1983 1193 3571 1264">
    <p class='ocr_par' dir='ltr' id='par_1_72' title="bbox 1983 1193 3571 1264">
     <span class='ocr_line' id='line_1_72' title="bbox 1983 1193 3571 1264; baseline -0.002 -14"><span class='ocrx_word' id='word_1_557' title='bbox 1983 1193 2144 1253; x_wconf 87' lang='lat' dir='ltr'><strong>betur</strong></span> <span class='ocrx_word' id='word_1_558' title='bbox 2172 1198 2274 1252; x_wconf 92' lang='lat' dir='ltr'><strong>hoc</strong></span> <span class='ocrx_word' id='word_1_559' title='bbox 2304 1193 2447 1259; x_wconf 72' lang='lat' dir='ltr'><strong>loco,</strong></span> <span class='ocrx_word' id='word_1_560' title='bbox 2475 1196 2754 1264; x_wconf 79' lang='lat' dir='ltr'><strong>legendum</strong></span> <span class='ocrx_word' id='word_1_561' title='bbox 2779 1210 2900 1250; x_wconf 88' lang='lat' dir='ltr'><strong>esse</strong></span> <span class='ocrx_word' id='word_1_562' title='bbox 2923 1195 3218 1259; x_wconf 77' lang='lat' dir='ltr'><strong>dictatura;</strong></span> <span class='ocrx_word' id='word_1_563' title='bbox 3247 1193 3571 1261; x_wconf 91' lang='lat' dir='ltr'><strong>secundum,</strong></span> 
     </span>
    </p>
   </div>
   <div class='ocr_carea' id='block_1_73' title="bbox 1985 1264 3572 1340">
    <p class='ocr_par' dir='ltr' id='par_1_73' title="bbox 1985 1264 3572 1340">
     <span class='ocr_line' id='line_1_73' title="bbox 1985 1264 3572 1340; baseline -0.002 -18"><span class='ocrx_word' id='word_1_564' title='bbox 1985 1267 2129 1324; x_wconf 90' lang='lat' dir='ltr'><strong>hunc</strong></span> <span class='ocrx_word' id='word_1_565' title='bbox 2158 1269 2551 1340; x_wconf 87' lang='lat' dir='ltr'><strong>paragraphum</strong></span> <span class='ocrx_word' id='word_1_566' title='bbox 2583 1269 2784 1322; x_wconf 87' lang='lat' dir='ltr'><strong>rectius</strong></span> <span class='ocrx_word' id='word_1_567' title='bbox 2823 1266 3081 1340; x_wconf 56' lang='lat' dir='ltr'><strong>collocari</strong></span> <span class='ocrx_word' id='word_1_568' title='bbox 3113 1267 3190 1340; x_wconf 10' lang='lat' dir='ltr'><strong>ad,</strong></span> <span class='ocrx_word' id='word_1_569' title='bbox 3220 1281 3310 1340; x_wconf 80' lang='lat' dir='ltr'><strong>an.</strong></span> <span class='ocrx_word' id='word_1_570' title='bbox 3357 1264 3428 1319; x_wconf 74' lang='grc'>20</span> <span class='ocrx_word' id='word_1_571' title='bbox 3458 1268 3572 1340; x_wconf 78' lang='lat' dir='ltr'><strong>Au-</strong></span> 
     </span>
    </p>
   </div>
   <div class='ocr_carea' id='block_1_74' title="bbox 1984 1336 3573 1410">
    <p class='ocr_par' dir='ltr' id='par_1_74' title="bbox 1984 1336 3573 1410">
     <span class='ocr_line' id='line_1_74' title="bbox 1984 1336 3573 1410; baseline -0.002 -17"><span class='ocrx_word' id='word_1_572' title='bbox 1984 1336 2312 1410; x_wconf 47' lang='lat' dir='ltr'><strong>gusti,&#39;quia&#39;</strong></span> <span class='ocrx_word' id='word_1_573' title='bbox 2336 1336 2494 1394; x_wconf 89' lang='lat' dir='ltr'><strong>video</strong></span> <span class='ocrx_word' id='word_1_574' title='bbox 2525 1340 2676 1393; x_wconf 91' lang='lat' dir='ltr'><strong>illum</strong></span> <span class='ocrx_word' id='word_1_575' title='bbox 2710 1353 2914 1392; x_wconf 88' lang='lat' dir='ltr'><strong>annum</strong></span> <span class='ocrx_word' id='word_1_576' title='bbox 2954 1337 3115 1410; x_wconf 87' lang='lat' dir='ltr'><strong>Urbis</strong></span> <span class='ocrx_word' id='word_1_577' title='bbox 3146 1336 3246 1410; x_wconf 67' lang='grc'>’151</span> <span class='ocrx_word' id='word_1_578' title='bbox 3275 1338 3573 1392; x_wconf 90' lang='lat' dir='ltr'><strong>secundum</strong></span> 
     </span>
    </p>
   </div>
   <div class='ocr_carea' id='block_1_75' title="bbox 1985 1406 3577 1482">
    <p class='ocr_par' dir='ltr' id='par_1_75' title="bbox 1985 1406 3577 1482">
     <span class='ocr_line' id='line_1_75' title="bbox 1985 1406 3577 1482; baseline -0.002 -16"><span class='ocrx_word' id='word_1_579' title='bbox 1985 1406 2104 1467; x_wconf 84' lang='lat' dir='ltr'><strong>illas</strong></span> <span class='ocrx_word' id='word_1_580' title='bbox 2130 1406 2342 1467; x_wconf 81' lang='lat' dir='ltr'><strong>tabulas</strong></span> <span class='ocrx_word' id='word_1_581' title='bbox 2373 1412 2535 1482; x_wconf 90' lang='lat' dir='ltr'><strong>(nam</strong></span> <span class='ocrx_word' id='word_1_582' title='bbox 2568 1410 2727 1464; x_wconf 90' lang='lat' dir='ltr'><strong>Dioni</strong></span> <span class='ocrx_word' id='word_1_583' title='bbox 2760 1418 3044 1465; x_wconf 85' lang='lat' dir='ltr'><strong>estaunus</strong></span> <span class='ocrx_word' id='word_1_584' title='bbox 3072 1406 3212 1476; x_wconf 75' lang='lat'><strong>759.)</strong></span> <span class='ocrx_word' id='word_1_585' title='bbox 3243 1423 3577 1482; x_wconf 80' lang='lat' dir='ltr'><strong>concurrere</strong></span> 
     </span>
    </p>
   </div>
   <div class='ocr_carea' id='block_1_76' title="bbox 1989 1481 3574 1554">
    <p class='ocr_par' dir='ltr' id='par_1_76' title="bbox 1989 1481 3574 1554">
     <span class='ocr_line' id='line_1_76' title="bbox 1989 1481 3574 1554; baseline -0.003 -16"><span class='ocrx_word' id='word_1_586' title='bbox 1989 1483 2327 1554; x_wconf 91' lang='lat' dir='ltr'><strong>(secundum</strong></span> <span class='ocrx_word' id='word_1_587' title='bbox 2356 1483 2616 1538; x_wconf 75' lang='lat' dir='ltr'><strong>Varronis</strong></span> <span class='ocrx_word' id='word_1_588' title='bbox 2640 1483 3077 1550; x_wconf 87' lang='lat' dir='ltr'><strong>supputationem</strong></span> <span class='ocrx_word' id='word_1_589' title='bbox 3096 1482 3172 1554; x_wconf 79' lang='lat' dir='ltr'><strong>ab</strong></span> <span class='ocrx_word' id='word_1_590' title='bbox 3199 1496 3288 1554; x_wconf 76' lang='lat' dir='ltr'><strong>an.</strong></span> <span class='ocrx_word' id='word_1_591' title='bbox 3316 1481 3574 1554; x_wconf 58' lang='lat' dir='ltr'><strong>ﬁolymp.</strong></span> 
     </span>
    </p>
   </div>
   <div class='ocr_carea' id='block_1_77' title="bbox 1988 1550 3540 1624">
    <p class='ocr_par' dir='ltr' id='par_1_77' title="bbox 1988 1550 3540 1624">
     <span class='ocr_line' id='line_1_77' title="bbox 1988 1550 3540 1624; baseline -0.003 -15"><span class='ocrx_word' id='word_1_592' title='bbox 1988 1550 2054 1624; x_wconf 79' lang='lat'><strong>6)</strong></span> <span class='ocrx_word' id='word_1_593' title='bbox 2085 1571 2204 1610; x_wconf 91' lang='lat' dir='ltr'><strong>cum</strong></span> <span class='ocrx_word' id='word_1_594' title='bbox 2231 1556 2324 1610; x_wconf 88' lang='lat' dir='ltr'><strong>illo</strong></span> <span class='ocrx_word' id='word_1_595' title='bbox 2353 1571 2443 1608; x_wconf 91' lang='lat' dir='ltr'><strong>an.</strong></span> <span class='ocrx_word' id='word_1_596' title='bbox 2471 1555 2542 1609; x_wconf 69' lang='grc'>20</span> <span class='ocrx_word' id='word_1_597' title='bbox 2573 1555 2818 1623; x_wconf 85' lang='lat' dir='ltr'><strong>Augusti,</strong></span> <span class='ocrx_word' id='word_1_598' title='bbox 2851 1568 2949 1607; x_wconf 86' lang='lat' dir='ltr'><strong>seu</strong></span> <span class='ocrx_word' id='word_1_599' title='bbox 2978 1555 3045 1607; x_wconf 88' lang='lat' dir='ltr'><strong>ab</strong></span> <span class='ocrx_word' id='word_1_600' title='bbox 3078 1550 3348 1624; x_wconf 75' lang='lat' dir='ltr'><strong>Abraham</strong></span> <span class='ocrx_word' id='word_1_601' title='bbox 3379 1550 3540 1624; x_wconf 72' lang='grc'>1995.</span> 
     </span>
    </p>
   </div>
   <div class='ocr_carea' id='block_1_78' title="bbox 2062 1623 3578 1698">
    <p class='ocr_par' dir='ltr' id='par_1_78' title="bbox 2062 1623 3578 1698">
     <span class='ocr_line' id='line_1_78' title="bbox 2062 1623 3578 1698; baseline -0.002 -18"><span class='ocrx_word' id='word_1_602' title='bbox 2062 1627 2223 1698; x_wconf 71' lang='grc'>(555,</span> <span class='ocrx_word' id='word_1_603' title='bbox 2259 1625 2364 1698; x_wconf 83' lang='grc' dir='ltr'>ιιι.)</span> <span class='ocrx_word' id='word_1_604' title='bbox 2420 1625 2708 1698; x_wconf 83' lang='lat' dir='ltr'><strong>Quintilius</strong></span> <span class='ocrx_word' id='word_1_605' title='bbox 2734 1623 3120 1698; x_wconf 75' lang='lat' dir='ltr'><strong>Cremonensis,</strong></span> <span class='ocrx_word' id='word_1_606' title='bbox 3164 1633 3271 1698; x_wconf 81' lang='lat' dir='ltr'><strong>etc.</strong></span> <span class='ocrx_word' id='word_1_607' title='bbox 3300 1623 3421 1698; x_wconf 67' lang='lat' dir='ltr'><strong>Fa.,</strong></span> <span class='ocrx_word' id='word_1_608' title='bbox 3451 1623 3578 1698; x_wconf 69' lang='lat' dir='ltr'><strong>Lo.,</strong></span> 
     </span>
    </p>
   </div>
   <div class='ocr_carea' id='block_1_79' title="bbox 1991 1695 3579 1765">
    <p class='ocr_par' dir='ltr' id='par_1_79' title="bbox 1991 1695 3579 1765">
     <span class='ocr_line' id='line_1_79' title="bbox 1991 1695 3579 1765; baseline -0.001 -13"><span class='ocrx_word' id='word_1_609' title='bbox 1991 1695 2100 1753; x_wconf 87' lang='lat' dir='ltr'><strong>tres</strong></span> <span class='ocrx_word' id='word_1_610' title='bbox 2127 1713 2258 1752; x_wconf 89' lang='lat' dir='ltr'><strong>mss.</strong></span> <span class='ocrx_word' id='word_1_611' title='bbox 2284 1697 2416 1750; x_wconf 87' lang='lat' dir='ltr'><strong>Fab.</strong></span> <span class='ocrx_word' id='word_1_612' title='bbox 2446 1709 2497 1752; x_wconf 91' lang='lat' dir='ltr'><strong>et</strong></span> <span class='ocrx_word' id='word_1_613' title='bbox 2528 1713 2652 1751; x_wconf 90' lang='lat' dir='ltr'><strong>cum</strong></span> <span class='ocrx_word' id='word_1_614' title='bbox 2678 1697 2787 1751; x_wconf 91' lang='lat' dir='ltr'><strong>illis</strong></span> <span class='ocrx_word' id='word_1_615' title='bbox 2816 1697 3066 1765; x_wconf 87' lang='lat' dir='ltr'><strong>impressi</strong></span> <span class='ocrx_word' id='word_1_616' title='bbox 3093 1696 3283 1750; x_wconf 88' lang='lat' dir='ltr'><strong>volunt</strong></span> <span class='ocrx_word' id='word_1_617' title='bbox 3307 1695 3495 1750; x_wconf 70' lang='lat' dir='ltr'><strong>isthmc</strong></span> <span class='ocrx_word' id='word_1_618' title='bbox 3527 1697 3579 1750; x_wconf 91' lang='lat' dir='ltr'><strong>in</strong></span> 
     </span>
    </p>
   </div>
   <div class='ocr_carea' id='block_1_80' title="bbox 1990 1765 3578 1842">
    <p class='ocr_par' dir='ltr' id='par_1_80' title="bbox 1990 1765 3578 1842">
     <span class='ocr_line' id='line_1_80' title="bbox 1990 1765 3578 1842; baseline -0.001 -20"><span class='ocrx_word' id='word_1_619' title='bbox 1990 1786 2189 1842; x_wconf 83' lang='lat' dir='ltr'><strong>annum</strong></span> <span class='ocrx_word' id='word_1_620' title='bbox 2219 1770 2286 1823; x_wconf 89' lang='grc'><strong>10</strong></span> <span class='ocrx_word' id='word_1_621' title='bbox 2315 1769 2533 1842; x_wconf 81' lang='lat' dir='ltr'><strong>Augusti</strong></span> <span class='ocrx_word' id='word_1_622' title='bbox 2569 1770 2881 1842; x_wconf 88' lang='lat' dir='ltr'><strong>incurrere;</strong></span> <span class='ocrx_word' id='word_1_623' title='bbox 2929 1767 3025 1822; x_wconf 90' lang='lat' dir='ltr'><strong>sed</strong></span> <span class='ocrx_word' id='word_1_624' title='bbox 3069 1767 3230 1834; x_wconf 82' lang='lat' dir='ltr'><strong>Fux.,</strong></span> <span class='ocrx_word' id='word_1_625' title='bbox 3267 1765 3444 1832; x_wconf 85' lang='lat' dir='ltr'><strong>Peta.,</strong></span> <span class='ocrx_word' id='word_1_626' title='bbox 3477 1767 3578 1835; x_wconf 88' lang='lat'><strong>0.,</strong></span> 
     </span>
    </p>
   </div>
   <div class='ocr_carea' id='block_1_81' title="bbox 1991 1841 2751 1906">
    <p class='ocr_par' dir='ltr' id='par_1_81' title="bbox 1991 1841 2751 1906">
     <span class='ocr_line' id='line_1_81' title="bbox 1991 1841 2751 1906; baseline -0.003 -11"><span class='ocrx_word' id='word_1_627' title='bbox 1991 1842 2097 1905; x_wconf 90' lang='lat' dir='ltr'><strong>Pi.,</strong></span> <span class='ocrx_word' id='word_1_628' title='bbox 2120 1841 2232 1906; x_wconf 81' lang='lat' dir='ltr'><strong>Vi.,</strong></span> <span class='ocrx_word' id='word_1_629' title='bbox 2263 1841 2424 1904; x_wconf 85' lang='lat' dir='ltr'><strong>Mar.,</strong></span> <span class='ocrx_word' id='word_1_630' title='bbox 2455 1841 2510 1893; x_wconf 89' lang='lat' dir='ltr'><strong>in</strong></span> <span class='ocrx_word' id='word_1_631' title='bbox 2541 1856 2630 1894; x_wconf 90' lang='lat' dir='ltr'><strong>an.</strong></span> <span class='ocrx_word' id='word_1_632' title='bbox 2661 1841 2751 1894; x_wconf 73' lang='lat'><strong>21.</strong></span> 
     </span>
    </p>
   </div>
   <div class='ocr_carea' id='block_1_82' title="bbox 2063 1910 3580 1985">
    <p class='ocr_par' dir='ltr' id='par_1_82' title="bbox 2063 1910 3580 1985">
     <span class='ocr_line' id='line_1_82' title="bbox 2063 1910 3580 1985; baseline 0.001 -20"><span class='ocrx_word' id='word_1_633' title='bbox 2063 1913 2082 1985; x_wconf 93' lang='lat'>(</span> <span class='ocrx_word' id='word_1_634' title='bbox 2106 1910 2279 1982; x_wconf 90' lang='lat' dir='ltr'><strong>lbid.)</strong></span> <span class='ocrx_word' id='word_1_635' title='bbox 2309 1914 2572 1985; x_wconf 79' lang='lat' dir='ltr'><strong>Augustus</strong></span> <span class='ocrx_word' id='word_1_636' title='bbox 2594 1911 2876 1982; x_wconf 81' lang='lat' dir='ltr'><strong>Cyzicenos</strong></span> <span class='ocrx_word' id='word_1_637' title='bbox 2898 1911 3131 1985; x_wconf 73' lang='lat' dir='ltr'><strong>libertate</strong></span> <span class='ocrx_word' id='word_1_638' title='bbox 3157 1912 3396 1985; x_wconf 72' lang='lat' dir='ltr'><strong>privavit.</strong></span> <span class='ocrx_word' id='word_1_639' title='bbox 3420 1910 3580 1985; x_wconf 75' lang='lat' dir='ltr'><strong>Plus-</strong></span> 
     </span>
    </p>
   </div>
   <div class='ocr_carea' id='block_1_83' title="bbox 1989 1982 3580 2054">
    <p class='ocr_par' dir='ltr' id='par_1_83' title="bbox 1989 1982 3580 2054">
     <span class='ocr_line' id='line_1_83' title="bbox 1989 1982 3580 2054; baseline 0.001 -16"><span class='ocrx_word' id='word_1_640' title='bbox 1989 1982 2166 2038; x_wconf 81' lang='lat' dir='ltr'><strong>culum</strong></span> <span class='ocrx_word' id='word_1_641' title='bbox 2198 1985 2285 2039; x_wconf 91' lang='lat' dir='ltr'><strong>hic</strong></span> <span class='ocrx_word' id='word_1_642' title='bbox 2311 1986 2428 2038; x_wconf 92' lang='lat' dir='ltr'><strong>libri</strong></span> <span class='ocrx_word' id='word_1_643' title='bbox 2452 1982 2733 2048; x_wconf 79' lang='lat' dir='ltr'><strong>dill&#39;erunt,</strong></span> <span class='ocrx_word' id='word_1_644' title='bbox 2758 1999 2918 2054; x_wconf 88' lang='lat' dir='ltr'><strong>quam</strong></span> <span class='ocrx_word' id='word_1_645' title='bbox 2942 1983 2994 2037; x_wconf 94' lang='lat' dir='ltr'><strong>in</strong></span> <span class='ocrx_word' id='word_1_646' title='bbox 3021 1982 3413 2054; x_wconf 89' lang='lat' dir='ltr'><strong>superioribus.</strong></span> <span class='ocrx_word' id='word_1_647' title='bbox 3444 1983 3580 2039; x_wconf 88' lang='lat' dir='ltr'><strong>Nam</strong></span> 
     </span>
    </p>
   </div>
   <div class='ocr_carea' id='block_1_84' title="bbox 1989 2053 3580 2125">
    <p class='ocr_par' dir='ltr' id='par_1_84' title="bbox 1989 2053 3580 2125">
     <span class='ocr_line' id='line_1_84' title="bbox 1989 2053 3580 2125; baseline 0 -17"><span class='ocrx_word' id='word_1_648' title='bbox 1989 2055 2101 2122; x_wconf 84' lang='lat' dir='ltr'><strong>Vi.,</strong></span> <span class='ocrx_word' id='word_1_649' title='bbox 2134 2056 2223 2123; x_wconf 93' lang='lat'><strong>0.,</strong></span> <span class='ocrx_word' id='word_1_650' title='bbox 2259 2064 2550 2125; x_wconf 83' lang='lat' dir='ltr'><strong>Opponunt</strong></span> <span class='ocrx_word' id='word_1_651' title='bbox 2587 2071 2678 2108; x_wconf 91' lang='lat' dir='ltr'><strong>an.</strong></span> <span class='ocrx_word' id='word_1_652' title='bbox 2710 2053 3096 2125; x_wconf 25' lang='lat' dir='ltr'><strong>20’Augusti;</strong></span> <span class='ocrx_word' id='word_1_653' title='bbox 3127 2055 3292 2122; x_wconf 85' lang='lat' dir='ltr'><strong>Fux.,</strong></span> <span class='ocrx_word' id='word_1_654' title='bbox 3337 2053 3443 2119; x_wconf 88' lang='lat' dir='ltr'><strong>Pi.,</strong></span> <span class='ocrx_word' id='word_1_655' title='bbox 3488 2072 3580 2109; x_wconf 91' lang='lat' dir='ltr'><strong>an.</strong></span> 
     </span>
    </p>
   </div>
   <div class='ocr_carea' id='block_1_85' title="bbox 1989 2125 3584 2194">
    <p class='ocr_par' dir='ltr' id='par_1_85' title="bbox 1989 2125 3584 2194">
     <span class='ocr_line' id='line_1_85' title="bbox 1989 2125 3584 2194; baseline 0.001 -13"><span class='ocrx_word' id='word_1_656' title='bbox 1989 2125 2092 2192; x_wconf 71' lang='lat' dir='ltr'><strong>ill;</strong></span> <span class='ocrx_word' id='word_1_657' title='bbox 2142 2127 2261 2186; x_wconf 78' lang='lat' dir='ltr'><strong>Fa.,</strong></span> <span class='ocrx_word' id='word_1_658' title='bbox 2297 2127 2416 2191; x_wconf 89' lang='lat' dir='ltr'><strong>Lo.,</strong></span> <span class='ocrx_word' id='word_1_659' title='bbox 2444 2129 2591 2191; x_wconf 88' lang='lat' dir='ltr'><strong>Peta,</strong></span> <span class='ocrx_word' id='word_1_660' title='bbox 2623 2127 2754 2180; x_wconf 84' lang='lat' dir='ltr'><strong>Mar.</strong></span> <span class='ocrx_word' id='word_1_661' title='bbox 2793 2136 2845 2182; x_wconf 92' lang='lat' dir='ltr'><strong>et</strong></span> <span class='ocrx_word' id='word_1_662' title='bbox 2880 2129 3017 2194; x_wconf 83' lang='lat' dir='ltr'><strong>cusi,</strong></span> <span class='ocrx_word' id='word_1_663' title='bbox 3043 2143 3132 2181; x_wconf 92' lang='lat' dir='ltr'><strong>an.</strong></span> <span class='ocrx_word' id='word_1_664' title='bbox 3159 2125 3253 2190; x_wconf 70' lang='grc'><strong>22,</strong></span> <span class='ocrx_word' id='word_1_665' title='bbox 3300 2141 3396 2180; x_wconf 92' lang='lat' dir='ltr'><strong>seu</strong></span> <span class='ocrx_word' id='word_1_666' title='bbox 3423 2142 3517 2182; x_wconf 92' lang='lat' dir='ltr'><strong>an.</strong></span> <span class='ocrx_word' id='word_1_667' title='bbox 3551 2129 3584 2183; x_wconf 97' lang='grc'><strong>5</strong></span> 
     </span>
    </p>
   </div>
   <div class='ocr_carea' id='block_1_86' title="bbox 1991 2198 3581 2271">
    <p class='ocr_par' dir='ltr' id='par_1_86' title="bbox 1991 2198 3581 2271">
     <span class='ocr_line' id='line_1_86' title="bbox 1991 2198 3581 2271; baseline 0.003 -21"><span class='ocrx_word' id='word_1_668' title='bbox 1991 2200 2195 2270; x_wconf 88' lang='lat' dir='ltr'><strong>olymp.</strong></span> <span class='ocrx_word' id='word_1_669' title='bbox 2235 2200 2370 2266; x_wconf 71' lang='lat'><strong>189;</strong></span> <span class='ocrx_word' id='word_1_670' title='bbox 2412 2211 2465 2252; x_wconf 91' lang='lat' dir='ltr'><strong>et</strong></span> <span class='ocrx_word' id='word_1_671' title='bbox 2500 2199 2552 2252; x_wconf 92' lang='lat' dir='ltr'><strong>hi</strong></span> <span class='ocrx_word' id='word_1_672' title='bbox 2583 2199 2880 2271; x_wconf 76' lang='lat' dir='ltr'><strong>similiores</strong></span> <span class='ocrx_word' id='word_1_673' title='bbox 2909 2199 3092 2271; x_wconf 88' lang='lat' dir='ltr'><strong>Dioni.</strong></span> <span class='ocrx_word' id='word_1_674' title='bbox 3123 2199 3215 2268; x_wconf 88' lang='lat' dir='ltr'><strong>qui</strong></span> <span class='ocrx_word' id='word_1_675' title='bbox 3244 2198 3338 2253; x_wconf 90' lang='lat' dir='ltr'><strong>lib.</strong></span> <span class='ocrx_word' id='word_1_676' title='bbox 3371 2214 3457 2252; x_wconf 80' lang='lat' dir='ltr'><strong>Liv</strong></span> <span class='ocrx_word' id='word_1_677' title='bbox 3489 2215 3581 2254; x_wconf 88' lang='lat' dir='ltr'><strong>re-</strong></span> 
     </span>
    </p>
   </div>
   <div class='ocr_carea' id='block_1_87' title="bbox 1991 2270 3584 2340">
    <p class='ocr_par' dir='ltr' id='par_1_87' title="bbox 1991 2270 3584 2340">
     <span class='ocr_line' id='line_1_87' title="bbox 1991 2270 3584 2340; baseline 0.001 -16"><span class='ocrx_word' id='word_1_678' title='bbox 1991 2272 2099 2324; x_wconf 77' lang='lat' dir='ltr'><strong>fert</strong></span> <span class='ocrx_word' id='word_1_679' title='bbox 2132 2271 2250 2324; x_wconf 85' lang='lat' dir='ltr'><strong>haec</strong></span> <span class='ocrx_word' id='word_1_680' title='bbox 2291 2271 2586 2339; x_wconf 78' lang='lat' dir='ltr'><strong>cotitigisse</strong></span> <span class='ocrx_word' id='word_1_681' title='bbox 2612 2270 2831 2338; x_wconf 80' lang='lat' dir='ltr'><strong>Apuleio</strong></span> <span class='ocrx_word' id='word_1_682' title='bbox 2865 2287 2917 2326; x_wconf 79' lang='lat' dir='ltr'><strong>vr</strong></span> <span class='ocrx_word' id='word_1_683' title='bbox 2960 2281 3005 2324; x_wconf 89' lang='lat' dir='ltr'><strong>et</strong></span> <span class='ocrx_word' id='word_1_684' title='bbox 3049 2270 3184 2325; x_wconf 87' lang='lat' dir='ltr'><strong>Silio</strong></span> <span class='ocrx_word' id='word_1_685' title='bbox 3226 2287 3383 2336; x_wconf 80' lang='lat' dir='ltr'><strong>ross.,</strong></span> <span class='ocrx_word' id='word_1_686' title='bbox 3409 2271 3498 2340; x_wconf 89' lang='lat' dir='ltr'><strong>qui</strong></span> <span class='ocrx_word' id='word_1_687' title='bbox 3529 2271 3584 2325; x_wconf 90' lang='lat' dir='ltr'><strong>in</strong></span> 
     </span>
    </p>
   </div>
   <div class='ocr_carea' id='block_1_88' title="bbox 1991 2341 3582 2413">
    <p class='ocr_par' dir='ltr' id='par_1_88' title="bbox 1991 2341 3582 2413">
     <span class='ocr_line' id='line_1_88' title="bbox 1991 2341 3582 2413; baseline 0.002 -17"><span class='ocrx_word' id='word_1_688' title='bbox 1991 2343 2173 2397; x_wconf 88' lang='lat' dir='ltr'><strong>Fastis</strong></span> <span class='ocrx_word' id='word_1_689' title='bbox 2208 2344 2473 2411; x_wconf 86' lang='lat' dir='ltr'><strong>Onuphrii</strong></span> <span class='ocrx_word' id='word_1_690' title='bbox 2513 2343 2700 2411; x_wconf 90' lang='lat' dir='ltr'><strong>jacent</strong></span> <span class='ocrx_word' id='word_1_691' title='bbox 2730 2358 2795 2397; x_wconf 78' lang='lat' dir='ltr'><strong>ex</strong></span> <span class='ocrx_word' id='word_1_692' title='bbox 2827 2343 3076 2413; x_wconf 80' lang='lat' dir='ltr'><strong>Opposita</strong></span> <span class='ocrx_word' id='word_1_693' title='bbox 3106 2341 3233 2395; x_wconf 75' lang='lat' dir='ltr'><strong>auiti</strong></span> <span class='ocrx_word' id='word_1_694' title='bbox 3265 2342 3424 2397; x_wconf 91' lang='lat' dir='ltr'><strong>Urbis</strong></span> <span class='ocrx_word' id='word_1_695' title='bbox 3456 2343 3582 2408; x_wconf 87' lang='grc'>755,</span> 
     </span>
    </p>
   </div>
   <div class='ocr_carea' id='block_1_89' title="bbox 1995 2413 3586 2486">
    <p class='ocr_par' dir='ltr' id='par_1_89' title="bbox 1995 2413 3586 2486">
     <span class='ocr_line' id='line_1_89' title="bbox 1995 2413 3586 2486; baseline 0 -18"><span class='ocrx_word' id='word_1_696' title='bbox 1995 2429 2086 2468; x_wconf 90' lang='lat' dir='ltr'><strong>an.</strong></span> <span class='ocrx_word' id='word_1_697' title='bbox 2116 2417 2140 2469; x_wconf 90' lang='grc'><strong>1</strong></span> <span class='ocrx_word' id='word_1_698' title='bbox 2173 2415 2375 2486; x_wconf 88' lang='lat' dir='ltr'><strong>olymp.</strong></span> <span class='ocrx_word' id='word_1_699' title='bbox 2404 2414 2528 2469; x_wconf 90' lang='grc'>190.</span> <span class='ocrx_word' id='word_1_700' title='bbox 2554 2413 2738 2486; x_wconf 85' lang='lat' dir='ltr'><strong>Itaque</strong></span> <span class='ocrx_word' id='word_1_701' title='bbox 2767 2414 3072 2470; x_wconf 72' lang='lat' dir='ltr'><strong>differentia</strong></span> <span class='ocrx_word' id='word_1_702' title='bbox 3103 2424 3182 2469; x_wconf 88' lang='lat' dir='ltr'><strong>est</strong></span> <span class='ocrx_word' id='word_1_703' title='bbox 3213 2413 3442 2486; x_wconf 85' lang='lat' dir='ltr'><strong>duorum</strong></span> <span class='ocrx_word' id='word_1_704' title='bbox 3488 2429 3586 2468; x_wconf 88' lang='lat' dir='ltr'><strong>an-</strong></span> 
     </span>
    </p>
   </div>
   <div class='ocr_carea' id='block_1_90' title="bbox 1997 2485 3586 2554">
    <p class='ocr_par' dir='ltr' id='par_1_90' title="bbox 1997 2485 3586 2554">
     <span class='ocr_line' id='line_1_90' title="bbox 1997 2485 3586 2554; baseline 0.001 -15"><span class='ocrx_word' id='word_1_705' title='bbox 1997 2485 2243 2540; x_wconf 32' lang='lat' dir='ltr'><strong>norum.’</strong></span> <span class='ocrx_word' id='word_1_706' title='bbox 2289 2487 2580 2541; x_wconf 88' lang='lat' dir='ltr'><strong>Suetonius</strong></span> <span class='ocrx_word' id='word_1_707' title='bbox 2623 2497 2678 2539; x_wconf 89' lang='lat' dir='ltr'><strong>et</strong></span> <span class='ocrx_word' id='word_1_708' title='bbox 2720 2485 2818 2540; x_wconf 87' lang='lat' dir='ltr'><strong>Dio</strong></span> <span class='ocrx_word' id='word_1_709' title='bbox 2868 2496 3094 2540; x_wconf 84' lang='lat' dir='ltr'><strong>narrant</strong></span> <span class='ocrx_word' id='word_1_710' title='bbox 3145 2499 3363 2539; x_wconf 86' lang='lat' dir='ltr'><strong>causam</strong></span> <span class='ocrx_word' id='word_1_711' title='bbox 3424 2485 3586 2554; x_wconf 87' lang='lat' dir='ltr'><strong>hujus</strong></span> 
     </span>
    </p>
   </div>
   <div class='ocr_carea' id='block_1_91' title="bbox 1996 2555 3583 2627">
    <p class='ocr_par' dir='ltr' id='par_1_91' title="bbox 1996 2555 3583 2627">
     <span class='ocr_line' id='line_1_91' title="bbox 1996 2555 3583 2627; baseline 0.001 -16"><span class='ocrx_word' id='word_1_712' title='bbox 1996 2559 2264 2627; x_wconf 83' lang='lat' dir='ltr'><strong>ademptae</strong></span> <span class='ocrx_word' id='word_1_713' title='bbox 2293 2555 2559 2627; x_wconf 70' lang='lat' dir='ltr'><strong>libertatis</strong></span> <span class='ocrx_word' id='word_1_714' title='bbox 2583 2556 2655 2610; x_wconf 88' lang='lat' dir='ltr'><strong>ob</strong></span> <span class='ocrx_word' id='word_1_715' title='bbox 2682 2560 2830 2612; x_wconf 79' lang='lat' dir='ltr'><strong>cives</strong></span> <span class='ocrx_word' id='word_1_716' title='bbox 2857 2557 3133 2612; x_wconf 85' lang='lat' dir='ltr'><strong>Romanos</strong></span> <span class='ocrx_word' id='word_1_717' title='bbox 3165 2556 3347 2624; x_wconf 82' lang='lat' dir='ltr'><strong>ﬂagris</strong></span> <span class='ocrx_word' id='word_1_718' title='bbox 3377 2572 3583 2622; x_wconf 87' lang='lat' dir='ltr'><strong>caesos;</strong></span> 
     </span>
    </p>
   </div>
   <div class='ocr_carea' id='block_1_92' title="bbox 1996 2628 3584 2698">
    <p class='ocr_par' dir='ltr' id='par_1_92' title="bbox 1996 2628 3584 2698">
     <span class='ocr_line' id='line_1_92' title="bbox 1996 2628 3584 2698; baseline 0.001 -15"><span class='ocrx_word' id='word_1_719' title='bbox 1996 2631 2090 2684; x_wconf 91' lang='lat' dir='ltr'><strong>sed</strong></span> <span class='ocrx_word' id='word_1_720' title='bbox 2134 2631 2379 2698; x_wconf 87' lang='lat' dir='ltr'><strong>sequenti</strong></span> <span class='ocrx_word' id='word_1_721' title='bbox 2421 2645 2564 2683; x_wconf 91' lang='lat' dir='ltr'><strong>anno</strong></span> <span class='ocrx_word' id='word_1_722' title='bbox 2596 2630 2904 2683; x_wconf 90' lang='lat' dir='ltr'><strong>restitutam</strong></span> <span class='ocrx_word' id='word_1_723' title='bbox 2937 2637 3166 2684; x_wconf 86' lang='lat' dir='ltr'><strong>testatur</strong></span> <span class='ocrx_word' id='word_1_724' title='bbox 3212 2630 3325 2697; x_wconf 89' lang='lat' dir='ltr'><strong>ipse</strong></span> <span class='ocrx_word' id='word_1_725' title='bbox 3356 2628 3456 2682; x_wconf 91' lang='lat' dir='ltr'><strong>Dio</strong></span> <span class='ocrx_word' id='word_1_726' title='bbox 3488 2631 3584 2684; x_wconf 93' lang='lat' dir='ltr'><strong>lib.</strong></span> 
     </span>
    </p>
   </div>
   <div class='ocr_carea' id='block_1_93' title="bbox 1996 2699 3585 2762">
    <p class='ocr_par' dir='ltr' id='par_1_93' title="bbox 1996 2699 3585 2762">
     <span class='ocr_line' id='line_1_93' title="bbox 1996 2699 3585 2762; baseline 0.001 -6"><span class='ocrx_word' id='word_1_727' title='bbox 1996 2717 2100 2756; x_wconf 85' lang='lat' dir='ltr'><strong>Ltv.</strong></span> <span class='ocrx_word' id='word_1_728' title='bbox 2134 2701 2272 2755; x_wconf 87' lang='lat' dir='ltr'><strong>Exin</strong></span> <span class='ocrx_word' id='word_1_729' title='bbox 2301 2702 2498 2756; x_wconf 88' lang='lat' dir='ltr'><strong>Strabo</strong></span> <span class='ocrx_word' id='word_1_730' title='bbox 2529 2699 2624 2753; x_wconf 90' lang='lat' dir='ltr'><strong>lib.</strong></span> <span class='ocrx_word' id='word_1_731' title='bbox 2651 2716 2724 2754; x_wconf 68' lang='grc' dir='ltr'>χιι</span> <span class='ocrx_word' id='word_1_732' title='bbox 2745 2703 2936 2755; x_wconf 84' lang='lat' dir='ltr'><strong>aitsua</strong></span> <span class='ocrx_word' id='word_1_733' title='bbox 2960 2711 3138 2762; x_wconf 75' lang='lat' dir='ltr'><strong>mtate,</strong></span> <span class='ocrx_word' id='word_1_734' title='bbox 3164 2700 3216 2753; x_wconf 87' lang='lat' dir='ltr'><strong>id</strong></span> <span class='ocrx_word' id='word_1_735' title='bbox 3247 2710 3474 2756; x_wconf 88' lang='lat' dir='ltr'><strong>estante</strong></span> <span class='ocrx_word' id='word_1_736' title='bbox 3493 2717 3585 2758; x_wconf 87' lang='lat' dir='ltr'><strong>an.</strong></span> 
     </span>
    </p>
   </div>
   <div class='ocr_carea' id='block_1_94' title="bbox 1998 2771 3333 2842">
    <p class='ocr_par' dir='ltr' id='par_1_94' title="bbox 1998 2771 3333 2842">
     <span class='ocr_line' id='line_1_94' title="bbox 1998 2771 3333 2842; baseline 0 -15"><span class='ocrx_word' id='word_1_737' title='bbox 1998 2771 2066 2827; x_wconf 72' lang='lat'><strong>19.</strong></span> <span class='ocrx_word' id='word_1_738' title='bbox 2097 2774 2335 2841; x_wconf 88' lang='lat' dir='ltr'><strong>imperii,</strong></span> <span class='ocrx_word' id='word_1_739' title='bbox 2368 2773 2668 2842; x_wconf 77' lang='lat' dir='ltr'><strong>Cyzicenos</strong></span> <span class='ocrx_word' id='word_1_740' title='bbox 2695 2774 2864 2826; x_wconf 77' lang='lat' dir='ltr'><strong>fuisse</strong></span> <span class='ocrx_word' id='word_1_741' title='bbox 2896 2771 3120 2826; x_wconf 90' lang='lat' dir='ltr'><strong>liberos.</strong></span> <span class='ocrx_word' id='word_1_742' title='bbox 3331 2810 3333 2813; x_wconf 64' lang='grc' dir='ltr'><strong>ι</strong></span> 
     </span>
    </p>
   </div>
   <div class='ocr_carea' id='block_1_95' title="bbox 2070 2842 3588 2915">
    <p class='ocr_par' dir='ltr' id='par_1_95' title="bbox 2070 2842 3588 2915">
     <span class='ocr_line' id='line_1_95' title="bbox 2070 2842 3588 2915; baseline -0.001 -16"><span class='ocrx_word' id='word_1_743' title='bbox 2070 2844 2238 2915; x_wconf 84' lang='lat' dir='ltr'><strong>(Ibid.</strong></span> <span class='ocrx_word' id='word_1_744' title='bbox 2263 2843 2280 2914; x_wconf 96' lang='lat'>)</span> <span class='ocrx_word' id='word_1_745' title='bbox 2309 2844 2558 2914; x_wconf 82' lang='lat' dir='ltr'><strong>Pylades.</strong></span> <span class='ocrx_word' id='word_1_746' title='bbox 2589 2842 2798 2896; x_wconf 84' lang='lat' dir='ltr'><strong>Pliades</strong></span> <span class='ocrx_word' id='word_1_747' title='bbox 2813 2844 2904 2911; x_wconf 90' lang='lat'><strong>0.,</strong></span> <span class='ocrx_word' id='word_1_748' title='bbox 2933 2844 3052 2909; x_wconf 86' lang='lat' dir='ltr'><strong>Vi.;</strong></span> <span class='ocrx_word' id='word_1_749' title='bbox 3086 2842 3298 2898; x_wconf 88' lang='lat' dir='ltr'><strong>Pilades</strong></span> <span class='ocrx_word' id='word_1_750' title='bbox 3319 2843 3443 2911; x_wconf 90' lang='lat' dir='ltr'><strong>Lo.,</strong></span> <span class='ocrx_word' id='word_1_751' title='bbox 3469 2844 3588 2911; x_wconf 85' lang='lat' dir='ltr'><strong>Fa.,</strong></span> 
     </span>
    </p>
   </div>
   <div class='ocr_carea' id='block_1_96' title="bbox 1997 2914 3591 2985">
    <p class='ocr_par' dir='ltr' id='par_1_96' title="bbox 1997 2914 3591 2985">
     <span class='ocr_line' id='line_1_96' title="bbox 1997 2914 3591 2985; baseline -0.001 -14"><span class='ocrx_word' id='word_1_752' title='bbox 1997 2914 2131 2971; x_wconf 84' lang='lat' dir='ltr'><strong>Mar.</strong></span> <span class='ocrx_word' id='word_1_753' title='bbox 2162 2914 2269 2971; x_wconf 84' lang='lat' dir='ltr'><strong>Sed</strong></span> <span class='ocrx_word' id='word_1_754' title='bbox 2297 2922 2514 2985; x_wconf 84' lang='lat' dir='ltr'><strong>vulgata</strong></span> <span class='ocrx_word' id='word_1_755' title='bbox 2542 2915 2815 2968; x_wconf 88' lang='lat' dir='ltr'><strong>stabilitnr</strong></span> <span class='ocrx_word' id='word_1_756' title='bbox 2842 2930 3113 2970; x_wconf 90' lang='lat' dir='ltr'><strong>consensu</strong></span> <span class='ocrx_word' id='word_1_757' title='bbox 3142 2916 3375 2970; x_wconf 89' lang='lat' dir='ltr'><strong>aliorum</strong></span> <span class='ocrx_word' id='word_1_758' title='bbox 3418 2917 3591 2971; x_wconf 89' lang='lat' dir='ltr'><strong>libro-</strong></span> 
     </span>
    </p>
   </div>
   <div class='ocr_carea' id='block_1_97' title="bbox 1999 2987 3593 3053">
    <p class='ocr_par' dir='ltr' id='par_1_97' title="bbox 1999 2987 3593 3053">
     <span class='ocr_line' id='line_1_97' title="bbox 1999 2987 3593 3053; baseline 0.001 -12"><span class='ocrx_word' id='word_1_759' title='bbox 1999 3004 2117 3041; x_wconf 90' lang='lat' dir='ltr'><strong>rum</strong></span> <span class='ocrx_word' id='word_1_760' title='bbox 2145 2999 2200 3043; x_wconf 87' lang='lat' dir='ltr'><strong>et</strong></span> <span class='ocrx_word' id='word_1_761' title='bbox 2224 2990 2551 3042; x_wconf 86' lang='lat' dir='ltr'><strong>auctoritate</strong></span> <span class='ocrx_word' id='word_1_762' title='bbox 2583 2987 2767 3040; x_wconf 84' lang='lat' dir='ltr'><strong>Dionis</strong></span> <span class='ocrx_word' id='word_1_763' title='bbox 2798 2988 2888 3042; x_wconf 86' lang='lat' dir='ltr'><strong>lib.</strong></span> <span class='ocrx_word' id='word_1_764' title='bbox 2911 2995 3030 3053; x_wconf 81' lang='lat' dir='ltr'><strong>.Ltv,‘</strong></span> <span class='ocrx_word' id='word_1_765' title='bbox 3063 2987 3393 3042; x_wconf 89' lang='lat' dir='ltr'><strong>Suetoniide</strong></span> <span class='ocrx_word' id='word_1_766' title='bbox 3419 2989 3593 3042; x_wconf 91' lang='lat' dir='ltr'><strong>altero</strong></span> 
     </span>
    </p>
   </div>
   <div class='ocr_carea' id='block_1_98' title="bbox 1999 3058 3593 3131">
    <p class='ocr_par' dir='ltr' id='par_1_98' title="bbox 1999 3058 3593 3131">
     <span class='ocr_line' id='line_1_98' title="bbox 1999 3058 3593 3131; baseline -0.001 -17"><span class='ocrx_word' id='word_1_767' title='bbox 1999 3059 2328 3131; x_wconf 69' lang='lat' dir='ltr'><strong>Cytharuado</strong></span> <span class='ocrx_word' id='word_1_768' title='bbox 2347 3069 2399 3113; x_wconf 94' lang='lat' dir='ltr'><strong>et</strong></span> <span class='ocrx_word' id='word_1_769' title='bbox 2423 3058 2874 3131; x_wconf 81' lang='lat' dir='ltr'><strong>lllegaIOpolitano</strong></span> <span class='ocrx_word' id='word_1_770' title='bbox 2899 3059 3070 3113; x_wconf 91' lang='lat' dir='ltr'><strong>multo</strong></span> <span class='ocrx_word' id='word_1_771' title='bbox 3096 3058 3419 3127; x_wconf 87' lang='lat' dir='ltr'><strong>antiquiore.</strong></span> <span class='ocrx_word' id='word_1_772' title='bbox 3456 3060 3593 3113; x_wconf 89' lang='lat' dir='ltr'><strong>Pau-</strong></span> 
     </span>
    </p>
   </div>
   <div class='ocr_carea' id='block_1_99' title="bbox 2000 3128 3598 3202">
    <p class='ocr_par' dir='ltr' id='par_1_99' title="bbox 2000 3128 3598 3202">
     <span class='ocr_line' id='line_1_99' title="bbox 2000 3128 3598 3202; baseline -0.001 -17"><span class='ocrx_word' id='word_1_773' title='bbox 2000 3128 2183 3185; x_wconf 76' lang='lat' dir='ltr'><strong>sanias</strong></span> <span class='ocrx_word' id='word_1_774' title='bbox 2209 3132 2307 3185; x_wconf 91' lang='lat' dir='ltr'><strong>lib.</strong></span> <span class='ocrx_word' id='word_1_775' title='bbox 2343 3131 2376 3185; x_wconf 90' lang='lat'>8</span> <span class='ocrx_word' id='word_1_776' title='bbox 2411 3148 2422 3183; x_wconf 93' lang='lat'>:</span> <span class='ocrx_word' id='word_1_777' title='bbox 2451 3128 2586 3183; x_wconf 88' lang='lat' dir='ltr'><strong>hanc</strong></span> <span class='ocrx_word' id='word_1_778' title='bbox 2613 3130 2949 3184; x_wconf 83' lang='lat' dir='ltr'><strong>saltationem</strong></span> <span class='ocrx_word' id='word_1_779' title='bbox 2975 3132 3414 3202; x_wconf 82' lang='lat' dir='ltr'><strong>pantomimorum</strong></span> <span class='ocrx_word' id='word_1_780' title='bbox 3442 3141 3598 3186; x_wconf 90' lang='lat' dir='ltr'><strong>antea</strong></span> 
     </span>
    </p>
   </div>
   <div class='ocr_carea' id='block_1_100' title="bbox 2001 3202 3597 3273">
    <p class='ocr_par' dir='ltr' id='par_1_100' title="bbox 2001 3202 3597 3273">
     <span class='ocr_line' id='line_1_100' title="bbox 2001 3202 3597 3273; baseline 0.001 -18"><span class='ocrx_word' id='word_1_781' title='bbox 2001 3219 2103 3255; x_wconf 92' lang='lat' dir='ltr'><strong>non</strong></span> <span class='ocrx_word' id='word_1_782' title='bbox 2127 3203 2286 3273; x_wconf 79' lang='lat' dir='ltr'><strong>fuisse</strong></span> <span class='ocrx_word' id='word_1_783' title='bbox 2304 3204 2562 3266; x_wconf 90' lang='lat' dir='ltr'><strong>usitatam,</strong></span> <span class='ocrx_word' id='word_1_784' title='bbox 2587 3202 2674 3255; x_wconf 81' lang='lat' dir='ltr'><strong>sed</strong></span> <span class='ocrx_word' id='word_1_785' title='bbox 2696 3203 3044 3273; x_wconf 64' lang='lat' dir='ltr'><strong>introductam</strong></span> <span class='ocrx_word' id='word_1_786' title='bbox 3069 3212 3116 3257; x_wconf 87' lang='lat' dir='ltr'><strong>et</strong></span> <span class='ocrx_word' id='word_1_787' title='bbox 3138 3205 3393 3256; x_wconf 71' lang='lat' dir='ltr'><strong>inventam</strong></span> <span class='ocrx_word' id='word_1_788' title='bbox 3413 3204 3475 3257; x_wconf 86' lang='lat' dir='ltr'><strong>ab</strong></span> <span class='ocrx_word' id='word_1_789' title='bbox 3491 3205 3597 3258; x_wconf 85' lang='lat' dir='ltr'><strong>Au-</strong></span> 
     </span>
    </p>
   </div>
   <div class='ocr_carea' id='block_1_101' title="bbox 1921 3265 3598 3346">
    <p class='ocr_par' dir='ltr' id='par_1_101' title="bbox 1921 3265 3598 3346">
     <span class='ocr_line' id='line_1_101' title="bbox 1921 3265 3598 3346; baseline 0.001 -16"><span class='ocrx_word' id='word_1_790' title='bbox 1921 3265 1966 3330; x_wconf 89' lang='lat' dir='ltr'>C</span> <span class='ocrx_word' id='word_1_791' title='bbox 1997 3265 2163 3346; x_wconf 73' lang='lat' dir='ltr'><strong>gusto,</strong></span> <span class='ocrx_word' id='word_1_792' title='bbox 2190 3284 2239 3327; x_wconf 88' lang='lat' dir='ltr'><strong>et</strong></span> <span class='ocrx_word' id='word_1_793' title='bbox 2261 3283 2534 3346; x_wconf 84' lang='lat' dir='ltr'><strong>tractatam</strong></span> <span class='ocrx_word' id='word_1_794' title='bbox 2553 3265 2586 3326; x_wconf 88' lang='lat' dir='ltr'><strong>a</strong></span> <span class='ocrx_word' id='word_1_795' title='bbox 2613 3271 2834 3344; x_wconf 57' lang='lat' dir='ltr'><strong>Pylade‘</strong></span> <span class='ocrx_word' id='word_1_796' title='bbox 2858 3284 2904 3326; x_wconf 87' lang='lat' dir='ltr'><strong>et</strong></span> <span class='ocrx_word' id='word_1_797' title='bbox 2933 3273 3244 3346; x_wconf 80' lang='lat' dir='ltr'><strong>Baccltylide</strong></span> <span class='ocrx_word' id='word_1_798' title='bbox 3271 3273 3394 3346; x_wconf 71' lang='lat' dir='ltr'><strong>&#39;(seu</strong></span> <span class='ocrx_word' id='word_1_799' title='bbox 3419 3279 3598 3344; x_wconf 90' lang='lat' dir='ltr'><strong>potius</strong></span> 
     </span>
    </p>
   </div>
   <div class='ocr_carea' id='block_1_102' title="bbox 2006 3343 3596 3416">
    <p class='ocr_par' dir='ltr' id='par_1_102' title="bbox 2006 3343 3596 3416">
     <span class='ocr_line' id='line_1_102' title="bbox 2006 3343 3596 3416; baseline 0.004 -18"><span class='ocrx_word' id='word_1_800' title='bbox 2006 3343 2290 3416; x_wconf 85' lang='lat' dir='ltr'><strong>Bathyllo)</strong></span> <span class='ocrx_word' id='word_1_801' title='bbox 2322 3355 2551 3400; x_wconf 86' lang='lat' dir='ltr'><strong>testatur</strong></span> <span class='ocrx_word' id='word_1_802' title='bbox 2573 3365 2584 3400; x_wconf 95' lang='lat'><strong>:</strong></span> <span class='ocrx_word' id='word_1_803' title='bbox 2604 3343 2807 3414; x_wconf 89' lang='lat' dir='ltr'><strong>pariter</strong></span> <span class='ocrx_word' id='word_1_804' title='bbox 2832 3347 3026 3401; x_wconf 88' lang='lat' dir='ltr'><strong>Suidas</strong></span> <span class='ocrx_word' id='word_1_805' title='bbox 3051 3343 3123 3400; x_wconf 42' lang='lat' dir='ltr'><strong>in‘</strong></span> <span class='ocrx_word' id='word_1_806' title='bbox 3140 3343 3366 3402; x_wconf 85' lang='lat' dir='ltr'><strong>vocibus</strong></span> <span class='ocrx_word' id='word_1_807' title='bbox 3393 3347 3596 3407; x_wconf 82' lang='grc' dir='ltr'><strong>Ἀθηνο-</strong></span> 
     </span>
    </p>
   </div>
   <div class='ocr_carea' id='block_1_103' title="bbox 2007 3415 3597 3496">
    <p class='ocr_par' dir='ltr' id='par_1_103' title="bbox 2007 3415 3597 3496">
     <span class='ocr_line' id='line_1_103' title="bbox 2007 3415 3597 3496; baseline 0.001 -23"><span class='ocrx_word' id='word_1_808' title='bbox 2007 3415 2496 3496; x_wconf 59' lang='grc' dir='ltr'><strong>δῶοοςξθιὸρχησις;</strong></span> <span class='ocrx_word' id='word_1_809' title='bbox 2527 3426 2576 3470; x_wconf 90' lang='lat' dir='ltr'><strong>et</strong></span> <span class='ocrx_word' id='word_1_810' title='bbox 2603 3417 3040 3496; x_wconf 75' lang='lat' dir='ltr'><strong>indicat&#39;Tacitns</strong></span> <span class='ocrx_word' id='word_1_811' title='bbox 3065 3418 3157 3472; x_wconf 92' lang='lat' dir='ltr'><strong>lib.</strong></span> <span class='ocrx_word' id='word_1_812' title='bbox 3184 3433 3202 3470; x_wconf 82' lang='grc' dir='ltr'><strong>ι</strong></span> <span class='ocrx_word' id='word_1_813' title='bbox 3224 3420 3446 3496; x_wconf 88' lang='lat' dir='ltr'><strong>Ann_al.,</strong></span> <span class='ocrx_word' id='word_1_814' title='bbox 3469 3421 3597 3496; x_wconf 86' lang='lat' dir='ltr'><strong>dum</strong></span> 
     </span>
    </p>
   </div>
   <div class='ocr_carea' id='block_1_104' title="bbox 2007 3488 3600 3561">
    <p class='ocr_par' dir='ltr' id='par_1_104' title="bbox 2007 3488 3600 3561">
     <span class='ocr_line' id='line_1_104' title="bbox 2007 3488 3600 3561; baseline 0.001 -17"><span class='ocrx_word' id='word_1_815' title='bbox 2007 3498 2117 3560; x_wconf 84' lang='lat' dir='ltr'><strong>agit</strong></span> <span class='ocrx_word' id='word_1_816' title='bbox 2141 3492 2208 3544; x_wconf 90' lang='lat' dir='ltr'><strong>de</strong></span> <span class='ocrx_word' id='word_1_817' title='bbox 2231 3488 2369 3543; x_wconf 72' lang='lat' dir='ltr'><strong>luitis</strong></span> <span class='ocrx_word' id='word_1_818' title='bbox 2399 3488 2768 3559; x_wconf 76' lang='lat' dir='ltr'><strong>Augustalibus</strong></span> <span class='ocrx_word' id='word_1_819' title='bbox 2797 3501 2914 3543; x_wconf 89' lang='lat' dir='ltr'><strong>tunc</strong></span> <span class='ocrx_word' id='word_1_820' title='bbox 2946 3488 3170 3561; x_wconf 77' lang='lat' dir='ltr'><strong>primum</strong></span> <span class='ocrx_word' id='word_1_821' title='bbox 3203 3494 3399 3561; x_wconf 72' lang='lat' dir='ltr'><strong>coeptis,</strong></span> <span class='ocrx_word' id='word_1_822' title='bbox 3433 3501 3480 3545; x_wconf 89' lang='lat' dir='ltr'><strong>et</strong></span> <span class='ocrx_word' id='word_1_823' title='bbox 3515 3493 3600 3546; x_wconf 87' lang='lat' dir='ltr'><strong>cui</strong></span> 
     </span>
    </p>
   </div>
   <div class='ocr_carea' id='block_1_105' title="bbox 2008 3560 3602 3633">
    <p class='ocr_par' dir='ltr' id='par_1_105' title="bbox 2008 3560 3602 3633">
     <span class='ocr_line' id='line_1_105' title="bbox 2008 3560 3602 3633; baseline -0.001 -17"><span class='ocrx_word' id='word_1_824' title='bbox 2008 3563 2207 3616; x_wconf 82' lang='lat' dir='ltr'><strong>ludicro</strong></span> <span class='ocrx_word' id='word_1_825' title='bbox 2231 3563 2520 3614; x_wconf 85' lang='lat' dir='ltr'><strong>indulserat</strong></span> <span class='ocrx_word' id='word_1_826' title='bbox 2543 3562 2826 3633; x_wconf 70' lang='lat' dir='ltr'><strong>Augustus,</strong></span> <span class='ocrx_word' id='word_1_827' title='bbox 2848 3564 2970 3614; x_wconf 88' lang='lat' dir='ltr'><strong>dum</strong></span> <span class='ocrx_word' id='word_1_828' title='bbox 2993 3560 3602 3633; x_wconf 73' lang='lat' dir='ltr'><strong>Mecwnatiobtemperat</strong></span> 
     </span>
    </p>
   </div>
   <div class='ocr_carea' id='block_1_106' title="bbox 2010 3632 2779 3702">
    <p class='ocr_par' dir='ltr' id='par_1_106' title="bbox 2010 3632 2779 3702">
     <span class='ocr_line' id='line_1_106' title="bbox 2010 3632 2779 3702; baseline 0 -16"><span class='ocrx_word' id='word_1_829' title='bbox 2010 3635 2174 3702; x_wconf 73' lang='lat' dir='ltr'><strong>effuso</strong></span> <span class='ocrx_word' id='word_1_830' title='bbox 2199 3635 2254 3686; x_wconf 90' lang='lat' dir='ltr'><strong>in</strong></span> <span class='ocrx_word' id='word_1_831' title='bbox 2274 3649 2501 3686; x_wconf 84' lang='lat' dir='ltr'><strong>amorem</strong></span> <span class='ocrx_word' id='word_1_832' title='bbox 2528 3632 2779 3702; x_wconf 75' lang='lat' dir='ltr'><strong>Bathylli.</strong></span> 
     </span>
    </p>
   </div>
   <div class='ocr_carea' id='block_1_107' title="bbox 2085 3704 3602 3777">
    <p class='ocr_par' dir='ltr' id='par_1_107' title="bbox 2085 3704 3602 3777">
     <span class='ocr_line' id='line_1_107' title="bbox 2085 3704 3602 3777; baseline 0.001 -19"><span class='ocrx_word' id='word_1_833' title='bbox 2085 3705 2275 3776; x_wconf 91' lang='lat' dir='ltr'><strong>(lbid.)</strong></span> <span class='ocrx_word' id='word_1_834' title='bbox 2305 3704 2820 3777; x_wconf 12' lang='lat' dir='ltr'><strong>Ciliatercrtnunior</strong></span> <span class='ocrx_word' id='word_1_835' title='bbox 2853 3704 3040 3770; x_wconf 87' lang='lat' dir='ltr'><strong>lectio,</strong></span> <span class='ocrx_word' id='word_1_836' title='bbox 3064 3719 3224 3777; x_wconf 78' lang='lat' dir='ltr'><strong>quam</strong></span> <span class='ocrx_word' id='word_1_837' title='bbox 3245 3706 3377 3760; x_wconf 93' lang='lat' dir='ltr'><strong>olim</strong></span> <span class='ocrx_word' id='word_1_838' title='bbox 3409 3705 3602 3777; x_wconf 77' lang='lat' dir='ltr'><strong>Cylix;</strong></span> 
     </span>
    </p>
   </div>
   <div class='ocr_carea' id='block_1_108' title="bbox 2012 3774 3606 3846">
    <p class='ocr_par' dir='ltr' id='par_1_108' title="bbox 2012 3774 3606 3846">
     <span class='ocr_line' id='line_1_108' title="bbox 2012 3774 3606 3846; baseline 0.001 -16"><span class='ocrx_word' id='word_1_839' title='bbox 2012 3774 2138 3830; x_wconf 88' lang='lat' dir='ltr'><strong>nam</strong></span> <span class='ocrx_word' id='word_1_840' title='bbox 2171 3777 2353 3829; x_wconf 90' lang='lat' dir='ltr'><strong>nullus</strong></span> <span class='ocrx_word' id='word_1_841' title='bbox 2386 3774 2639 3846; x_wconf 83' lang='lat' dir='ltr'><strong>Cyliriam</strong></span> <span class='ocrx_word' id='word_1_842' title='bbox 2665 3776 2798 3829; x_wconf 74' lang='lat' dir='ltr'><strong>dixit</strong></span> <span class='ocrx_word' id='word_1_843' title='bbox 2825 3792 2923 3844; x_wconf 84' lang='lat' dir='ltr'><strong>per</strong></span> <span class='ocrx_word' id='word_1_844' title='bbox 2949 3794 3004 3846; x_wconf 85' lang='lat' dir='ltr'><strong>y,</strong></span> <span class='ocrx_word' id='word_1_845' title='bbox 3038 3777 3132 3829; x_wconf 82' lang='lat' dir='ltr'><strong>scd</strong></span> <span class='ocrx_word' id='word_1_846' title='bbox 3157 3774 3415 3838; x_wconf 83' lang='lat' dir='ltr'><strong>Ciliciam,</strong></span> <span class='ocrx_word' id='word_1_847' title='bbox 3436 3774 3491 3832; x_wconf 79' lang='lat' dir='ltr'><strong>et</strong></span> <span class='ocrx_word' id='word_1_848' title='bbox 3519 3778 3606 3832; x_wconf 64' lang='lat' dir='ltr'><strong>in~</strong></span> 
     </span>
    </p>
   </div>
   <div class='ocr_carea' id='block_1_109' title="bbox 2012 3845 3600 3916">
    <p class='ocr_par' dir='ltr' id='par_1_109' title="bbox 2012 3845 3600 3916">
     <span class='ocr_line' id='line_1_109' title="bbox 2012 3845 3600 3916; baseline 0.002 -15"><span class='ocrx_word' id='word_1_849' title='bbox 2012 3848 2160 3901; x_wconf 85' lang='lat' dir='ltr'><strong>colas</strong></span> <span class='ocrx_word' id='word_1_850' title='bbox 2194 3846 2414 3900; x_wconf 74' lang='lat' dir='ltr'><strong>Cilices:</strong></span> <span class='ocrx_word' id='word_1_851' title='bbox 2463 3845 2541 3900; x_wconf 84' lang='lat' dir='ltr'><strong>sic</strong></span> <span class='ocrx_word' id='word_1_852' title='bbox 2580 3863 2643 3900; x_wconf 78' lang='lat' dir='ltr'><strong>ex</strong></span> <span class='ocrx_word' id='word_1_853' title='bbox 2675 3845 3091 3911; x_wconf 32' lang='lat' dir='ltr'><strong>codictbus’Piq</strong></span> <span class='ocrx_word' id='word_1_854' title='bbox 3139 3847 3264 3915; x_wconf 89' lang='lat' dir='ltr'><strong>Lo.,</strong></span> <span class='ocrx_word' id='word_1_855' title='bbox 3301 3849 3476 3915; x_wconf 87' lang='lat' dir='ltr'><strong>Peta.,</strong></span> <span class='ocrx_word' id='word_1_856' title='bbox 3511 3850 3600 3916; x_wconf 92' lang='lat' dir='ltr'><strong>L.,</strong></span> 
     </span>
    </p>
   </div>
   <div class='ocr_carea' id='block_1_110' title="bbox 2014 3917 3605 3988">
    <p class='ocr_par' dir='ltr' id='par_1_110' title="bbox 2014 3917 3605 3988">
     <span class='ocr_line' id='line_1_110' title="bbox 2014 3917 3605 3988; baseline 0.003 -15"><span class='ocrx_word' id='word_1_857' title='bbox 2014 3920 2187 3973; x_wconf 87' lang='lat' dir='ltr'><strong>tribus</strong></span> <span class='ocrx_word' id='word_1_858' title='bbox 2212 3933 2343 3972; x_wconf 91' lang='lat' dir='ltr'><strong>mss.</strong></span> <span class='ocrx_word' id='word_1_859' title='bbox 2369 3917 2526 3978; x_wconf 86' lang='lat' dir='ltr'><strong>Fah..</strong></span> <span class='ocrx_word' id='word_1_860' title='bbox 2549 3918 2710 3981; x_wconf 84' lang='lat' dir='ltr'><strong>Fux.,</strong></span> <span class='ocrx_word' id='word_1_861' title='bbox 2742 3918 2899 3984; x_wconf 59' lang='lat' dir='ltr'><strong>Maia,</strong></span> <span class='ocrx_word' id='word_1_862' title='bbox 2926 3920 3016 3988; x_wconf 91' lang='lat' dir='ltr'><strong>qui</strong></span> <span class='ocrx_word' id='word_1_863' title='bbox 3051 3919 3246 3972; x_wconf 85' lang='lat' dir='ltr'><strong>habent</strong></span> <span class='ocrx_word' id='word_1_864' title='bbox 3275 3917 3438 3984; x_wconf 71' lang='lat' dir='ltr'><strong>Citam,</strong></span> <span class='ocrx_word' id='word_1_865' title='bbox 3465 3926 3605 3977; x_wconf 86' lang='lat' dir='ltr'><strong>unde</strong></span> 
     </span>
    </p>
   </div>
   <div class='ocr_carea' id='block_1_111' title="bbox 2015 3989 3608 4060">
    <p class='ocr_par' dir='ltr' id='par_1_111' title="bbox 2015 3989 3608 4060">
     <span class='ocr_line' id='line_1_111' title="bbox 2015 3989 3608 4060; baseline 0.002 -16"><span class='ocrx_word' id='word_1_866' title='bbox 2015 3990 2347 4059; x_wconf 91' lang='lat' dir='ltr'><strong>sumpsimus</strong></span> <span class='ocrx_word' id='word_1_867' title='bbox 2361 3990 2587 4060; x_wconf 90' lang='lat' dir='ltr'><strong>primam</strong></span> <span class='ocrx_word' id='word_1_868' title='bbox 2607 3989 2894 4060; x_wconf 80' lang='lat' dir='ltr'><strong>syllabam,</strong></span> <span class='ocrx_word' id='word_1_869' title='bbox 2911 3999 2965 4043; x_wconf 87' lang='lat' dir='ltr'><strong>et</strong></span> <span class='ocrx_word' id='word_1_870' title='bbox 2985 4005 3047 4045; x_wconf 81' lang='lat' dir='ltr'><strong>ex</strong></span> <span class='ocrx_word' id='word_1_871' title='bbox 3077 3992 3360 4059; x_wconf 90' lang='lat' dir='ltr'><strong>impressis</strong></span> <span class='ocrx_word' id='word_1_872' title='bbox 3383 3994 3608 4047; x_wconf 88' lang='lat' dir='ltr'><strong>retinui-</strong></span> 
     </span>
    </p>
   </div>
   <div class='ocr_carea' id='block_1_112' title="bbox 2017 4060 3607 4136">
    <p class='ocr_par' dir='ltr' id='par_1_112' title="bbox 2017 4060 3607 4136">
     <span class='ocr_line' id='line_1_112' title="bbox 2017 4060 3607 4136; baseline 0.003 -21"><span class='ocrx_word' id='word_1_873' title='bbox 2017 4077 2136 4136; x_wconf 87' lang='lat' dir='ltr'><strong>mus</strong></span> <span class='ocrx_word' id='word_1_874' title='bbox 2165 4062 2416 4115; x_wconf 85' lang='lat' dir='ltr'><strong>alteram.</strong></span> <span class='ocrx_word' id='word_1_875' title='bbox 2442 4060 2576 4136; x_wconf 82' lang='lat' dir='ltr'><strong>Nam</strong></span> <span class='ocrx_word' id='word_1_876' title='bbox 2617 4062 2671 4116; x_wconf 91' lang='lat' dir='ltr'><strong>in</strong></span> <span class='ocrx_word' id='word_1_877' title='bbox 2708 4061 2793 4127; x_wconf 86' lang='lat' dir='ltr'><strong>V.,</strong></span> <span class='ocrx_word' id='word_1_878' title='bbox 2821 4061 2907 4128; x_wconf 69' lang='lat' dir='ltr'><strong>P.,</strong></span> <span class='ocrx_word' id='word_1_879' title='bbox 2938 4062 3024 4136; x_wconf 82' lang='lat' dir='ltr'><strong>P.,</strong></span> <span class='ocrx_word' id='word_1_880' title='bbox 3061 4063 3216 4136; x_wconf 56' lang='lat' dir='ltr'><strong>Maia,</strong></span> <span class='ocrx_word' id='word_1_881' title='bbox 3248 4064 3476 4136; x_wconf 82' lang='lat' dir='ltr'><strong>legimus</strong></span> <span class='ocrx_word' id='word_1_882' title='bbox 3505 4064 3607 4136; x_wconf 82' lang='lat' dir='ltr'><strong>Cy-</strong></span> 
     </span>
    </p>
   </div>
   <div class='ocr_carea' id='block_1_113' title="bbox 2019 4133 3609 4202">
    <p class='ocr_par' dir='ltr' id='par_1_113' title="bbox 2019 4133 3609 4202">
     <span class='ocr_line' id='line_1_113' title="bbox 2019 4133 3609 4202; baseline 0.001 -14"><span class='ocrx_word' id='word_1_883' title='bbox 2019 4135 2101 4188; x_wconf 79' lang='lat' dir='ltr'><strong>lea:</strong></span> <span class='ocrx_word' id='word_1_884' title='bbox 2115 4149 2133 4187; x_wconf 89' lang='lat'><strong><em>:</em></strong></span> <span class='ocrx_word' id='word_1_885' title='bbox 2149 4143 2392 4188; x_wconf 86' lang='lat' dir='ltr'><strong>nostram</strong></span> <span class='ocrx_word' id='word_1_886' title='bbox 2412 4134 2698 4187; x_wconf 89' lang='lat' dir='ltr'><strong>lectionem</strong></span> <span class='ocrx_word' id='word_1_887' title='bbox 2719 4137 2967 4202; x_wconf 86' lang='lat' dir='ltr'><strong>sequitur</strong></span> <span class='ocrx_word' id='word_1_888' title='bbox 2981 4133 3197 4200; x_wconf 87' lang='lat' dir='ltr'><strong>Suidas,</strong></span> <span class='ocrx_word' id='word_1_889' title='bbox 3214 4136 3362 4200; x_wconf 70' lang='grc' dir='ltr'><strong>Κίλιξ.</strong></span> <span class='ocrx_word' id='word_1_890' title='bbox 3385 4133 3609 4190; x_wconf 82' lang='lat' dir='ltr'><strong>Verum-</strong></span> 
     </span>
    </p>
   </div>
   <div class='ocr_carea' id='block_1_114' title="bbox 2017 4203 3612 4276">
    <p class='ocr_par' dir='ltr' id='par_1_114' title="bbox 2017 4203 3612 4276">
     <span class='ocr_line' id='line_1_114' title="bbox 2017 4203 3612 4276; baseline 0.002 -17"><span class='ocrx_word' id='word_1_891' title='bbox 2017 4216 2226 4271; x_wconf 89' lang='lat' dir='ltr'><strong>tamcn,</strong></span> <span class='ocrx_word' id='word_1_892' title='bbox 2255 4216 2311 4258; x_wconf 90' lang='lat' dir='ltr'><strong>ut</strong></span> <span class='ocrx_word' id='word_1_893' title='bbox 2341 4203 2476 4258; x_wconf 83' lang='lat' dir='ltr'><strong>infra</strong></span> <span class='ocrx_word' id='word_1_894' title='bbox 2503 4205 3007 4276; x_wconf 83' lang='lat' dir='ltr'><strong>Oppianusdicitnr</strong></span> <span class='ocrx_word' id='word_1_895' title='bbox 3030 4206 3186 4270; x_wconf 75' lang='lat' dir='ltr'><strong>Cilix,</strong></span> <span class='ocrx_word' id='word_1_896' title='bbox 3225 4210 3305 4261; x_wconf 89' lang='lat' dir='ltr'><strong>vel</strong></span> <span class='ocrx_word' id='word_1_897' title='bbox 3333 4208 3484 4276; x_wconf 87' lang='lat' dir='ltr'><strong>juxta</strong></span> <span class='ocrx_word' id='word_1_898' title='bbox 3515 4225 3612 4262; x_wconf 85' lang='lat' dir='ltr'><strong>an-</strong></span> 
     </span>
    </p>
   </div>
   <div class='ocr_carea' id='block_1_115' title="bbox 2020 4275 3608 4350">
    <p class='ocr_par' dir='ltr' id='par_1_115' title="bbox 2020 4275 3608 4350">
     <span class='ocr_line' id='line_1_115' title="bbox 2020 4275 3608 4350; baseline 0.003 -19"><span class='ocrx_word' id='word_1_899' title='bbox 2020 4277 2224 4346; x_wconf 91' lang='lat' dir='ltr'><strong>tiquam</strong></span> <span class='ocrx_word' id='word_1_900' title='bbox 2252 4278 2544 4350; x_wconf 7' lang='lat' dir='ltr'><strong>flectiunem</strong></span> <span class='ocrx_word' id='word_1_901' title='bbox 2567 4275 2775 4350; x_wconf 72' lang='grc' dir='ltr'><strong>Δϐἰιρτε,</strong></span> <span class='ocrx_word' id='word_1_902' title='bbox 2795 4275 2938 4350; x_wconf 84' lang='lat' dir='ltr'><strong>idem</strong></span> <span class='ocrx_word' id='word_1_903' title='bbox 2967 4275 3355 4350; x_wconf 84' lang='lat' dir='ltr'><strong>dicendumde</strong></span> <span class='ocrx_word' id='word_1_904' title='bbox 3385 4279 3608 4350; x_wconf 84' lang='lat' dir='ltr'><strong>Pylade,</strong></span> 
     </span>
    </p>
   </div>
   <div class='ocr_carea' id='block_1_116' title="bbox 2019 4347 3607 4419">
    <p class='ocr_par' dir='ltr' id='par_1_116' title="bbox 2019 4347 3607 4419">
     <span class='ocr_line' id='line_1_116' title="bbox 2019 4347 3607 4419; baseline 0.003 -17"><span class='ocrx_word' id='word_1_905' title='bbox 2019 4351 2158 4403; x_wconf 89' lang='lat' dir='ltr'><strong>sicut</strong></span> <span class='ocrx_word' id='word_1_906' title='bbox 2189 4349 2354 4404; x_wconf 89' lang='lat' dir='ltr'><strong>etiam</strong></span> <span class='ocrx_word' id='word_1_907' title='bbox 2387 4347 2722 4419; x_wconf 85' lang='lat' dir='ltr'><strong>Chrysippus</strong></span> <span class='ocrx_word' id='word_1_908' title='bbox 2749 4349 2952 4402; x_wconf 85' lang='lat' dir='ltr'><strong>dicitur</strong></span> <span class='ocrx_word' id='word_1_909' title='bbox 2982 4349 3142 4411; x_wconf 76' lang='lat' dir='ltr'><strong>Cilix,</strong></span> <span class='ocrx_word' id='word_1_910' title='bbox 3170 4360 3224 4403; x_wconf 91' lang='lat' dir='ltr'><strong>et</strong></span> <span class='ocrx_word' id='word_1_911' title='bbox 3265 4349 3336 4404; x_wconf 90' lang='lat' dir='ltr'><strong>ita</strong></span> <span class='ocrx_word' id='word_1_912' title='bbox 3367 4347 3441 4406; x_wconf 83' lang='lat' dir='ltr'><strong>dc</strong></span> <span class='ocrx_word' id='word_1_913' title='bbox 3462 4347 3607 4407; x_wconf 80' lang='lat' dir='ltr'><strong>aliis.</strong></span> 
     </span>
    </p>
   </div>
   <div class='ocr_carea' id='block_1_117' title="bbox 2021 4420 3610 4489">
    <p class='ocr_par' dir='ltr' id='par_1_117' title="bbox 2021 4420 3610 4489">
     <span class='ocr_line' id='line_1_117' title="bbox 2021 4420 3610 4489; baseline 0.001 -13"><span class='ocrx_word' id='word_1_914' title='bbox 2021 4420 2191 4476; x_wconf 87' lang='lat' dir='ltr'><strong>Porro</strong></span> <span class='ocrx_word' id='word_1_915' title='bbox 2225 4435 2330 4474; x_wconf 91' lang='lat' dir='ltr'><strong>non</strong></span> <span class='ocrx_word' id='word_1_916' title='bbox 2359 4421 2462 4474; x_wconf 91' lang='lat' dir='ltr'><strong>erit</strong></span> <span class='ocrx_word' id='word_1_917' title='bbox 2489 4420 2712 4475; x_wconf 86' lang='lat' dir='ltr'><strong>dillieile</strong></span> <span class='ocrx_word' id='word_1_918' title='bbox 2734 4420 3031 4475; x_wconf 85' lang='lat' dir='ltr'><strong>conciliare</strong></span> <span class='ocrx_word' id='word_1_919' title='bbox 3052 4421 3271 4476; x_wconf 88' lang='lat' dir='ltr'><strong>codices</strong></span> <span class='ocrx_word' id='word_1_920' title='bbox 3291 4464 3306 4489; x_wconf 94' lang='lat'><strong>,</strong></span> <span class='ocrx_word' id='word_1_921' title='bbox 3340 4439 3460 4476; x_wconf 87' lang='lat' dir='ltr'><strong>cum</strong></span> <span class='ocrx_word' id='word_1_922' title='bbox 3489 4440 3610 4478; x_wconf 89' lang='lat' dir='ltr'><strong>om-</strong></span> 
     </span>
    </p>
   </div>
   <div class='ocr_carea' id='block_1_118' title="bbox 2022 4492 3607 4562">
    <p class='ocr_par' dir='ltr' id='par_1_118' title="bbox 2022 4492 3607 4562">
     <span class='ocr_line' id='line_1_118' title="bbox 2022 4492 3607 4562; baseline 0.003 -16"><span class='ocrx_word' id='word_1_923' title='bbox 2022 4508 2117 4546; x_wconf 90' lang='lat' dir='ltr'><strong>nes</strong></span> <span class='ocrx_word' id='word_1_924' title='bbox 2135 4493 2200 4545; x_wconf 93' lang='lat' dir='ltr'><strong>ad</strong></span> <span class='ocrx_word' id='word_1_925' title='bbox 2233 4508 2432 4546; x_wconf 88' lang='lat' dir='ltr'><strong>annum</strong></span> <span class='ocrx_word' id='word_1_926' title='bbox 2463 4492 2536 4545; x_wconf 71' lang='grc'><strong>22</strong></span> <span class='ocrx_word' id='word_1_927' title='bbox 2564 4493 2790 4562; x_wconf 84' lang='lat' dir='ltr'><strong>Augusti</strong></span> <span class='ocrx_word' id='word_1_928' title='bbox 2816 4495 2958 4546; x_wconf 90' lang='lat' dir='ltr'><strong>hunc</strong></span> <span class='ocrx_word' id='word_1_929' title='bbox 2988 4493 3322 4548; x_wconf 78' lang='lat' dir='ltr'><strong>versiculum</strong></span> <span class='ocrx_word' id='word_1_930' title='bbox 3351 4506 3607 4562; x_wconf 90' lang='lat' dir='ltr'><strong>evocent;</strong></span> 
     </span>
    </p>
   </div>
   <div class='ocr_carea' id='block_1_119' title="bbox 2023 4563 2785 4620">
    <p class='ocr_par' dir='ltr' id='par_1_119' title="bbox 2023 4563 2785 4620">
     <span class='ocr_line' id='line_1_119' title="bbox 2023 4563 2785 4620; baseline -0.001 -2"><span class='ocrx_word' id='word_1_931' title='bbox 2023 4579 2123 4619; x_wconf 90' lang='lat' dir='ltr'><strong>nee</strong></span> <span class='ocrx_word' id='word_1_932' title='bbox 2154 4565 2222 4620; x_wconf 89' lang='lat' dir='ltr'><strong>ab</strong></span> <span class='ocrx_word' id='word_1_933' title='bbox 2248 4563 2356 4617; x_wconf 91' lang='lat' dir='ltr'><strong>illis</strong></span> <span class='ocrx_word' id='word_1_934' title='bbox 2377 4564 2635 4618; x_wconf 85' lang='lat' dir='ltr'><strong>dissideat</strong></span> <span class='ocrx_word' id='word_1_935' title='bbox 2669 4565 2785 4617; x_wconf 86' lang='lat' dir='ltr'><strong>Dio.</strong></span> 
     </span>
    </p>
   </div>
   <div class='ocr_carea' id='block_1_120' title="bbox 323 4630 3613 4730">
    <p class='ocr_par' dir='ltr' id='par_1_120' title="bbox 323 4630 3613 4730">
     <span class='ocr_line' id='line_1_120' title="bbox 323 4630 3613 4730; baseline 0.002 -44"><span class='ocrx_word' id='word_1_936' title='bbox 768 4632 1180 4730; x_wconf 52' lang='lat' dir='ltr'><strong>administrasse</strong></span> <span class='ocrx_word' id='word_1_937' title='bbox 1208 4630 1496 4688; x_wconf 78' lang='lat' dir='ltr'><strong>Galatiam.</strong></span> <span class='ocrx_word' id='word_1_938' title='bbox 1540 4630 1684 4689; x_wconf 83' lang='lat' dir='ltr'><strong>idem</strong></span> <span class='ocrx_word' id='word_1_939' title='bbox 1717 4630 1920 4691; x_wconf 88' lang='lat' dir='ltr'><strong>conlir-</strong></span> <span class='ocrx_word' id='word_1_940' title='bbox 1946 4669 2001 4730; x_wconf 72' lang='grc' dir='ltr'>Β</span> <span class='ocrx_word' id='word_1_941' title='bbox 2075 4635 2282 4730; x_wconf 39' lang='lat' dir='ltr'><strong>.(lbidi)</strong></span> <span class='ocrx_word' id='word_1_942' title='bbox 2317 4635 2551 4730; x_wconf 52' lang='lat' dir='ltr'><strong>Tilierius</strong></span> <span class='ocrx_word' id='word_1_943' title='bbox 2578 4635 2639 4730; x_wconf 55' lang='lat' dir='ltr'><strong>a&#39;b</strong></span> <span class='ocrx_word' id='word_1_944' title='bbox 2671 4637 2904 4730; x_wconf 50' lang='lat' dir='ltr'><strong>Auguito</strong></span> <span class='ocrx_word' id='word_1_945' title='bbox 2926 4637 3114 4730; x_wconf 59' lang='lat' dir='ltr'><strong>mislsus</strong></span> <span class='ocrx_word' id='word_1_946' title='bbox 3143 4639 3407 4730; x_wconf 55' lang='lat' dir='ltr'><strong>orfcupav&#39;it</strong></span> <span class='ocrx_word' id='word_1_947' title='bbox 3436 4639 3613 4730; x_wconf 60' lang='lat' dir='ltr'><strong>Arine-</strong></span> 
     </span>
    </p>
   </div>
   <div class='ocr_carea' id='block_1_121' title="bbox 322 4705 895 4760">
    <p class='ocr_par' dir='ltr' id='par_1_121' title="bbox 322 4705 895 4760">
     <span class='ocr_line' id='line_1_121' title="bbox 322 4705 895 4760; baseline -0.005 0"><span class='ocrx_word' id='word_1_948' title='bbox 322 4713 476 4760; x_wconf 88' lang='lat' dir='ltr'><strong>mant</strong></span> <span class='ocrx_word' id='word_1_949' title='bbox 501 4705 671 4758; x_wconf 78' lang='lat' dir='ltr'><strong>Rufus</strong></span> <span class='ocrx_word' id='word_1_950' title='bbox 697 4714 753 4758; x_wconf 87' lang='lat' dir='ltr'><strong>et</strong></span> <span class='ocrx_word' id='word_1_951' title='bbox 781 4705 895 4758; x_wconf 91' lang='lat' dir='ltr'><strong>alii.</strong></span> 
     </span>
    </p>
   </div>
   <div class='ocr_carea' id='block_1_122' title="bbox 398 4775 1923 4848">
    <p class='ocr_par' dir='ltr' id='par_1_122' title="bbox 398 4775 1923 4848">
     <span class='ocr_line' id='line_1_122' title="bbox 398 4775 1923 4848; baseline 0.003 -18"><span class='ocrx_word' id='word_1_952' title='bbox 398 4775 614 4848; x_wconf 55' lang='lat' dir='ltr'><strong>(lbid:)</strong></span> <span class='ocrx_word' id='word_1_953' title='bbox 646 4775 1110 4848; x_wconf 39' lang='lat' dir='ltr'><strong>Augustustcutn</strong></span> <span class='ocrx_word' id='word_1_954' title='bbox 1156 4775 1202 4827; x_wconf 85' lang='lat' dir='ltr'><strong>ei</strong></span> <span class='ocrx_word' id='word_1_955' title='bbox 1252 4777 1553 4830; x_wconf 85' lang='lat' dir='ltr'><strong>monarchia</strong></span> <span class='ocrx_word' id='word_1_956' title='bbox 1601 4778 1923 4848; x_wconf 74' lang='lat' dir='ltr'><strong>deferretur,</strong></span> 
     </span>
    </p>
   </div>
   <div class='ocr_carea' id='block_1_123' title="bbox 324 4846 1926 4918">
    <p class='ocr_par' dir='ltr' id='par_1_123' title="bbox 324 4846 1926 4918">
     <span class='ocr_line' id='line_1_123' title="bbox 324 4846 1926 4918; baseline 0.004 -18"><span class='ocrx_word' id='word_1_957' title='bbox 324 4846 518 4902; x_wconf 82' lang='lat' dir='ltr'><strong>renuit.</strong></span> <span class='ocrx_word' id='word_1_958' title='bbox 547 4847 687 4902; x_wconf 91' lang='lat' dir='ltr'><strong>Sunt</strong></span> <span class='ocrx_word' id='word_1_959' title='bbox 710 4849 827 4900; x_wconf 73' lang='lat' dir='ltr'><strong>hmc</strong></span> <span class='ocrx_word' id='word_1_960' title='bbox 855 4849 908 4902; x_wconf 92' lang='lat' dir='ltr'><strong>in</strong></span> <span class='ocrx_word' id='word_1_961' title='bbox 938 4846 1059 4911; x_wconf 86' lang='lat' dir='ltr'><strong>Fa.,</strong></span> <span class='ocrx_word' id='word_1_962' title='bbox 1088 4847 1188 4918; x_wconf 85' lang='lat' dir='ltr'><strong>L0.</strong></span> <span class='ocrx_word' id='word_1_963' title='bbox 1220 4859 1275 4900; x_wconf 89' lang='lat' dir='ltr'><strong>et</strong></span> <span class='ocrx_word' id='word_1_964' title='bbox 1303 4851 1606 4918; x_wconf 81' lang='lat' dir='ltr'><strong>impressis,</strong></span> <span class='ocrx_word' id='word_1_965' title='bbox 1639 4846 1704 4905; x_wconf 84' lang='lat' dir='ltr'><strong>ad</strong></span> <span class='ocrx_word' id='word_1_966' title='bbox 1738 4869 1828 4905; x_wconf 87' lang='lat' dir='ltr'><strong>an.</strong></span> <span class='ocrx_word' id='word_1_967' title='bbox 1857 4853 1926 4907; x_wconf 88' lang='grc'><strong>19</strong></span> 
     </span>
    </p>
   </div>
   <div class='ocr_carea' id='block_1_124' title="bbox 323 4917 1923 4986">
    <p class='ocr_par' dir='ltr' id='par_1_124' title="bbox 323 4917 1923 4986">
     <span class='ocr_line' id='line_1_124' title="bbox 323 4917 1923 4986; baseline 0.002 -13"><span class='ocrx_word' id='word_1_968' title='bbox 323 4919 586 4986; x_wconf 84' lang='lat' dir='ltr'><strong>Augusti;</strong></span> <span class='ocrx_word' id='word_1_969' title='bbox 615 4918 668 4971; x_wconf 93' lang='lat' dir='ltr'><strong>in</strong></span> <span class='ocrx_word' id='word_1_970' title='bbox 692 4919 862 4983; x_wconf 83' lang='lat' dir='ltr'><strong>Fux.,</strong></span> <span class='ocrx_word' id='word_1_971' title='bbox 887 4918 975 4982; x_wconf 93' lang='lat'><strong>0.,</strong></span> <span class='ocrx_word' id='word_1_972' title='bbox 1008 4919 1115 4983; x_wconf 77' lang='lat' dir='ltr'><strong>\ii.,</strong></span> <span class='ocrx_word' id='word_1_973' title='bbox 1148 4917 1270 4983; x_wconf 88' lang='lat' dir='ltr'><strong>Fa.,</strong></span> <span class='ocrx_word' id='word_1_974' title='bbox 1301 4917 1408 4984; x_wconf 78' lang='lat' dir='ltr'><strong>Pi.,</strong></span> <span class='ocrx_word' id='word_1_975' title='bbox 1434 4920 1608 4974; x_wconf 90' lang='lat' dir='ltr'><strong>tribus</strong></span> <span class='ocrx_word' id='word_1_976' title='bbox 1635 4938 1766 4977; x_wconf 88' lang='lat' dir='ltr'><strong>mss.</strong></span> <span class='ocrx_word' id='word_1_977' title='bbox 1791 4923 1923 4976; x_wconf 85' lang='lat' dir='ltr'><strong>Fab.</strong></span> 
     </span>
    </p>
   </div>
   <div class='ocr_carea' id='block_1_125' title="bbox 324 4988 1924 5062">
    <p class='ocr_par' dir='ltr' id='par_1_125' title="bbox 324 4988 1924 5062">
     <span class='ocr_line' id='line_1_125' title="bbox 324 4988 1924 5062; baseline 0.003 -17"><span class='ocrx_word' id='word_1_978' title='bbox 324 5001 382 5046; x_wconf 90' lang='lat' dir='ltr'><strong>et</strong></span> <span class='ocrx_word' id='word_1_979' title='bbox 411 4989 547 5045; x_wconf 86' lang='lat' dir='ltr'><strong>Mar.</strong></span> <span class='ocrx_word' id='word_1_980' title='bbox 570 5031 586 5059; x_wconf 95' lang='lat'><strong>,</strong></span> <span class='ocrx_word' id='word_1_981' title='bbox 614 4989 678 5044; x_wconf 88' lang='lat' dir='ltr'><strong>ad</strong></span> <span class='ocrx_word' id='word_1_982' title='bbox 702 5006 908 5062; x_wconf 87' lang='lat' dir='ltr'><strong>annum</strong></span> <span class='ocrx_word' id='word_1_983' title='bbox 938 4988 1030 5045; x_wconf 79' lang='lat'><strong>‘20.</strong></span> <span class='ocrx_word' id='word_1_984' title='bbox 1060 4989 1342 5057; x_wconf 86' lang='lat' dir='ltr'><strong>Quodnam</strong></span> <span class='ocrx_word' id='word_1_985' title='bbox 1378 4989 1568 5045; x_wconf 88' lang='lat' dir='ltr'><strong>horum</strong></span> <span class='ocrx_word' id='word_1_986' title='bbox 1598 4994 1786 5062; x_wconf 83' lang='lat' dir='ltr'><strong>eligas,</strong></span> <span class='ocrx_word' id='word_1_987' title='bbox 1819 5011 1924 5049; x_wconf 92' lang='lat' dir='ltr'><strong>non</strong></span> 
     </span>
    </p>
   </div>
   <div class='ocr_carea' id='block_1_126' title="bbox 327 5061 1928 5134">
    <p class='ocr_par' dir='ltr' id='par_1_126' title="bbox 327 5061 1928 5134">
     <span class='ocr_line' id='line_1_126' title="bbox 327 5061 1928 5134; baseline 0.002 -19"><span class='ocrx_word' id='word_1_988' title='bbox 327 5063 466 5118; x_wconf 85' lang='lat' dir='ltr'><strong>adeo</strong></span> <span class='ocrx_word' id='word_1_989' title='bbox 494 5073 577 5117; x_wconf 88' lang='lat' dir='ltr'><strong>est</strong></span> <span class='ocrx_word' id='word_1_990' title='bbox 610 5061 770 5116; x_wconf 71' lang='lat' dir='ltr'><strong>facile</strong></span> <span class='ocrx_word' id='word_1_991' title='bbox 799 5073 1082 5134; x_wconf 78' lang='lat' dir='ltr'><strong>Statuere;</strong></span> <span class='ocrx_word' id='word_1_992' title='bbox 1115 5063 1516 5134; x_wconf 81' lang='lat' dir='ltr'><strong>nec_quomodo</strong></span> <span class='ocrx_word' id='word_1_993' title='bbox 1546 5061 1818 5134; x_wconf 84' lang='lat' dir='ltr'><strong>Augustus</strong></span> <span class='ocrx_word' id='word_1_994' title='bbox 1844 5066 1928 5119; x_wconf 84' lang='lat' dir='ltr'><strong>di-</strong></span> 
     </span>
    </p>
   </div>
   <div class='ocr_carea' id='block_1_127' title="bbox 325 5131 1923 5203">
    <p class='ocr_par' dir='ltr' id='par_1_127' title="bbox 325 5131 1923 5203">
     <span class='ocr_line' id='line_1_127' title="bbox 325 5131 1923 5203; baseline 0.003 -16"><span class='ocrx_word' id='word_1_995' title='bbox 325 5144 479 5188; x_wconf 88' lang='lat' dir='ltr'><strong>catur</strong></span> <span class='ocrx_word' id='word_1_996' title='bbox 505 5134 740 5189; x_wconf 85' lang='lat' dir='ltr'><strong>renuisse</strong></span> <span class='ocrx_word' id='word_1_997' title='bbox 782 5132 1165 5187; x_wconf 87' lang='lat' dir='ltr'><strong>monarchiam.</strong></span> <span class='ocrx_word' id='word_1_998' title='bbox 1219 5131 1417 5188; x_wconf 83' lang='lat' dir='ltr'><strong>Narrat</strong></span> <span class='ocrx_word' id='word_1_999' title='bbox 1450 5131 1668 5203; x_wconf 82' lang='lat' dir='ltr'><strong>quidem</strong></span> <span class='ocrx_word' id='word_1_1000' title='bbox 1701 5136 1797 5190; x_wconf 81' lang='lat' dir='ltr'><strong>Dio</strong></span> <span class='ocrx_word' id='word_1_1001' title='bbox 1830 5138 1923 5191; x_wconf 90' lang='lat' dir='ltr'><strong>lib.</strong></span> 
     </span>
    </p>
   </div>
   <div class='ocr_carea' id='block_1_128' title="bbox 327 5203 1928 5275">
    <p class='ocr_par' dir='ltr' id='par_1_128' title="bbox 327 5203 1928 5275">
     <span class='ocr_line' id='line_1_128' title="bbox 327 5203 1928 5275; baseline 0 -14"><span class='ocrx_word' id='word_1_1002' title='bbox 327 5220 444 5271; x_wconf 85' lang='lat' dir='ltr'><strong>Lm,</strong></span> <span class='ocrx_word' id='word_1_1003' title='bbox 476 5208 780 5274; x_wconf 87' lang='lat' dir='ltr'><strong>Augustum</strong></span> <span class='ocrx_word' id='word_1_1004' title='bbox 808 5205 861 5259; x_wconf 96' lang='lat' dir='ltr'><strong>in</strong></span> <span class='ocrx_word' id='word_1_1005' title='bbox 895 5220 996 5259; x_wconf 91' lang='lat' dir='ltr'><strong>suo</strong></span> <span class='ocrx_word' id='word_1_1006' title='bbox 1023 5203 1309 5258; x_wconf 88' lang='lat' dir='ltr'><strong>consulatu</strong></span> <span class='ocrx_word' id='word_1_1007' title='bbox 1333 5221 1384 5259; x_wconf 86' lang='lat' dir='ltr'><strong>v1</strong></span> <span class='ocrx_word' id='word_1_1008' title='bbox 1412 5215 1466 5260; x_wconf 89' lang='lat' dir='ltr'><strong>et</strong></span> <span class='ocrx_word' id='word_1_1009' title='bbox 1491 5205 1652 5261; x_wconf 88' lang='lat' dir='ltr'><strong>Urbis</strong></span> <span class='ocrx_word' id='word_1_1010' title='bbox 1678 5209 1800 5275; x_wconf 76' lang='lat'><strong>7:26,</strong></span> <span class='ocrx_word' id='word_1_1011' title='bbox 1832 5208 1928 5262; x_wconf 90' lang='lat' dir='ltr'><strong>ha-</strong></span> 
     </span>
    </p>
   </div>
   <div class='ocr_carea' id='block_1_129' title="bbox 329 5277 1927 5347">
    <p class='ocr_par' dir='ltr' id='par_1_129' title="bbox 329 5277 1927 5347">
     <span class='ocr_line' id='line_1_129' title="bbox 329 5277 1927 5347; baseline 0.001 -15"><span class='ocrx_word' id='word_1_1012' title='bbox 329 5279 517 5332; x_wconf 83' lang='lat' dir='ltr'><strong>buisse</strong></span> <span class='ocrx_word' id='word_1_1013' title='bbox 548 5277 850 5332; x_wconf 90' lang='lat' dir='ltr'><strong>orationem</strong></span> <span class='ocrx_word' id='word_1_1014' title='bbox 878 5278 946 5330; x_wconf 89' lang='lat' dir='ltr'><strong>ad</strong></span> <span class='ocrx_word' id='word_1_1015' title='bbox 989 5286 1260 5341; x_wconf 90' lang='lat' dir='ltr'><strong>senatum,</strong></span> <span class='ocrx_word' id='word_1_1016' title='bbox 1304 5293 1409 5346; x_wconf 90' lang='lat' dir='ltr'><strong>qua</strong></span> <span class='ocrx_word' id='word_1_1017' title='bbox 1455 5291 1606 5330; x_wconf 88' lang='lat' dir='ltr'><strong>omne</strong></span> <span class='ocrx_word' id='word_1_1018' title='bbox 1653 5281 1927 5347; x_wconf 84' lang='lat' dir='ltr'><strong>imperium</strong></span> 
     </span>
    </p>
   </div>
   <div class='ocr_carea' id='block_1_130' title="bbox 329 5347 1922 5421">
    <p class='ocr_par' dir='ltr' id='par_1_130' title="bbox 329 5347 1922 5421">
     <span class='ocr_line' id='line_1_130' title="bbox 329 5347 1922 5421; baseline 0.003 -21"><span class='ocrx_word' id='word_1_1019' title='bbox 329 5349 576 5416; x_wconf 79' lang='lat' dir='ltr'><strong>deposuit</strong></span> <span class='ocrx_word' id='word_1_1020' title='bbox 603 5365 620 5400; x_wconf 94' lang='grc'><strong>.·</strong></span> <span class='ocrx_word' id='word_1_1021' title='bbox 645 5348 855 5402; x_wconf 88' lang='lat' dir='ltr'><strong>tandem</strong></span> <span class='ocrx_word' id='word_1_1022' title='bbox 901 5347 1084 5401; x_wconf 88' lang='lat' dir='ltr'><strong>multis</strong></span> <span class='ocrx_word' id='word_1_1023' title='bbox 1136 5350 1451 5421; x_wconf 83' lang='lat' dir='ltr'><strong>argumentis</strong></span> <span class='ocrx_word' id='word_1_1024' title='bbox 1500 5351 1816 5421; x_wconf 57' lang='lat' dir='ltr'><strong>adductum,</strong></span> <span class='ocrx_word' id='word_1_1025' title='bbox 1868 5362 1922 5404; x_wconf 89' lang='lat' dir='ltr'><strong>ut</strong></span> 
     </span>
    </p>
   </div>
   <div class='ocr_carea' id='block_1_131' title="bbox 332 5419 1926 5490">
    <p class='ocr_par' dir='ltr' id='par_1_131' title="bbox 332 5419 1926 5490">
     <span class='ocr_line' id='line_1_131' title="bbox 332 5419 1926 5490; baseline 0.003 -18"><span class='ocrx_word' id='word_1_1026' title='bbox 332 5421 686 5490; x_wconf 81' lang='lat' dir='ltr'><strong>principatum</strong></span> <span class='ocrx_word' id='word_1_1027' title='bbox 735 5422 875 5474; x_wconf 84' lang='lat' dir='ltr'><strong>solus</strong></span> <span class='ocrx_word' id='word_1_1028' title='bbox 917 5421 1188 5484; x_wconf 83' lang='lat' dir='ltr'><strong>obtineret,</strong></span> <span class='ocrx_word' id='word_1_1029' title='bbox 1233 5419 1332 5471; x_wconf 83' lang='lat' dir='ltr'><strong>hac</strong></span> <span class='ocrx_word' id='word_1_1030' title='bbox 1361 5429 1471 5473; x_wconf 82' lang='lat' dir='ltr'><strong>arte</strong></span> <span class='ocrx_word' id='word_1_1031' title='bbox 1503 5421 1755 5488; x_wconf 75' lang='lat' dir='ltr'><strong>effecisse,</strong></span> <span class='ocrx_word' id='word_1_1032' title='bbox 1802 5419 1856 5476; x_wconf 81' lang='lat' dir='ltr'><strong>ut</strong></span> <span class='ocrx_word' id='word_1_1033' title='bbox 1895 5441 1926 5477; x_wconf 91' lang='lat' dir='ltr'><strong>a</strong></span> 
     </span>
    </p>
   </div>
   <div class='ocr_carea' id='block_1_132' title="bbox 330 5491 1926 5566">
    <p class='ocr_par' dir='ltr' id='par_1_132' title="bbox 330 5491 1926 5566">
     <span class='ocr_line' id='line_1_132' title="bbox 330 5491 1926 5566; baseline 0.003 -22"><span class='ocrx_word' id='word_1_1034' title='bbox 330 5502 520 5566; x_wconf 87' lang='lat' dir='ltr'><strong>s_enatu</strong></span> <span class='ocrx_word' id='word_1_1035' title='bbox 552 5491 845 5566; x_wconf 75' lang='lat' dir='ltr'><strong>papuloque</strong></span> <span class='ocrx_word' id='word_1_1036' title='bbox 880 5492 1308 5566; x_wconf 83' lang='lat' dir='ltr'><strong>conﬁrmaretur.</strong></span> <span class='ocrx_word' id='word_1_1037' title='bbox 1361 5491 1685 5566; x_wconf 12' lang='lat' dir='ltr'><strong>Tameniquo</strong></span> <span class='ocrx_word' id='word_1_1038' title='bbox 1716 5495 1926 5566; x_wconf 85' lang='lat' dir='ltr'><strong>longius</strong></span> 
     </span>
    </p>
   </div>
   <div class='ocr_carea' id='block_1_133' title="bbox 332 5563 1924 5638">
    <p class='ocr_par' dir='ltr' id='par_1_133' title="bbox 332 5563 1924 5638">
     <span class='ocr_line' id='line_1_133' title="bbox 332 5563 1924 5638; baseline 0.002 -20"><span class='ocrx_word' id='word_1_1039' title='bbox 332 5563 604 5638; x_wconf 79' lang='lat' dir='ltr'><strong>Romanos</strong></span> <span class='ocrx_word' id='word_1_1040' title='bbox 630 5581 662 5616; x_wconf 88' lang='lat' dir='ltr'><strong>a</strong></span> <span class='ocrx_word' id='word_1_1041' title='bbox 692 5565 984 5638; x_wconf 78' lang='lat' dir='ltr'><strong>suspicione</strong></span> <span class='ocrx_word' id='word_1_1042' title='bbox 1005 5564 1170 5638; x_wconf 62' lang='lat' dir='ltr'><strong>regia:</strong></span> <span class='ocrx_word' id='word_1_1043' title='bbox 1201 5565 1470 5631; x_wconf 84' lang='lat' dir='ltr'><strong>potestatis</strong></span> <span class='ocrx_word' id='word_1_1044' title='bbox 1507 5565 1604 5617; x_wconf 85' lang='lat' dir='ltr'><strong>sibi</strong></span> <span class='ocrx_word' id='word_1_1045' title='bbox 1649 5563 1924 5638; x_wconf 76' lang='lat' dir='ltr'><strong>proposita:</strong></span> 
     </span>
    </p>
   </div>
   <div class='ocr_carea' id='block_1_134' title="bbox 335 5634 1928 5708">
    <p class='ocr_par' dir='ltr' id='par_1_134' title="bbox 335 5634 1928 5708">
     <span class='ocr_line' id='line_1_134' title="bbox 335 5634 1928 5708; baseline 0.003 -22"><span class='ocrx_word' id='word_1_1046' title='bbox 335 5635 633 5708; x_wconf 72' lang='lat' dir='ltr'><strong>abduceret,</strong></span> <span class='ocrx_word' id='word_1_1047' title='bbox 671 5635 840 5688; x_wconf 82' lang='lat' dir='ltr'><strong>divisit</strong></span> <span class='ocrx_word' id='word_1_1048' title='bbox 869 5634 1408 5708; x_wconf 70' lang='lat' dir='ltr'><strong>provinciasinlerse</strong></span> <span class='ocrx_word' id='word_1_1049' title='bbox 1429 5644 1476 5688; x_wconf 85' lang='lat' dir='ltr'><strong>et</strong></span> <span class='ocrx_word' id='word_1_1050' title='bbox 1499 5634 1808 5692; x_wconf 42' lang='lat' dir='ltr'><strong>senatum&#39;et</strong></span> <span class='ocrx_word' id='word_1_1051' title='bbox 1834 5655 1928 5708; x_wconf 85' lang='lat' dir='ltr'><strong>p0-</strong></span> 
     </span>
    </p>
   </div>
   <div class='ocr_carea' id='block_1_135' title="bbox 337 5705 1930 5780">
    <p class='ocr_par' dir='ltr' id='par_1_135' title="bbox 337 5705 1930 5780">
     <span class='ocr_line' id='line_1_135' title="bbox 337 5705 1930 5780; baseline 0.003 -21"><span class='ocrx_word' id='word_1_1052' title='bbox 337 5709 522 5780; x_wconf 84' lang='lat' dir='ltr'><strong>pulum</strong></span> <span class='ocrx_word' id='word_1_1053' title='bbox 557 5705 735 5780; x_wconf 67' lang='lat' dir='ltr'><strong>llam.,</strong></span> <span class='ocrx_word' id='word_1_1054' title='bbox 767 5721 858 5759; x_wconf 89' lang='lat' dir='ltr'><strong>nec</strong></span> <span class='ocrx_word' id='word_1_1055' title='bbox 896 5706 1118 5780; x_wconf 75' lang='lat' dir='ltr'><strong>suscepit</strong></span> <span class='ocrx_word' id='word_1_1056' title='bbox 1162 5705 1441 5778; x_wconf 88' lang='lat' dir='ltr'><strong>imperium</strong></span> <span class='ocrx_word' id='word_1_1057' title='bbox 1486 5707 1540 5759; x_wconf 88' lang='lat' dir='ltr'><strong>in</strong></span> <span class='ocrx_word' id='word_1_1058' title='bbox 1570 5725 1692 5762; x_wconf 90' lang='lat' dir='ltr'><strong>suas</strong></span> <span class='ocrx_word' id='word_1_1059' title='bbox 1722 5705 1930 5780; x_wconf 68' lang='lat' dir='ltr'><strong>prouin-</strong></span> 
     </span>
    </p>
   </div>
   <div class='ocr_carea' id='block_1_136' title="bbox 339 5775 1930 5850">
    <p class='ocr_par' dir='ltr' id='par_1_136' title="bbox 339 5775 1930 5850">
     <span class='ocr_line' id='line_1_136' title="bbox 339 5775 1930 5850; baseline 0.003 -19"><span class='ocrx_word' id='word_1_1060' title='bbox 339 5779 469 5839; x_wconf 86' lang='lat' dir='ltr'><strong>cias,</strong></span> <span class='ocrx_word' id='word_1_1061' title='bbox 521 5777 622 5830; x_wconf 87' lang='lat' dir='ltr'><strong>nisi</strong></span> <span class='ocrx_word' id='word_1_1062' title='bbox 662 5778 962 5843; x_wconf 80' lang='lat' dir='ltr'><strong>decennale,</strong></span> <span class='ocrx_word' id='word_1_1063' title='bbox 995 5775 1091 5830; x_wconf 84' lang='lat' dir='ltr'><strong>hoc</strong></span> <span class='ocrx_word' id='word_1_1064' title='bbox 1130 5775 1291 5850; x_wconf 76' lang='lat' dir='ltr'><strong>etiam</strong></span> <span class='ocrx_word' id='word_1_1065' title='bbox 1329 5781 1595 5850; x_wconf 89' lang='lat' dir='ltr'><strong>jactanter</strong></span> <span class='ocrx_word' id='word_1_1066' title='bbox 1641 5775 1841 5845; x_wconf 72' lang='lat' dir='ltr'><strong>addito,</strong></span> <span class='ocrx_word' id='word_1_1067' title='bbox 1884 5783 1930 5835; x_wconf 87' lang='lat' dir='ltr'><strong>si</strong></span> 
     </span>
    </p>
   </div>
   <div class='ocr_carea' id='block_1_137' title="bbox 340 5849 1931 5924">
    <p class='ocr_par' dir='ltr' id='par_1_137' title="bbox 340 5849 1931 5924">
     <span class='ocr_line' id='line_1_137' title="bbox 340 5849 1931 5924; baseline 0.003 -22"><span class='ocrx_word' id='word_1_1068' title='bbox 340 5849 558 5924; x_wconf 85' lang='lat' dir='ltr'><strong>breviori</strong></span> <span class='ocrx_word' id='word_1_1069' title='bbox 588 5850 754 5924; x_wconf 72' lang='lat' dir='ltr'><strong>spatio</strong></span> <span class='ocrx_word' id='word_1_1070' title='bbox 785 5859 956 5924; x_wconf 73' lang='lat' dir='ltr'><strong>posset</strong></span> <span class='ocrx_word' id='word_1_1071' title='bbox 979 5863 1064 5903; x_wconf 90' lang='lat' dir='ltr'><strong>eos</strong></span> <span class='ocrx_word' id='word_1_1072' title='bbox 1085 5849 1362 5924; x_wconf 68' lang='lat' dir='ltr'><strong>subjiqere,</strong></span> <span class='ocrx_word' id='word_1_1073' title='bbox 1381 5865 1440 5903; x_wconf 87' lang='lat' dir='ltr'><strong>eo</strong></span> <span class='ocrx_word' id='word_1_1074' title='bbox 1467 5853 1619 5906; x_wconf 87' lang='lat' dir='ltr'><strong>citius</strong></span> <span class='ocrx_word' id='word_1_1075' title='bbox 1642 5869 1694 5906; x_wconf 86' lang='lat' dir='ltr'><strong>se</strong></span> <span class='ocrx_word' id='word_1_1076' title='bbox 1716 5853 1931 5924; x_wconf 87' lang='lat' dir='ltr'><strong>imperio</strong></span> 
     </span>
    </p>
   </div>
   <div class='ocr_carea' id='block_1_138' title="bbox 341 5921 1932 5992">
    <p class='ocr_par' dir='ltr' id='par_1_138' title="bbox 341 5921 1932 5992">
     <span class='ocr_line' id='line_1_138' title="bbox 341 5921 1932 5992; baseline 0.005 -17"><span class='ocrx_word' id='word_1_1077' title='bbox 341 5921 674 5978; x_wconf 84' lang='lat' dir='ltr'><strong>destiturum.</strong></span> <span class='ocrx_word' id='word_1_1078' title='bbox 705 5921 817 5978; x_wconf 86' lang='lat' dir='ltr'><strong>llac</strong></span> <span class='ocrx_word' id='word_1_1079' title='bbox 845 5921 1058 5978; x_wconf 87' lang='lat' dir='ltr'><strong>ratione</strong></span> <span class='ocrx_word' id='word_1_1080' title='bbox 1083 5921 1388 5992; x_wconf 88' lang='lat' dir='ltr'><strong>repudiatio</strong></span> <span class='ocrx_word' id='word_1_1081' title='bbox 1419 5924 1757 5982; x_wconf 73' lang='lat' dir='ltr'><strong>monarchiae</strong></span> <span class='ocrx_word' id='word_1_1082' title='bbox 1788 5921 1932 5983; x_wconf 62' lang='lat' dir='ltr'><strong>&#39;con—</strong></span> 
     </span>
    </p>
   </div>
   <div class='ocr_carea' id='block_1_139' title="bbox 2030 4706 3612 4779">
    <p class='ocr_par' dir='ltr' id='par_1_139' title="bbox 2030 4706 3612 4779">
     <span class='ocr_line' id='line_1_139' title="bbox 2030 4706 3612 4779; baseline 0.004 -19"><span class='ocrx_word' id='word_1_1083' title='bbox 2030 4708 2195 4762; x_wconf 87' lang='lat' dir='ltr'><strong>niam.</strong></span> <span class='ocrx_word' id='word_1_1084' title='bbox 2220 4706 2720 4779; x_wconf 78' lang='lat' dir='ltr'><strong>Ascribunturlnce</strong></span> <span class='ocrx_word' id='word_1_1085' title='bbox 2746 4706 2796 4761; x_wconf 74' lang='lat' dir='ltr'><strong>in</strong></span> <span class='ocrx_word' id='word_1_1086' title='bbox 2822 4707 2982 4775; x_wconf 74' lang='lat' dir='ltr'><strong>Fux.,</strong></span> <span class='ocrx_word' id='word_1_1087' title='bbox 3009 4707 3129 4771; x_wconf 87' lang='lat' dir='ltr'><strong>Fa.,</strong></span> <span class='ocrx_word' id='word_1_1088' title='bbox 3156 4706 3328 4776; x_wconf 82' lang='lat' dir='ltr'><strong>Peta.,</strong></span> <span class='ocrx_word' id='word_1_1089' title='bbox 3355 4711 3478 4778; x_wconf 88' lang='lat' dir='ltr'><strong>Lo.,</strong></span> <span class='ocrx_word' id='word_1_1090' title='bbox 3505 4713 3612 4779; x_wconf 75' lang='lat' dir='ltr'><strong>Pi.,</strong></span> 
     </span>
    </p>
   </div>
   <div class='ocr_carea' id='block_1_140' title="bbox 2028 4778 3615 4850">
    <p class='ocr_par' dir='ltr' id='par_1_140' title="bbox 2028 4778 3615 4850">
     <span class='ocr_line' id='line_1_140' title="bbox 2028 4778 3615 4850; baseline 0.003 -17"><span class='ocrx_word' id='word_1_1091' title='bbox 2028 4779 2198 4846; x_wconf 85' lang='lat' dir='ltr'><strong>ltlac.,</strong></span> <span class='ocrx_word' id='word_1_1092' title='bbox 2232 4781 2390 4843; x_wconf 87' lang='lat' dir='ltr'><strong>Mar.,</strong></span> <span class='ocrx_word' id='word_1_1093' title='bbox 2420 4793 2562 4832; x_wconf 90' lang='lat' dir='ltr'><strong>anno</strong></span> <span class='ocrx_word' id='word_1_1094' title='bbox 2587 4778 2722 4850; x_wconf 19' lang='lat' dir='ltr'><strong>237A</strong></span> <span class='ocrx_word' id='word_1_1095' title='bbox 2736 4781 2934 4849; x_wconf 80' lang='lat' dir='ltr'><strong>uguSti,</strong></span> <span class='ocrx_word' id='word_1_1096' title='bbox 2964 4791 3093 4834; x_wconf 90' lang='lat' dir='ltr'><strong>utet</strong></span> <span class='ocrx_word' id='word_1_1097' title='bbox 3115 4782 3426 4850; x_wconf 89' lang='lat' dir='ltr'><strong>impressis;</strong></span> <span class='ocrx_word' id='word_1_1098' title='bbox 3457 4799 3615 4837; x_wconf 87' lang='lat' dir='ltr'><strong>exce-</strong></span> 
     </span>
    </p>
   </div>
   <div class='ocr_carea' id='block_1_141' title="bbox 2029 4849 3609 4918">
    <p class='ocr_par' dir='ltr' id='par_1_141' title="bbox 2029 4849 3609 4918">
     <span class='ocr_line' id='line_1_141' title="bbox 2029 4849 3609 4918; baseline 0.002 -14"><span class='ocrx_word' id='word_1_1099' title='bbox 2029 4851 2167 4904; x_wconf 88' lang='lat' dir='ltr'><strong>dunt</strong></span> <span class='ocrx_word' id='word_1_1100' title='bbox 2197 4850 2294 4904; x_wconf 90' lang='lat' dir='ltr'><strong>has</strong></span> <span class='ocrx_word' id='word_1_1101' title='bbox 2327 4861 2498 4904; x_wconf 89' lang='lat' dir='ltr'><strong>metas</strong></span> <span class='ocrx_word' id='word_1_1102' title='bbox 2525 4851 2614 4914; x_wconf 89' lang='lat'><strong>0.,</strong></span> <span class='ocrx_word' id='word_1_1103' title='bbox 2649 4849 2758 4914; x_wconf 88' lang='lat' dir='ltr'><strong>Vi.,</strong></span> <span class='ocrx_word' id='word_1_1104' title='bbox 2793 4853 2884 4918; x_wconf 90' lang='lat' dir='ltr'><strong>qui</strong></span> <span class='ocrx_word' id='word_1_1105' title='bbox 2915 4849 3202 4905; x_wconf 80' lang='lat' dir='ltr'><strong>conferunt</strong></span> <span class='ocrx_word' id='word_1_1106' title='bbox 3232 4867 3355 4906; x_wconf 92' lang='lat' dir='ltr'><strong>cum</strong></span> <span class='ocrx_word' id='word_1_1107' title='bbox 3398 4870 3485 4907; x_wconf 87' lang='lat' dir='ltr'><strong>an.</strong></span> <span class='ocrx_word' id='word_1_1108' title='bbox 3518 4853 3609 4908; x_wconf 70' lang='grc'>914.</span> 
     </span>
    </p>
   </div>
   <div class='ocr_carea' id='block_1_142' title="bbox 2033 4921 3616 4991">
    <p class='ocr_par' dir='ltr' id='par_1_142' title="bbox 2033 4921 3616 4991">
     <span class='ocr_line' id='line_1_142' title="bbox 2033 4921 3616 4991; baseline 0.003 -15"><span class='ocrx_word' id='word_1_1109' title='bbox 2033 4921 2128 4976; x_wconf 89' lang='lat' dir='ltr'><strong>His</strong></span> <span class='ocrx_word' id='word_1_1110' title='bbox 2155 4922 2434 4976; x_wconf 88' lang='lat' dir='ltr'><strong>addendus</strong></span> <span class='ocrx_word' id='word_1_1111' title='bbox 2467 4921 2566 4974; x_wconf 88' lang='lat' dir='ltr'><strong>Dio</strong></span> <span class='ocrx_word' id='word_1_1112' title='bbox 2597 4921 2693 4976; x_wconf 92' lang='lat' dir='ltr'><strong>lib.</strong></span> <span class='ocrx_word' id='word_1_1113' title='bbox 2722 4938 2830 4984; x_wconf 80' lang='lat' dir='ltr'><strong>Liv,</strong></span> <span class='ocrx_word' id='word_1_1114' title='bbox 2859 4923 2950 4991; x_wconf 91' lang='lat' dir='ltr'><strong>qui</strong></span> <span class='ocrx_word' id='word_1_1115' title='bbox 2972 4921 3089 4976; x_wconf 65' lang='lat' dir='ltr'><strong>hinc</strong></span> <span class='ocrx_word' id='word_1_1116' title='bbox 3129 4922 3303 4977; x_wconf 83' lang='lat' dir='ltr'><strong>refert</strong></span> <span class='ocrx_word' id='word_1_1117' title='bbox 3330 4924 3396 4979; x_wconf 89' lang='lat' dir='ltr'><strong>ad</strong></span> <span class='ocrx_word' id='word_1_1118' title='bbox 3418 4939 3616 4980; x_wconf 86' lang='lat' dir='ltr'><strong>consu-</strong></span> 
     </span>
    </p>
   </div>
   <div class='ocr_carea' id='block_1_143' title="bbox 2032 4992 3618 5064">
    <p class='ocr_par' dir='ltr' id='par_1_143' title="bbox 2032 4992 3618 5064">
     <span class='ocr_line' id='line_1_143' title="bbox 2032 4992 3618 5064; baseline 0.003 -17"><span class='ocrx_word' id='word_1_1119' title='bbox 2032 4995 2200 5047; x_wconf 87' lang='lat' dir='ltr'><strong>latum</strong></span> <span class='ocrx_word' id='word_1_1120' title='bbox 2216 4993 2420 5064; x_wconf 87' lang='lat' dir='ltr'><strong>Apuleii</strong></span> <span class='ocrx_word' id='word_1_1121' title='bbox 2443 5002 2487 5046; x_wconf 85' lang='lat' dir='ltr'><strong>et</strong></span> <span class='ocrx_word' id='word_1_1122' title='bbox 2513 4992 2656 5061; x_wconf 86' lang='lat' dir='ltr'><strong>Silii,</strong></span> <span class='ocrx_word' id='word_1_1123' title='bbox 2683 4993 2796 5061; x_wconf 91' lang='lat' dir='ltr'><strong>qui,</strong></span> <span class='ocrx_word' id='word_1_1124' title='bbox 2829 5003 2886 5046; x_wconf 92' lang='lat' dir='ltr'><strong>nt</strong></span> <span class='ocrx_word' id='word_1_1125' title='bbox 2909 4994 3044 5057; x_wconf 80' lang='lat' dir='ltr'><strong>dixi,</strong></span> <span class='ocrx_word' id='word_1_1126' title='bbox 3071 4993 3216 5061; x_wconf 81' lang='lat' dir='ltr'><strong>juxta</strong></span> <span class='ocrx_word' id='word_1_1127' title='bbox 3247 4994 3438 5052; x_wconf 88' lang='lat' dir='ltr'><strong>Fastos</strong></span> <span class='ocrx_word' id='word_1_1128' title='bbox 3467 4997 3618 5052; x_wconf 82' lang='lat' dir='ltr'><strong>Onu-</strong></span> 
     </span>
    </p>
   </div>
   <div class='ocr_carea' id='block_1_144' title="bbox 2033 5065 3618 5135">
    <p class='ocr_par' dir='ltr' id='par_1_144' title="bbox 2033 5065 3618 5135">
     <span class='ocr_line' id='line_1_144' title="bbox 2033 5065 3618 5135; baseline 0.004 -17"><span class='ocrx_word' id='word_1_1129' title='bbox 2033 5065 2196 5134; x_wconf 88' lang='lat' dir='ltr'><strong>phrii,</strong></span> <span class='ocrx_word' id='word_1_1130' title='bbox 2217 5067 2495 5119; x_wconf 76' lang='lat' dir='ltr'><strong>confertur</strong></span> <span class='ocrx_word' id='word_1_1131' title='bbox 2517 5080 2635 5118; x_wconf 90' lang='lat' dir='ltr'><strong>eum</strong></span> <span class='ocrx_word' id='word_1_1132' title='bbox 2663 5071 2798 5119; x_wconf 74' lang='lat' dir='ltr'><strong>an.‘l</strong></span> <span class='ocrx_word' id='word_1_1133' title='bbox 2829 5067 3033 5135; x_wconf 84' lang='lat' dir='ltr'><strong>olymp.</strong></span> <span class='ocrx_word' id='word_1_1134' title='bbox 3063 5066 3186 5131; x_wconf 88' lang='grc'>190,</span> <span class='ocrx_word' id='word_1_1135' title='bbox 3215 5065 3262 5120; x_wconf 91' lang='lat' dir='ltr'><strong>is</strong></span> <span class='ocrx_word' id='word_1_1136' title='bbox 3287 5082 3417 5124; x_wconf 88' lang='lat' dir='ltr'><strong>vero</strong></span> <span class='ocrx_word' id='word_1_1137' title='bbox 3440 5069 3618 5125; x_wconf 86' lang='lat' dir='ltr'><strong>incur-</strong></span> 
     </span>
    </p>
   </div>
   <div class='ocr_carea' id='block_1_145' title="bbox 2032 5137 2666 5206">
    <p class='ocr_par' dir='ltr' id='par_1_145' title="bbox 2032 5137 2666 5206">
     <span class='ocr_line' id='line_1_145' title="bbox 2032 5137 2666 5206; baseline -0.002 -15"><span class='ocrx_word' id='word_1_1138' title='bbox 2032 5138 2104 5191; x_wconf 86' lang='lat' dir='ltr'><strong>rit</strong></span> <span class='ocrx_word' id='word_1_1139' title='bbox 2135 5137 2187 5190; x_wconf 92' lang='lat' dir='ltr'><strong>in</strong></span> <span class='ocrx_word' id='word_1_1140' title='bbox 2216 5152 2304 5189; x_wconf 89' lang='lat' dir='ltr'><strong>an.</strong></span> <span class='ocrx_word' id='word_1_1141' title='bbox 2329 5137 2399 5190; x_wconf 65' lang='grc'><strong>24</strong></span> <span class='ocrx_word' id='word_1_1142' title='bbox 2422 5137 2666 5206; x_wconf 86' lang='lat' dir='ltr'><strong>Augusti.</strong></span> 
     </span>
    </p>
   </div>
   <div class='ocr_carea' id='block_1_146' title="bbox 2107 5207 3617 5281">
    <p class='ocr_par' dir='ltr' id='par_1_146' title="bbox 2107 5207 3617 5281">
     <span class='ocr_line' id='line_1_146' title="bbox 2107 5207 3617 5281; baseline 0.003 -20"><span class='ocrx_word' id='word_1_1143' title='bbox 2107 5208 2320 5281; x_wconf 35' lang='lat' dir='ltr'><strong>(lbid.)~</strong></span> <span class='ocrx_word' id='word_1_1144' title='bbox 2336 5209 2624 5281; x_wconf 73' lang='lat' dir='ltr'><strong>Atratinus.</strong></span> <span class='ocrx_word' id='word_1_1145' title='bbox 2661 5207 2852 5281; x_wconf 64' lang='lat' dir='ltr'><strong>ll-lelius</strong></span> <span class='ocrx_word' id='word_1_1146' title='bbox 2888 5208 3037 5278; x_wconf 67' lang='lat' dir='ltr'><strong>ju&#39;xla</strong></span> <span class='ocrx_word' id='word_1_1147' title='bbox 3075 5208 3163 5274; x_wconf 92' lang='lat' dir='ltr'><strong>L.,</strong></span> <span class='ocrx_word' id='word_1_1148' title='bbox 3198 5209 3373 5278; x_wconf 88' lang='lat' dir='ltr'><strong>Peta.,</strong></span> <span class='ocrx_word' id='word_1_1149' title='bbox 3408 5212 3497 5276; x_wconf 91' lang='lat'><strong>0.,</strong></span> <span class='ocrx_word' id='word_1_1150' title='bbox 3525 5211 3617 5280; x_wconf 76' lang='lat' dir='ltr'><strong>V.,</strong></span> 
     </span>
    </p>
   </div>
   <div class='ocr_carea' id='block_1_147' title="bbox 2033 5279 3622 5352">
    <p class='ocr_par' dir='ltr' id='par_1_147' title="bbox 2033 5279 3622 5352">
     <span class='ocr_line' id='line_1_147' title="bbox 2033 5279 3622 5352; baseline 0.003 -18"><span class='ocrx_word' id='word_1_1151' title='bbox 2033 5279 2129 5346; x_wconf 84' lang='lat' dir='ltr'><strong>M.,</strong></span> <span class='ocrx_word' id='word_1_1152' title='bbox 2160 5280 2268 5349; x_wconf 77' lang='lat' dir='ltr'><strong>VL,</strong></span> <span class='ocrx_word' id='word_1_1153' title='bbox 2296 5279 2381 5349; x_wconf 90' lang='lat' dir='ltr'><strong>P.,</strong></span> <span class='ocrx_word' id='word_1_1154' title='bbox 2416 5279 2538 5346; x_wconf 90' lang='lat' dir='ltr'><strong>Lo.,</strong></span> <span class='ocrx_word' id='word_1_1155' title='bbox 2572 5280 2678 5352; x_wconf 77' lang='lat' dir='ltr'><strong>Pi.,</strong></span> <span class='ocrx_word' id='word_1_1156' title='bbox 2706 5279 2866 5352; x_wconf 55' lang='grc' dir='ltr'>νειμ,</span> <span class='ocrx_word' id='word_1_1157' title='bbox 2913 5281 3060 5346; x_wconf 86' lang='lat' dir='ltr'><strong>Lut.,</strong></span> <span class='ocrx_word' id='word_1_1158' title='bbox 3093 5281 3255 5348; x_wconf 85' lang='lat' dir='ltr'><strong>Fux.,</strong></span> <span class='ocrx_word' id='word_1_1159' title='bbox 3281 5299 3439 5352; x_wconf 88' lang='lat' dir='ltr'><strong>quam</strong></span> <span class='ocrx_word' id='word_1_1160' title='bbox 3467 5279 3622 5338; x_wconf 74' lang='lat' dir='ltr'><strong>Atra-</strong></span> 
     </span>
    </p>
   </div>
   <div class='ocr_carea' id='block_1_148' title="bbox 2033 5351 3626 5419">
    <p class='ocr_par' dir='ltr' id='par_1_148' title="bbox 2033 5351 3626 5419">
     <span class='ocr_line' id='line_1_148' title="bbox 2033 5351 3626 5419; baseline 0.003 -14"><span class='ocrx_word' id='word_1_1161' title='bbox 2033 5355 2198 5417; x_wconf 84' lang='lat' dir='ltr'><strong>ciuus,</strong></span> <span class='ocrx_word' id='word_1_1162' title='bbox 2232 5361 2292 5406; x_wconf 87' lang='lat' dir='ltr'><strong>ut</strong></span> <span class='ocrx_word' id='word_1_1163' title='bbox 2326 5355 2378 5404; x_wconf 89' lang='lat' dir='ltr'><strong>in</strong></span> <span class='ocrx_word' id='word_1_1164' title='bbox 2411 5352 2544 5406; x_wconf 89' lang='lat' dir='ltr'><strong>edit.</strong></span> <span class='ocrx_word' id='word_1_1165' title='bbox 2577 5351 2745 5406; x_wconf 83' lang='lat' dir='ltr'><strong>Basil.</strong></span> <span class='ocrx_word' id='word_1_1166' title='bbox 2775 5363 2831 5407; x_wconf 88' lang='lat' dir='ltr'><strong>et</strong></span> <span class='ocrx_word' id='word_1_1167' title='bbox 2878 5352 3047 5408; x_wconf 88' lang='lat' dir='ltr'><strong>Sonn.</strong></span> <span class='ocrx_word' id='word_1_1168' title='bbox 3075 5367 3090 5415; x_wconf 85' lang='lat'><strong>;</strong></span> <span class='ocrx_word' id='word_1_1169' title='bbox 3132 5354 3216 5408; x_wconf 70' lang='lat' dir='ltr'><strong>vel</strong></span> <span class='ocrx_word' id='word_1_1170' title='bbox 3250 5351 3538 5419; x_wconf 71' lang='lat' dir='ltr'><strong>Atartanis,</strong></span> <span class='ocrx_word' id='word_1_1171' title='bbox 3568 5363 3626 5411; x_wconf 84' lang='lat' dir='ltr'><strong>ut</strong></span> 
     </span>
    </p>
   </div>
   <div class='ocr_carea' id='block_1_149' title="bbox 2031 5423 3623 5491">
    <p class='ocr_par' dir='ltr' id='par_1_149' title="bbox 2031 5423 3623 5491">
     <span class='ocr_line' id='line_1_149' title="bbox 2031 5423 3623 5491; baseline 0.003 -14"><span class='ocrx_word' id='word_1_1172' title='bbox 2031 5424 2084 5478; x_wconf 93' lang='lat' dir='ltr'><strong>in</strong></span> <span class='ocrx_word' id='word_1_1173' title='bbox 2116 5425 2244 5491; x_wconf 87' lang='lat' dir='ltr'><strong>Fa.;</strong></span> <span class='ocrx_word' id='word_1_1174' title='bbox 2282 5425 2369 5478; x_wconf 85' lang='lat' dir='ltr'><strong>vel</strong></span> <span class='ocrx_word' id='word_1_1175' title='bbox 2402 5423 2686 5489; x_wconf 82' lang='lat' dir='ltr'><strong>Atramius,</strong></span> <span class='ocrx_word' id='word_1_1176' title='bbox 2722 5433 2779 5478; x_wconf 88' lang='lat' dir='ltr'><strong>ut</strong></span> <span class='ocrx_word' id='word_1_1177' title='bbox 2810 5423 2862 5478; x_wconf 91' lang='lat' dir='ltr'><strong>in</strong></span> <span class='ocrx_word' id='word_1_1178' title='bbox 2898 5425 3030 5478; x_wconf 81' lang='lat' dir='ltr'><strong>Mar.</strong></span> <span class='ocrx_word' id='word_1_1179' title='bbox 3068 5424 3200 5480; x_wconf 83' lang='lat' dir='ltr'><strong>Nam</strong></span> <span class='ocrx_word' id='word_1_1180' title='bbox 3232 5426 3456 5482; x_wconf 83' lang='lat' dir='ltr'><strong>Atratini</strong></span> <span class='ocrx_word' id='word_1_1181' title='bbox 3487 5444 3623 5484; x_wconf 80' lang='lat' dir='ltr'><strong>con-</strong></span> 
     </span>
    </p>
   </div>
   <div class='ocr_carea' id='block_1_150' title="bbox 2033 5495 3626 5568">
    <p class='ocr_par' dir='ltr' id='par_1_150' title="bbox 2033 5495 3626 5568">
     <span class='ocr_line' id='line_1_150' title="bbox 2033 5495 3626 5568; baseline 0.005 -22"><span class='ocrx_word' id='word_1_1182' title='bbox 2033 5496 2165 5568; x_wconf 71' lang='lat' dir='ltr'><strong>salis</strong></span> <span class='ocrx_word' id='word_1_1183' title='bbox 2190 5497 2439 5568; x_wconf 86' lang='lat' dir='ltr'><strong>meminit</strong></span> <span class='ocrx_word' id='word_1_1184' title='bbox 2463 5495 2676 5568; x_wconf 77' lang='lat' dir='ltr'><strong>Diolib.</strong></span> <span class='ocrx_word' id='word_1_1185' title='bbox 2704 5510 2849 5562; x_wconf 75' lang='lat' dir='ltr'><strong>xm;</strong></span> <span class='ocrx_word' id='word_1_1186' title='bbox 2878 5495 3006 5568; x_wconf 80' lang='lat' dir='ltr'><strong>item</strong></span> <span class='ocrx_word' id='word_1_1187' title='bbox 3032 5495 3205 5568; x_wconf 81' lang='lat' dir='ltr'><strong>Fasti,</strong></span> <span class='ocrx_word' id='word_1_1188' title='bbox 3239 5501 3332 5553; x_wconf 91' lang='lat' dir='ltr'><strong>sed</strong></span> <span class='ocrx_word' id='word_1_1189' title='bbox 3350 5501 3626 5568; x_wconf 67' lang='lat' dir='ltr'><strong>praecipue</strong></span> 
     </span>
    </p>
   </div>
   <div class='ocr_carea' id='block_1_151' title="bbox 2028 5566 3622 5638">
    <p class='ocr_par' dir='ltr' id='par_1_151' title="bbox 2028 5566 3622 5638">
     <span class='ocr_line' id='line_1_151' title="bbox 2028 5566 3622 5638; baseline 0.001 -17"><span class='ocrx_word' id='word_1_1190' title='bbox 2028 5566 2222 5622; x_wconf 86' lang='lat' dir='ltr'><strong>Cicero</strong></span> <span class='ocrx_word' id='word_1_1191' title='bbox 2255 5567 2411 5621; x_wconf 89' lang='lat' dir='ltr'><strong>initio</strong></span> <span class='ocrx_word' id='word_1_1192' title='bbox 2438 5567 2705 5622; x_wconf 88' lang='lat' dir='ltr'><strong>orationis</strong></span> <span class='ocrx_word' id='word_1_1193' title='bbox 2736 5582 2837 5636; x_wconf 90' lang='lat' dir='ltr'><strong>pro</strong></span> <span class='ocrx_word' id='word_1_1194' title='bbox 2865 5567 3051 5621; x_wconf 72' lang='lat' dir='ltr'><strong>Caelio.</strong></span> <span class='ocrx_word' id='word_1_1195' title='bbox 3081 5567 3215 5638; x_wconf 79' lang='lat' dir='ltr'><strong>Ego,</strong></span> <span class='ocrx_word' id='word_1_1196' title='bbox 3245 5566 3434 5638; x_wconf 85' lang='lat' dir='ltr'><strong>inquit,</strong></span> <span class='ocrx_word' id='word_1_1197' title='bbox 3463 5566 3622 5624; x_wconf 57' lang='lat' dir='ltr'><strong>Atra-</strong></span> 
     </span>
    </p>
   </div>
   <div class='ocr_carea' id='block_1_152' title="bbox 2032 5638 3624 5712">
    <p class='ocr_par' dir='ltr' id='par_1_152' title="bbox 2032 5638 3624 5712">
     <span class='ocr_line' id='line_1_152' title="bbox 2032 5638 3624 5712; baseline 0.003 -21"><span class='ocrx_word' id='word_1_1198' title='bbox 2032 5640 2141 5692; x_wconf 88' lang='lat' dir='ltr'><strong>tino</strong></span> <span class='ocrx_word' id='word_1_1199' title='bbox 2168 5638 2546 5712; x_wconf 87' lang='lat' dir='ltr'><strong>humanissimo</strong></span> <span class='ocrx_word' id='word_1_1200' title='bbox 2594 5649 2747 5708; x_wconf 81' lang='lat' dir='ltr'><strong>atque</strong></span> <span class='ocrx_word' id='word_1_1201' title='bbox 2787 5641 2977 5710; x_wconf 86' lang='lat' dir='ltr'><strong>Optimo</strong></span> <span class='ocrx_word' id='word_1_1202' title='bbox 3017 5639 3340 5696; x_wconf 85' lang='lat' dir='ltr'><strong>adolescenti</strong></span> <span class='ocrx_word' id='word_1_1203' title='bbox 3392 5643 3624 5712; x_wconf 87' lang='lat' dir='ltr'><strong>ignosco.</strong></span> 
     </span>
    </p>
   </div>
   <div class='ocr_carea' id='block_1_153' title="bbox 2033 5711 3630 5781">
    <p class='ocr_par' dir='ltr' id='par_1_153' title="bbox 2033 5711 3630 5781">
     <span class='ocr_line' id='line_1_153' title="bbox 2033 5711 3630 5781; baseline 0.002 -15"><span class='ocrx_word' id='word_1_1204' title='bbox 2033 5721 2164 5777; x_wconf 90' lang='lat' dir='ltr'><strong>ctc.,</strong></span> <span class='ocrx_word' id='word_1_1205' title='bbox 2191 5713 2236 5764; x_wconf 88' lang='lat' dir='ltr'><strong>si</strong></span> <span class='ocrx_word' id='word_1_1206' title='bbox 2259 5711 2422 5764; x_wconf 85' lang='lat' dir='ltr'><strong>voluit</strong></span> <span class='ocrx_word' id='word_1_1207' title='bbox 2440 5726 2726 5776; x_wconf 81' lang='lat' dir='ltr'><strong>accusare;</strong></span> <span class='ocrx_word' id='word_1_1208' title='bbox 2753 5712 2934 5781; x_wconf 87' lang='lat' dir='ltr'><strong>pietati</strong></span> <span class='ocrx_word' id='word_1_1209' title='bbox 2963 5713 3151 5764; x_wconf 85' lang='lat' dir='ltr'><strong>tribuo.</strong></span> <span class='ocrx_word' id='word_1_1210' title='bbox 3176 5713 3328 5776; x_wconf 79' lang='lat' dir='ltr'><strong>Quod</strong></span> <span class='ocrx_word' id='word_1_1211' title='bbox 3347 5711 3538 5769; x_wconf 78' lang='lat' dir='ltr'><strong>attinet</strong></span> <span class='ocrx_word' id='word_1_1212' title='bbox 3561 5715 3630 5769; x_wconf 88' lang='lat' dir='ltr'><strong>ad</strong></span> 
     </span>
    </p>
   </div>
   <div class='ocr_carea' id='block_1_154' title="bbox 2035 5782 3625 5854">
    <p class='ocr_par' dir='ltr' id='par_1_154' title="bbox 2035 5782 3625 5854">
     <span class='ocr_line' id='line_1_154' title="bbox 2035 5782 3625 5854; baseline 0.001 -16"><span class='ocrx_word' id='word_1_1213' title='bbox 2035 5783 2223 5849; x_wconf 87' lang='lat' dir='ltr'><strong>situm,</strong></span> <span class='ocrx_word' id='word_1_1214' title='bbox 2272 5792 2501 5838; x_wconf 85' lang='lat' dir='ltr'><strong>evocant</strong></span> <span class='ocrx_word' id='word_1_1215' title='bbox 2526 5783 2639 5854; x_wconf 73' lang='lat' dir='ltr'><strong>ista</strong></span> <span class='ocrx_word' id='word_1_1216' title='bbox 2670 5784 2736 5835; x_wconf 90' lang='lat' dir='ltr'><strong>ad</strong></span> <span class='ocrx_word' id='word_1_1217' title='bbox 2765 5799 2855 5836; x_wconf 92' lang='lat' dir='ltr'><strong>an.</strong></span> <span class='ocrx_word' id='word_1_1218' title='bbox 2887 5782 2964 5854; x_wconf 64' lang='lat'><strong>‘29.</strong></span> <span class='ocrx_word' id='word_1_1219' title='bbox 2986 5784 3215 5854; x_wconf 82' lang='lat' dir='ltr'><strong>Augusti</strong></span> <span class='ocrx_word' id='word_1_1220' title='bbox 3251 5784 3338 5848; x_wconf 87' lang='lat'><strong>0.,</strong></span> <span class='ocrx_word' id='word_1_1221' title='bbox 3384 5785 3490 5854; x_wconf 86' lang='lat' dir='ltr'><strong>Pi.,</strong></span> <span class='ocrx_word' id='word_1_1222' title='bbox 3515 5785 3625 5853; x_wconf 72' lang='lat' dir='ltr'><strong>VL;</strong></span> 
     </span>
    </p>
   </div>
   <div class='ocr_carea' id='block_1_155' title="bbox 2036 5853 3421 5922">
    <p class='ocr_par' dir='ltr' id='par_1_155' title="bbox 2036 5853 3421 5922">
     <span class='ocr_line' id='line_1_155' title="bbox 2036 5853 3421 5922; baseline 0 -11"><span class='ocrx_word' id='word_1_1223' title='bbox 2036 5855 2103 5911; x_wconf 87' lang='lat' dir='ltr'><strong>ad</strong></span> <span class='ocrx_word' id='word_1_1224' title='bbox 2131 5871 2217 5908; x_wconf 89' lang='lat' dir='ltr'><strong>an.</strong></span> <span class='ocrx_word' id='word_1_1225' title='bbox 2243 5869 2374 5910; x_wconf 89' lang='lat' dir='ltr'><strong>vero</strong></span> <span class='ocrx_word' id='word_1_1226' title='bbox 2402 5854 2494 5916; x_wconf 68' lang='grc'><strong>25,</strong></span> <span class='ocrx_word' id='word_1_1227' title='bbox 2525 5853 2687 5922; x_wconf 85' lang='lat' dir='ltr'><strong>Fux.,</strong></span> <span class='ocrx_word' id='word_1_1228' title='bbox 2718 5854 2898 5919; x_wconf 88' lang='lat' dir='ltr'><strong>Peta.,</strong></span> <span class='ocrx_word' id='word_1_1229' title='bbox 2925 5853 3048 5919; x_wconf 91' lang='lat' dir='ltr'><strong>Fa.,</strong></span> <span class='ocrx_word' id='word_1_1230' title='bbox 3077 5853 3174 5908; x_wconf 92' lang='lat' dir='ltr'><strong>Lo.</strong></span> <span class='ocrx_word' id='word_1_1231' title='bbox 3201 5864 3255 5908; x_wconf 91' lang='lat' dir='ltr'><strong>et</strong></span> <span class='ocrx_word' id='word_1_1232' title='bbox 3281 5858 3421 5911; x_wconf 90' lang='lat' dir='ltr'><strong>cusi.</strong></span> 
     </span>
    </p>
   </div>
   <div class='ocr_carea' id='block_1_156' title="bbox 2111 5925 3634 6005">
    <p class='ocr_par' dir='ltr' id='par_1_156' title="bbox 2111 5925 3634 6005">
     <span class='ocr_line' id='line_1_156' title="bbox 2111 5925 3634 6005; baseline 0.006 -25"><span class='ocrx_word' id='word_1_1233' title='bbox 2111 5925 2296 6000; x_wconf 88' lang='lat' dir='ltr'><strong>(lbid.)</strong></span> <span class='ocrx_word' id='word_1_1234' title='bbox 2328 5925 2543 5982; x_wconf 66' lang='lat' dir='ltr'><strong>Caeli-um</strong></span> <span class='ocrx_word' id='word_1_1235' title='bbox 2560 5935 2913 5983; x_wconf 82' lang='lat' dir='ltr'><strong>accusaverat.</strong></span> <span class='ocrx_word' id='word_1_1236' title='bbox 2934 5925 3157 5983; x_wconf 79' lang='lat' dir='ltr'><strong>Rectius</strong></span> <span class='ocrx_word' id='word_1_1237' title='bbox 3187 5942 3310 5986; x_wconf 89' lang='lat' dir='ltr'><strong>cum</strong></span> <span class='ocrx_word' id='word_1_1238' title='bbox 3335 5929 3634 6005; x_wconf 74' lang='lat' dir='ltr'><strong>diphtth</strong></span> 
     </span>
    </p>
   </div>
  </div>
