4042 6446
253 362 390 419 1015

1158 359 1276 418 AR.
1315 358 1609 418 PONTACI
1643 356 2197 418 CASTIGATIONES
2232 358 2321 418 ET
2359 359 2593 420 NOTAE.

3397 356 3537 416 10H

249 492 429 538 tamen
461 479 723 545 religione
742 478 984 549 deposita
1013 478 1233 534 unicum
1255 478 1498 535 codicem
1526 477 1719 533 ducem
1743 477 1838 532 ba.
1864 479 1912 540 Α
1943 475 2193 549 Coeptum
2242 486 2327 534 est
2364 475 2662 534 restaurari
2701 491 2732 533 a
2773 475 3026 547 Tiberio,
3066 483 3124 534 et
3168 473 3478 534 absolutum
3507 491 3539 532 a

247 554 468 619 bemus,
504 554 606 605 hoc
633 561 714 606 est
745 551 832 606 Al.
857 551 1062 606 Omnes
1103 553 1248 608 enim
1293 551 1383 605 alii
1432 551 1554 605 libri
1584 561 1692 604 tam
1725 551 1832 603 im-

281 626 438 687 ressi,
477 638 636 694 quam
686 637 814 694 mss.
859 631 913 676 et
943 624 1100 689 Man,
1143 621 1419 689 Apollonia
1466 621 1825 694 Diahircania.

289 712 374 750 am
427 693 550 748 licet
586 695 689 753 \'i..
729 693 793 748 0.
836 706 890 749 et
940 694 1116 756 Vinc.,
1168 694 1483 749 distinxisse
1521 693 1827 753 videantur.

242 768 384 836 apud
412 782 548 837 quos
564 765 897 837 Apollonidia
923 765 1176 831 llircana,
1193 767 1828 837 communioremjamett

242 834 532 894 lectionem
585 834 758 908 magis
799 839 1136 906 promovisse
1167 837 1576 906 judicabnntur.
1617 834 1829 908 Quotus

239 910 382 964 enim
412 909 640 980 quisque
677 906 794 973 est,
825 911 915 976 qui
947 924 1051 963 non
1079 909 1284 980 jndicet
1315 919 1644 980 postremam
1679 906 1827 961 illam

237 978 501 1053 syllabam
531 981 738 1053 difsse
768 981 1130 1053 superﬂuam?
1153 979 1288 1053 Item
1321 980 1447 1053 licet
1475 978 1528 1032 in
1562 978 1659 1053 bo.
1679 993 1828 1053 com-

237 1048 439 1120 p'eriatn
468 1050 569 1104 Dia
599 1050 873 1116 Hircania,
902 1061 957 1106 et
983 1054 1034 1105 in
1059 1052 1146 1116 P.,
1172 1051 1351 1108 Peta..
1380 1051 1536 1112 Fux..
1570 1050 1668 1104 Dia
1691 1048 1829 1119 Hyr-

235 1125 386 1178 cania
429 1138 526 1192 per
564 1139 617 1193 y.
661 1122 714 1176 in
743 1123 950 1177 duobus
983 1123 1156 1178 Vatic.
1208 1121 1594 1193 Diahgrcania,
1625 1122 1677 1174 in
1705 1121 1826 1174 aliis

233 1195 446 1250 duobus
493 1192 934 1257 Dinhicrchonia,
965 1195 1019 1249 in
1060 1195 1234 1249 tribus
1264 1192 1367 1246 Dia
1411 1192 1724 1264 ngrcana1
1772 1202 1826 1246 et

231 1267 370 1334 apud
400 1266 581 1320 varios
608 1275 858 1320 auctores
877 1307 891 1330 ,
923 1275 979 1321 ut
1005 1265 1237 1320 Plinium
1257 1306 1271 1327 .
1307 1262 1628 1334 Strabonem
1649 1305 1664 1325 ,
1699 1262 1827 1317 Pto-

231 1333 517 1403 lemaeum,
564 1336 899 1406 Stephanum
925 1380 939 1402 ,
970 1337 1332 1405 Nicephorum
1365 1335 1540 1406 legam
1571 1333 1674 1388 Dia
1704 1348 1826 1389 esse

229 1424 427 1463 nomen
461 1410 614 1462 urbis
634 1417 689 1461 et
715 1409 940 1472 insulae;
973 1411 1152 1463 nullus
1176 1419 1354 1464 tamen
1385 1417 1634 1462 recenset
1659 1406 1821 1460 ullam

229 1483 417 1534 urbem
462 1480 548 1534 cui
581 1495 777 1534 nomen
827 1479 1201 1551 Diabyrcania.
1247 1480 1434 1534 Potius
1475 1479 1821 1551 ergavisum

227 1560 308 1606 est
332 1551 610 1620 singulare
651 1553 801 1621 sequi
834 1548 1136 1620 exemplar,
1184 1567 1347 1620 quam
1391 1549 1487 1604 tuti
1515 1548 1822 1621 antiquitati

226 1625 360 1677 velle
411 1619 532 1676 sese
570 1619 868 1691 Opponere,
914 1619 1214 1692 prtesertim
1261 1638 1382 1677 cum
1419 1619 1825 1692 habeamusfaf

225 1703 440 1748 Ventum
487 1695 732 1759 Tacitum
767 1694 886 1750 loco
916 1691 1086 1749 citato
1107 1738 1120 1760 ,
1153 1703 1208 1750 et
1229 1694 1489 1762 judicium
1519 1691 1822 1747 doctissimi

224 1765 440 1834 Lipsii,
488 1767 580 1836 qui
633 1765 777 1821 hunc
845 1766 1019 1820 locum
1089 1766 1170 1821 sic
1235 1780 1356 1820 esse
1421 1765 1819 1819 emendandum

223 1848 427 1892 monet.

1943 549 2097 612 Caio,
2125 553 2201 603 ait
2227 551 2538 607 Suetonius.

1980 669 1984 677 .
2009 619 2146 692 (Ibid
2158 620 2195 688 .)
2211 619 2451 676 Tiberius
2464 621 2670 677 Drusus
2683 629 2972 677 consortem
2990 621 3135 692 regni
3148 620 3293 692 facit.
3307 618 3533 692 Factum

1936 689 2041 746 hoc
2065 696 2309 748 referunt
2349 691 2488 748 Fux.
2518 693 2740 763 quidem
2785 693 2854 748 ad
2888 708 2978 747 an.
3006 689 3309 752 TTiherii;
3337 689 3434 763 Fa.
3463 690 3534 746 ad

1933 777 2024 836 an.
2055 765 2112 827 8,
2160 778 2256 819 seu
2287 763 2332 836 _l
2365 761 2570 836 olymp.
2602 764 2710 820 200
2737 807 2750 829 ,
2783 765 2874 833 qui
2903 775 2958 820 et
2984 764 3196 836 videtur
3237 761 3532 836 pellexisse

1933 834 1987 908 i_n
2006 850 2157 888 suam
2186 833 2502 908 societatem
2525 833 3004 908 omnesyulgatos;
3032 833 3532 908 Peta.LLo._.Mar.,

1931 903 2234 971 Contract.,
2259 907 2327 961 ad
2354 922 2444 962 an.
2474 908 2539 969 9;
2571 907 2682 973 Vi.,
2705 907 2796 973 0.,
2829 903 2903 962 ad
2933 923 3022 962 an.
3069 905 3164 973 ltl;
3196 906 3278 962 Pi.
3311 906 3530 961 demum

1931 979 1998 1031 ad
2027 994 2116 1032 an.
2149 977 2234 1032 11.
2269 979 2369 1032 llic
2395 990 2578 1034 autem
2604 979 2812 1034 Drusus
2837 995 2944 1034 non
2975 988 3094 1033 erat
3126 977 3268 1033 ﬁlius
3298 976 3532 1033 Germa-

1933 1049 2040 1120 nici
2094 1049 2278 1104 fratris
2325 1050 2572 1118 Tiberii,
2619 1059 2677 1106 ut
2714 1049 2833 1106 vult
2864 1054 2946 1106 vir
2991 1050 3221 1120 doctus,
3263 1049 3362 1106 sed
3389 1048 3534 1106 illius

1932 1119 2102 1190 ipsius
2133 1120 2359 1176 Tiberii.

2003 1191 2204 1264 (Ibid.)
2234 1190 2442 1248 Drusus
2471 1193 2644 1250 Caesar
2663 1210 2858 1250 veneno
2884 1193 3055 1263 periit.
3077 1191 3259 1264 Variae
3283 1191 3534 1248 codicum

1930 1263 2257 1332 agitationes
2282 1266 2545 1320 incertum
2575 1267 3048 1322 redduntannum.
3068 1264 3201 1321 Nam
3221 1263 3358 1322 Fux.
3380 1273 3537 1322 notat

1932 1336 2046 1388 inec
2077 1337 2219 1390 circa
2260 1352 2350 1390 an.
2382 1338 2416 1391 8
2447 1337 2685 1405 Tiberii;
2734 1337 2830 1393 Fa.
2870 1338 3014 1393 circa
3054 1352 3146 1392 an.
3178 1336 3234 1403 9,
3277 1337 3364 1391 tibi
3403 1351 3538 1394 con-

1928 1407 2173 1478 sentiunt
2201 1416 2258 1462 et
2287 1410 2514 1478 vulgati;
2549 1409 2725 1474 Peta.,
2756 1409 2884 1477 Lo.,
2924 1408 3085 1472 Man,
3116 1408 3258 1465 circa
3306 1424 3396 1462 an.
3433 1407 3532 1475 l0;

1932 1476 2038 1540 Pi.,
2069 1477 2176 1540 νε..
2201 1479 2292 1544 0.,
2323 1476 2464 1534 circa
2498 1496 2584 1535 ait.
2621 1481 2710 1537 11.
2737 1476 2887 1537 Situs
2912 1480 3252 1550 vulgatorum
3284 1478 3531 1534 ﬁrmatur

1927 1550 2251 1622 auctoritate
2301 1550 2490 1608 Dionis
2535 1552 2574 1607 l.
2621 1569 2752 1620 Lvn,
2783 1553 2872 1622 qui
2921 1551 3061 1605 hanc
3109 1565 3298 1622 necem
3343 1551 3534 1608 fraude

1927 1619 2133 1688 Sejani,
2168 1631 2223 1674 et
2254 1621 2420 1676 Livia:
2449 1625 2635 1678 uxoris
2668 1619 2827 1680 Drusi
2849 1664 2864 1686 .
2895 1639 3002 1678 non
3043 1622 3244 1678 Tiberii
3277 1621 3372 1691 (ut
3418 1623 3534 1677 vult

1927 1691 2200 1764 Orosius),
2228 1693 2433 1748 illatam
2458 1694 2636 1764 reiicit
2659 1695 2716 1751 in
2737 1711 2827 1750 an.
2858 1693 2993 1750 Urb.
3019 1692 3143 1764 774.
3169 1693 3304 1748 Nam
3334 1697 3378 1748 is
3406 1709 3532 1748 con-

1927 1763 2098 1818 currit
2123 1763 2194 1819 ex
2246 1775 2469 1821 auctore
2495 1763 2618 1821 cum
2666 1781 2754 1820 an.
2789 1768 2823 1822 9
2851 1763 3091 1829 Tiberii,
3135 1779 3232 1820 seu
3271 1779 3361 1820 an.
3391 1764 3532 1822 '2038

1929 1834 2207 1908 Abrahae;
2252 1835 2615 1908 Cassiodorus
2667 1838 2884 1894 confert
2931 1838 3044 1908 ejus
3082 1839 3237 1906 [unus
3275 1836 3466 1908 inian.
3496 1837 3531 1894 9

287 1911 441 1976 (567,
467 1910 573 1970 ut.)
602 1907 924 1973 Fenestella,
942 1919 1136 1966 etc..et
1154 1905 1825 1975 carminum,etc.,sepeli—
1855 1896 1903 1957 Β
1930 1903 2153 1961 Tiberii.
2172 1906 2277 1963 Sed
2303 1909 2348 1962 si
2374 1907 2636 1964 habeatur
2657 1909 2801 1964 ratio
2821 1896 3128 1966 consularis
3156 1907 3318 1977 hujus
3344 1907 3530 1974 Drusi,

222 1989 405 2050 turque
439 1980 633 2052 Cumis.
665 1980 1027 2052 Sepeliturque
1049 1980 1226 2036 Tomis
1253 1979 1317 2035 V.
1347 1979 1454 2035 Sed
1482 1978 1664 2052 minus
1697 1992 1821 2052 pro:

226 2048 503 2117 habiliter,
534 2051 661 2106 licet
689 2048 746 2106 ιη’
769 2053 901 2107 Mar.
939 2048 1174 2107 Thumis.
1208 2053 1334 2108 Huc
1354 2061 1534 2105 autem
1566 2049 1646 2105 Pi.
1673 2065 1764 2104 an.
1787 2048 1819 2104 Ἰ

221 2121 422 2178 Tiberii
454 2123 711 2184 ascribit,
737 2125 831 2179 sed
863 2124 1206 2179 adversarios
1239 2122 1440 2178 habent
1470 2130 1700 2176 caeteros
1726 2135 1822 2174 co-

225 2194 364 2265 dices
418 2207 524 2248 tam
577 2195 811 2263 scriptos
849 2211 1010 2265 quam
1053 2197 1384 2262 impressas,
1443 2193 1723 2249 Contract.
1765 2199 1823 2248 et

227 2264 371 2332 llam,
409 2267 498 2328 qni
541 2282 731 2321 omnes
761 2264 997 2322 evocant
1041 2267 1108 2320 ad
1139 2282 1340 2320 annum
1364 2275 1605 2320 sextum.

289 2338 476 2405 (Ibid.)
502 2336 738 2393 Tiberius
763 2339 951 2393 multos
972 2355 1114 2407 reges
1139 2340 1206 2392 ad
1234 2354 1309 2402 se,
1335 2347 1442 2391 etc.
1465 2336 1823 2391 Constitunn-

223 2416 302 2462 tur
321 2425 395 2464 ex
424 2410 653 2464 adverso
687 2425 774 2464 an.
802 2410 1046 2465 7Tiberii
1075 2413 1126 2463 in
1157 2409 1318 2472 Fux.,
1344 2408 1522 2472 Peta.,
1547 2407 1670 2470 Lo.,
1696 2407 1818 2468 Fa.,

217 2479 339 2534 Mar.
385 2491 439 2536 et
469 2481 785 2550 impressis;
830 2496 884 2535 et
920 2497 1009 2535 an.
1044 2481 1100 2548 8,
1131 2483 1182 2534 in
1212 2480 1320 2547 Pi.,
1353 2479 1465 2541 Vi.,
1493 2479 1558 2534 0.
1619 2479 1821 2534 Eutroo

216 2553 326 2619 pius
390 2568 504 2607 rem
558 2553 774 2621 quidem
815 2555 1064 2609 eamdem
1104 2560 1329 2618 narrat,
1368 2553 1466 2607 sed
1522 2564 1818 2620 suppresso

215 2637 382 2678 anno.

284 2693 466 2766 (Ibid.
485 2694 512 2759 )·
533 2693 694 2758 Cuius
717 2711 874 2766 regno
901 2697 955 2749 in
996 2694 1332 2751 Prouinciam
1356 2710 1519 2758 verso,
1548 2702 1655 2766 etc.
1691 2692 1818 2766 llgec

213 2764 299 2820 est
319 2781 586 2837 germana
618 2764 801 2827 lectio.
830 2784 990 2836 quam
1012 2769 1349 2822 restituimus
1371 2782 1436 2822 ex
1463 2769 1553 2830 A.,
1572 2764 1702 2828 An.,
1729 2765 1813 2831 L.,

212 2838 321 2904 AL,
361 2837 472 2906 Vi.,
507 2837 616 2905 Pi.,
647 2839 738 2900 0.,
769 2839 864 2901 M.,
895 2840 928 2895 5
960 2839 1159 2901 Vatic.,
1188 2838 1275 2907 P.,
1310 2839 1432 2899 Lo.,
1469 2837 1630 2893 Fux..
1662 2837 1810 2892 Peta.

209 2911 317 2964 etii
349 2924 483 2963 mss.
513 2908 672 2974 Fab.,
704 2911 863 2971 Ven..
899 2910 1040 2974 Lut.,
1074 2909 1360 2964 Jornand..
1392 2909 1548 2975 Man,
1585 2908 1812 2963 Vincen.

210 2979 343 3034 Nam
399 2981 666 3043 alteram,
704 2997 822 3050 qum
877 2983 929 3036 in
959 2982 1120 3036 editis
1169 2982 1526 3050 conspicitur,
1582 2982 1732 3051 cujus
1759 2980 1813 3034 in

211 3053 536 3120 provinciam
567 3049 765 3108 versant
785 3093 800 3116 ,
823 3067 945 3107 cum
972 3054 1040 3105 sit
1065 3053 1218 3107 velut
1248 3049 1367 3104 sine
1404 3052 1580 3117 capite
1607 3049 1810 3114 fabula,

211 3127 329 3204 quis
361 3138 468 3203 non
493 3125 730 3204 spuriam
754 3124 1044 3194 agnoscat?
1067 3125 1293 3180 Accedit
1314 3121 1408 3178 Fa.
1428 3123 1578 3192 cujus
1595 3138 1811 3192 regnum

209 3197 261 3249 in
286 3197 630 3265 provinciam,
654 3205 760 3250 etc.

1925 1977 2028 2051 qui
2047 1979 2466 2051 concurritcum
2487 1982 2772 2036 consulatu
2798 1988 2993 2051 quarto
3015 1978 3245 2044 Tiberii,
3269 1981 3398 2035 etin
3421 1995 3531 2048 quo

1925 2047 2059 2121 obiit
2089 2051 2107 2118 (
2132 2050 2274 2110 unde
2334 2050 2453 2121 Dio,
2497 2052 2533 2106 l.
2577 2069 2717 2116 LVII,
2747 2047 3092 2107 et'Zonaras
3143 2051 3264 2120 ejus
3301 2047 3530 2108 aemulus

1925 2118 2361 2195 gbservantaam
2393 2118 2565 2192 ipsum
2605 2139 2768 2195 quam
2803 2134 3031 2195 cieteros
3069 2118 3261 2195 omnes
3289 2123 3532 2193 collegas

1924 2189 2131 2247 Tiberii
2182 2203 2358 2250 morte
2398 2189 2641 2250 violenta
2666 2195 2868 2250 obiisse
2893 2197 2935 2262 ),
2967 2193 3254 2248 dicendum
3287 2205 3372 2250 est
3400 2189 3529 2249 eum

1923 2262 2128 2334 abiisse
2158 2281 2250 2320 an.
2294 2267 2325 2320 7
2365 2264 2617 2334 Tiberii,
2657 2281 2780 2324 cum
2823 2267 2916 2322 ille
2961 2265 3279 2322 consulatus
3327 2265 3534 2322 incidat

1924 2333 1980 2389 in
2009 2336 2259 2392 eumdem
2288 2353 2511 2392 annum.

1995 2405 2192 2478 (Ibid.)
2224 2409 2485 2464 Atherius.
2531 2409 2811 2464 Hatherius
2845 2409 2954 2478 Vi.,
2996 2407 3086 2472 0.,
3114 2407 3237 2474 Lo.;
3279 2407 3530 2466 Haterius

1921 2475 2036 2543 AL,
2070 2491 2130 2534 ut
2174 2475 2338 2535 etiam
2389 2481 2608 2537 Tacitus
2652 2481 2688 2538 l.
2733 2497 2791 2537 ιιι
2829 2493 2884 2536 et
2925 2475 3000 2546 tv,
3023 2480 3232 2536 Seneca
3262 2480 3298 2534 1.
3330 2498 3343 2536 ι
3377 2491 3433 2536 et
3457 2496 3532 2536 vu

1922 2559 2198 2625 centro_v.,
2243 2561 2512 2625 et_s:epe.
2556 2554 2760 2625 Aterius
2817 2553 3176 2625 sine_spiritu
3222 2551 3331 2619 Pi.,
3362 2552 3526 2625 Ven.,

1921 2615 2070 2689 Lut.,
2096 2621 2255 2688 Fux.,
2286 2615 2617 2679 sicttt'etiam
2646 2624 2868 2680 Hieron.
2903 2615 3124 2679 advers.
3157 2615 3333 2679 error.
3365 2615 3528 2682 Joan;

1921 2687 2222 2761 ﬂierosom
2243 2687 2533 2750 ’Hacterius
2563 2696 2735 2758 Peta.,
2774 2695 3000 2750 Vincen.
3042 2702 3175 2750 tom.
3209 2695 3260 2761 l;
3293 2695 3529 2753 Artorius

1919 2759 2017 2836 Fa.
2042 2762 2314 2820 Caeterum
2343 2776 2398 2818 nt
2430 2768 2567 2822 varii
2601 2768 2818 2822 fuerunt
2852 2767 3001 2824 anni.
3028 2766 3224 2834 quibus
3246 2759 3341 2821 hic
3368 2767 3526 2836 vixit,

1921 2831 2002 2889 sic
2033 2837 2167 2892 varii
2198 2849 2317 2892 sunt
2355 2839 2478 2892 libri
2502 2840 2553 2893 in
2587 2839 2714 2894 situ.
2747 2838 2879 2893 Nam
2912 2840 2964 2893 in
2993 2831 3135 2892 Fux.
3163 2836 3228 2892 ad
3259 2853 3348 2893 an.
3381 2839 3414 2893 9
3439 2831 3532 2894 Ti;

1917 2902 2165 2980 berii;_in
2191 2907 2308 2974 Fa.,
2334 2908 2466 2980 Mar.
2491 2920 2542 2964 et
2575 2911 2876 2980 impressis,
2907 2909 2974 2964 ad
3003 2925 3092 2963 an.
3120 2907 3222 2980 1ος
3254 2909 3306 2965 in
3335 2909 3487 2965 Peta.
3507 2950 3525 2977 ,

1915 2973 2039 3047 Lm.
2078 2977 2186 3045 Pi.,
2219 2973 2302 3033 ad,
2328 2997 2420 3034 an.
2446 2979 2540 3046 1|;
2572 2984 2625 3037 in
2651 2973 2744 3046 Ὁ..
2779 2973 2888 3047 νίξ,
2914 2981 2980 3035 ad
3012 2996 3102 3035 an.
3139 2973 3226 3036 1‘2.
3267 2980 3328 3034 Et
3365 2982 3416 3036 hi
3447 2973 3528 3037 vi;

1919 3045 2130 3122 dentur
2148 3052 2433 3119 sequendi.
2457 3053 2598 3121 quod
2625 3045 2844 3122 propius
2869 3045 3132 3107 accedant
3155 3051 3223 3106 ad
3252 3052 3522 3120 Tacitum,

1917 3120 2214 3193 gnirefert
2265 3123 2300 3175 Ι.
2344 3139 2394 3176 tv
2419 3120 2636 3178 obitum
2660 3120 2821 3193 hujus
2853 3123 3056 3178 Haterii
3086 3123 3140 3177 in
3169 3123 3240 3193 12
3269 3140 3398 3179 ann.
3432 3125 3525 3180 Ti-

1918 3187 2052 3265 berii
2080 3233 2096 3257 ,
2127 3193 2229 3265 Sub
2258 3195 2416 3248 linem
2458 3187 2770 3251 consulatus
2801 3194 3027 3250 Getulici
3071 3204 3121 3248 et
3151 3191 3363 3250 Calvisii
3384 3239 3398 3264 ,
3427 3197 3525 3265 qui

282 3263 472 3340 (Ibid.)
506 3267 796 3322 Mazacam.
829 3267 1098 3340 Mazacam
1119 3266 1214 3332 M.,
1240 3267 1329 3340 δᾴ,
1361 3265 1452 3321 ubi
1483 3280 1641 3340 error
1666 3281 1693 3319 e
1715 3279 1811 3333 pro
1840 3275 1887 3340 ο
1917 3263 2287 3340 contegendus,
2319 3275 2680 3340 est,iauctore
2725 3267 3010 3337 Unuphrio
3057 3266 3113 3322 in
3160 3265 3365 3336 Fastis,
3385 3263 3520 3323 cum

211 3355 260 3402 c;
286 3336 560 3392 Mazacam
589 3341 644 3392 P.
677 3351 727 3393 et
752 3350 859 3393 tres
889 3355 1020 3394 mss.
1053 3339 1208 3404 Fab.;
1237 3337 1530 3393 Illascasam
1552 3336 1809 3402 Vincen.;

211 3409 524 3464 Mosae/iam
554 3410 685 3465 Mar.
728 3410 952 3481 Vulgata
978 3412 1120 3467 haud
1147 3411 1310 3466 dubio
1348 3409 1660 3474 retinenda;
1685 3425 1810 3463 nam

209 3481 277 3535 de
320 3481 542 3534 Μαχαία
589 3481 897 3546 Stephanus
948 3485 1039 3538 lib.
1080 3483 1148 3538 de
1189 3483 1400 3541 Urbib..
1451 3481 1669 3535 Sozom.
1711 3483 1746 3536 l.
1776 3495 1810 3534 v

209 3569 260 3606 c.
288 3554 344 3620 4,
379 3553 532 3620 cujus
561 3554 678 3608 licet
706 3554 892 3610 Graeca
926 3556 1094 3610 editio
1126 3556 1322 3608 habeat
1352 3554 1528 3618 Μάζα,
1563 3553 1812 3622 suspicor

211 3632 395 3697 tamen
429 3639 550 3679 esse
573 3628 824 3679 mendum
852 3637 1319 3697 proptersequens
1339 3625 1610 3697 διωκάθω
1631 3625 1807 3697 enim:

211 3694 368 3773 μαζὰ
392 3699 607 3773 κατὰ-τᾷ
630 3705 836 3773 πρῶτον
858 3694 1226 3771 ὀνομαζομένης
1252 3696 1349 3773 sed
1379 3694 1656 3773 prt_i_Mat’;_a'z
1679 3697 1812 3751 κατά

210 3765 499 3831 legendum
532 3765 748 3833 Μάζοὲκα
794 3765 994 3838 rejecta
1038 3765 1300 3836 particula
1340 3769 1426 3830 τὰ,
1459 3766 1587 3838 liget
1612 3769 1664 3821 in
1699 3783 1813 3818 nia-

209 3826 492 3908 nustripto
520 3826 662 3894 desit
691 3841 779 3893 illa
810 3826 911 3893 vox
940 3826 1091 3907 κατᾶ,
1125 3847 1376 3893 manente
1405 3826 1623 3906 quidem
1656 3838 1811 3903 Μαζᾶ

135 3955 139 3960 ,
207 3909 329 3963 sine
348 3933 431 3965 κα.
461 3909 654 3964 Verum
688 3912 874 3966 nescio
901 3927 970 3965 an
998 3926 1063 3965 ex
1091 3926 1157 3964 eo
1188 3911 1307 3965 loco
1335 3917 1632 3975 sumpserat
1655 3910 1812 3962 Pom-

209 3982 406 4049 poiiius
432 3980 632 4045 laetus,
667 3982 885 4052 quando
913 3982 1102 4037 scribit
1127 3995 1246 4052 eam
1291 3991 1534 4052 vocatam
1568 3979 1810 4047 Mosam;

210 4061 394 4124 tamen
412 4052 610 4107 Strabo
643 4053 677 4107 Ι.
704 4069 813 4113 xxv.
839 4055 1062 4110 Solinus
1083 4051 1374 4124 Polyltist.,
1396 4051 1620 4119 Eutrop.
1647 4053 1684 4106 l.
1712 4067 1806 4116 vit,

209 4120 434 4175 Hieron.
453 4124 503 4176 in
532 4123 674 4177 Esai.
698 4141 844 4190 LXVI,
877 4124 967 4182 ubi
991 4126 1131 4178 hanc
1160 4120 1327 4190 ipsam
1359 4125 1686 4178 sententiam
1721 4141 1807 4178 re-

208 4194 334 4248 fert.
360 4208 586 4259 eantque
632 4194 761 4249 facit
799 4199 1146 4262 nietroltolim
1177 4195 1579 4263 Cappadocum,
1609 4204 1665 4249 et
1688 4196 1810 4263 quis

207 4278 322 4334 non
362 4273 605 4334 veterum
648 4267 766 4334 ejus
793 4268 940 4322 urbis
971 4268 1258 4323 meminit?
1286 4267 1448 4323 Miror
1477 4266 1564 4320 hic
1585 4282 1812 4321 accura-

208 4333 478 4390 tissimum
499 4332 803 4409 Ortelliuin,
818 4341 910 4409 qui
933 4338 986 4393 in
1010 4353 1111 4394 suo
1131 4339 1412 4394 Thesauro
1435 4337 1810 4408 Geographico

207 4415 429 4480 accusat
478 4408 852 4480 l’hilandrum,
895 4410 1040 4480 quod
1091 4411 1144 4464 in
1193 4411 1493 4464 Vitruvium
1526 4411 1811 4479 scripserit

203 4477 346 4552 male
388 4477 522 4532 lianc
567 4479 838 4535 Mazacam
885 4477 1058 4537 vocari
1113 4481 1385 4552 Megaram
1434 4483 1498 4535 ab
1559 4477 1804 4536 Eusebio.

204 4546 394 4622 ljleque
424 4553 567 4606 enim
600 4553 890 4609 Philander
912 4556 1000 4609 illa
1031 4546 1226 4609 tribttii
1242 4553 1498 4622 Eusebio,
1522 4555 1615 4609 sed
1639 4555 1806 4612 Sexto

206 4617 380 4696 Rufo,
406 4636 538 4696 _seu_
555 4623 669 4692 ejus
699 4627 1057 4696 typographo.

279 4690 738 4765 (Ibid.)mPo—mpeii
765 4690 1023 4751 thEatr'um
1051 4699 1338 4752 incensum.
1356 4694 1667 4752 Incendium
1698 4697 1800 4752 hoc

205 4761 274 4816 ad
302 4779 389 4817 an.
407 4765 435 4816 7
456 4761 659 4821 Tiberii
683 4782 1036 4834 reposuerunt
1071 4769 1232 4833 Fux.,
1258 4772 1534 4824 Contract.
1557 4781 1610 4822 et
1638 4769 1798 4833 Man;

204 4847 296 4906 an.
326 4835 381 4906 8,
408 4838 579 4897 Peta..
605 4838 726 4903 Lo.,
749 4839 846 4892 Fa.
872 4852 925 4893 et
970 4840 1246 4906 vulgares;
1268 4841 1335 4894 ad
1354 4855 1556 4895 annum
1579 4840 1798 4896 demum

208 4903 294 4958 10.
325 4905 428 4974 Pi.,
455 4907 519 4961 0.
549 4920 604 4963 et
632 4910 712 4963 Vi.
741 4909 961 4966 Tacitus
989 4910 1027 4964 l.
1065 4903 1119 4965 iit
1144 4903 1287 4966 anno
1310 4913 1344 4967 9
1372 4911 1570 4965 Tiberii
1601 4930 1611 4964 :
1641 4909 1802 4964 Pom-

204 4977 325 5046 pei,
348 4979 550 5052 inquit.
587 4979 847 5034 theatrum
875 4981 992 5052 igne
1029 4985 1242 5050 fortuito
1271 4981 1513 5036 haustum
1539 4983 1800 5038 est-Nam

204 5060 492 5123 antequam
524 5051 809 5120 Pompeius
826 5051 1050 5122 Magnus
1076 5069 1165 5108 an.
1191 5053 1328 5108 Urb.
1349 5054 1457 5109 699
1480 5065 1798 5123 perpetuum

204 5117 473 5198 theatrum
501 5163 516 5187 ,
559 5117 689 5198 seu:
710 5117 1010 5198 mansurum
1051 5123 1238 5178 theatri
1264 5167 1276 5185 ,
1309 5117 1759 5198 sedentposuisset
1785 5172 1799 5194 ,

204 5189 322 5242 ludi
343 5192 590 5270 solebant,
608 5195 690 5270 edi
716 5195 986 5270 subitariis
1010 5197 1258 5270 gradibus
1277 5207 1330 5270 et
1350 5189 1582 5251 scena-in
1607 5189 1804 5270 tempus

203 5271 429 5330 structa,
479 5268 553 5320 ait
582 5268 728 5322 idem
771 5267 1067 5328 Tacitus].
1112 5284 1221 5321 xxv.
1268 5269 1420 5324 Unde
1450 5267 1724 5326 Ausonius
1751 5271 1802 5323 in

206 5331 440 5406 Prologo
470 5337 582 5394 ludi
606 5349 812 5407 septem
836 5339 1141 5409 sapientum
1171 5356 1187 5396 :

360 5476 534 5527 Αἰαίης
555 5478 670 5528 olim
691 5493 889 5531 scenam
913 5480 1182 5531 tabulatam
1200 5481 1350 5532 dabat

359 5540 536 5592 Subito
561 5544 828 5594 excitatam
854 5543 985 5594 nulla
1010 5542 1141 5594 mole
1159 5557 1330 5594 saxea.

207 5686 442 5759 Populus
471 5692 612 5745 enim
645 5691 803 5750 Rom.
831 5704 986 5748 antea
1016 5693 1195 5750 stabat
1226 5695 1278 5748 in
1315 5694 1531 5748 theatro
1551 5693 1690 5750 sicut
1720 5710 1804 5751 se-

205 5760 362 5832 debat
421 5764 472 5817 in
519 5764 700 5829 circii,
735 5765 980 5818 scribunt
1007 5766 1266 5830 Tacitus,
1317 5766 1494 5822 Valer.
1529 5765 1670 5821 Max.
1707 5767 1741 5822 Ι.
1770 5784 1805 5822 ιι

206 5845 328 5908 cap,
356 5837 416 5893 .l..
451 5846 503 5888 et
530 5836 619 5888 alii
653 5855 666 5889 :
703 5835 836 5908 illud
865 5853 992 5890 vero
1023 5839 1292 5891 theatrum
1333 5839 1622 5906 sufﬁciebat
1661 5841 1806 5908 large

205 5904 270 5958 ad
311 5905 574 5960 hominum
621 5909 680 5961 ιι)
727 5906 921 5974 millia,
961 5920 1010 5963 nt
1057 5912 1128 5964 ait
1167 5910 1308 5968 Ριίιι.
1345 5904 1506 5965 Law
1546 5927 1665 5982 cap.
1715 5904 1802 5966 1⁷5.

1828 4665 1882 4725 D

1915 3333 2114 3405 anno?
2145 3333 2350 3405 olymp.
2378 3335 2479 3392 ‘20!
2513 3348 2568 3392 et
2599 3339 2730 3394 Urb.
2759 3333 2882 3394 778'.

1969 3404 2008 3485 .(
2033 3403 2167 3485 Ibid.
2194 3403 2468 3485 hauriunt,
2497 3427 2719 3485 summa.
2753 3410 2963 3466 Annum
2991 3410 3046 3464 in
3066 3426 3266 3464 summa
3295 3409 3384 3485 L._,
3411 3408 3517 3485 Pi_.,

1918 3473 2028 3537 Vi.,
2074 3473 2202 3543 1.0.,
2227 3479 2491 3541 0..Fttx.,
2515 3480 2702 3547 Peta.;
2733 3499 2932 3536 annum
2961 3497 3078 3534 cum
3116 3498 3314 3536 summo
3348 3473 3437 3546 Α..
3458 3473 3520 3538 P.

1987 3547 2201 3621 (Ibid.)
2230 3550 2442 3606 Servius
2473 3552 2698 3609 Plautus
2736 3566 2844 3608 etc.
2875 3553 3075 3609 Samius
3104 3551 3193 3616 A.,
3227 3553 3322 3616 11.,
3367 3553 3516 3619 Vat.,

1915 3615 2007 3696 gi
2048 3615 2499 3696 Sei_u's.V.,__Va.;
2534 3623 2788 3696 Servilius
2834 3623 2920 3694 L.,
2953 3625 3078 3696 PL;
3133 3615 3344 3679 servius
3392 3615 3521 3686 Lm,

1915 3687 2089 3777 i’etap
2121 3687 2284 3774 Fuit.,
2338 3687 2495 3777 Vetu,
2547 3694 2689 3777 Lut._
2717 3687 3042 3752 Gernia'nior
3068 3687 3297 3777 vulgata
3324 3740 3339 3762 ,
3373 3697 3517 3777 quod

1916 3760 2019 3836 huc
2042 3762 2256 3836 servius
2287 3766 2540 3820 usitatius
2568 3768 2640 3820 sit
2673 3769 2812 3823 inter
2843 3760 3203 3836 praenomina:
3235 3760 3340 3821 non
3383 3760 3514 3822 item

1913 3831 2042 3886 alia.
2083 3833 2254 3888 Video
2285 3836 2498 3902 placere
2539 3838 2658 3892 viro
2701 3831 2865 3893 docto
2891 3881 2905 3899 .
2947 3847 3008 3892 ut
3047 3836 3133 3891 hic
3161 3847 3385 3892 vocetur
3417 3838 3516 3894 Se-

1913 3918 2070 3978 renus
2121 3906 2261 3972 apud
2305 3906 2549 3961 Tacitum
2597 3910 2632 3965 Ι.
2676 3925 2759 3974 tv,
2800 3911 2928 3963 dum
2983 3917 3168 3962 narrat
3219 3909 3510 3978 quemdam

1913 3973 2089 4051 lilium
2118 3991 2404 4051 accusasse
2423 3991 2628 4047 patrem
2655 3973 2810 4034 Suum
2838 3973 3268 4051 (quellIVdcalQ.
3296 3980 3510 4036 Vibium

1912 4046 2202 4116 Serenum)
2231 4049 2373 4116 quod
2402 4046 2674 4106 struxisset
2708 4046 2908 4106 Tiberio
2950 4053 3166 4106 insidias
3203 4046 3252 4105 et
3291 4051 3513 4108 misisset

1911 4116 1966 4170 in
2012 4116 2242 4172 Galliam
2270 4121 2556 4175 concitores
2597 4123 2740 4178 belli.
2782 4124 2985 4180 Tamen
3018 4123 3146 4178 licet
3181 4125 3512 4182 conveniant

1911 4187 2026 4243 fere
2055 4191 2106 4243 in
2134 4205 2298 4256 anno,
2340 4207 2461 4247 cum
2497 4193 2582 4248 hic
2608 4195 2674 4249 ad
2721 4212 2918 4251 annum
2970 4195 3239 4249 decimutn
3269 4194 3504 4264 Tiberii,

1910 4271 2099 4332 auctor
2131 4277 2259 4316 vero
2289 4264 2355 4318 ad
2386 4280 2586 4320 annum
2629 4266 2975 4322 undecimum
3001 4267 3268 4332 collucet;
3312 4266 3511 4321 nihilo-

1912 4331 2089 4408 _mi_nus
2141 4349 2248 4408 non
2289 4336 2446 4391 video
2483 4340 2756 4405 quomodo
2805 4339 2894 4392 illa
2929 4338 3152 4392 historia
3181 4331 3507 4408 respondeat

1911 4403 2030 4457 istis
2078 4407 2270 4481 verbis
2317 4403 2559 4464 auctoris
2615 4411 2848 4479 corrupti
2897 4411 2995 4481 ﬁlii
3033 4426 3198 4474 reus;
3245 4403 3540 4477 praeterea.

1911 4488 2064 4542 pater
2109 4476 2201 4530 ille
2233 4478 2461 4534 Serenus
2497 4496 2602 4536 non
2653 4476 2850 4536 dicitur
2881 4476 3108 4536 mortem
3152 4476 3256 4536 sibi
3298 4485 3509 4536 consci-

1909 4545 2076 4613 visse,
2111 4550 2203 4602 sed
2238 4552 2460 4605 missum
2507 4555 2560 4608 in
2609 4555 2858 4607 exsilium
2909 4553 3096 4608 fuisse.
3129 4553 3395 4608 (laterum
3440 4570 3508 4608 eo

1909 4623 2275 4692 communiter
2317 4627 2652 4692 propendent
2677 4626 2924 4682 codices.
2961 4635 3016 4676 ιιι
3047 4639 3189 4678 anno
3217 4625 3506 4679 undecimo

1907 4688 2110 4746 Tiberii
2146 4688 2440 4760 assignant.
2488 4695 2578 4752 Sic
2616 4699 2760 4751 enim
2805 4696 2964 4756 Fux..
3008 4693 3184 4755 Peta..
3227 4695 3347 4760 Lo.,
3385 4696 3502 4758 Fa.,

1908 4762 2255 4887 glar.,'editi.
2299 4767 2410 4821 Soli
2450 4769 2594 4823 enim
2639 4769 2746 4833 Vi.,
2786 4765 2876 4837 0.,
2919 4768 3024 4831 Pi.,
3065 4767 3371 4834 dissident,
3412 4769 3504 4838 qui

1943 4850 2051 4887 nuo
2115 4855 2165 4887 ι).

1908 4848 2051 4888 anno
2083 4848 2165 4890 τι).

1985 4905 2170 4976 (Ibid.)
2209 4905 2484 4980 Philippus
2526 4909 2836 4974 Tetrarcha,
2877 4918 2982 4964 etc.
3035 4910 3308 4976 Quoniam
3367 4912 3499 4966 anni

1910 4976 2220 5031 observatio
2270 4976 2431 5034 verus
2471 4993 2552 5036 est
2597 4983 2838 5036 historia:
2885 4982 3074 5048 index,
3105 4982 3497 5040 advertendum

1909 5048 2168 5122 collocari
2223 5049 2336 5104 haec
2384 5052 2622 5117 diverse,
2656 5063 2713 5106 ut
2757 5055 3048 5122 aliquando
3079 5055 3320 5120 quidem,
3354 5064 3414 5108 ut
3443 5056 3499 5110 in

1910 5119 2072 5184 Fttx.,
2101 5122 2178 5194 ad
2201 5137 2291 5176 an.
2323 5125 2376 5179 tl
2413 5124 2615 5179 Tiberii
2643 5143 2654 5178 :
2683 5119 2982 5193 aliquando
3009 5123 3074 5179 ad
3105 5140 3196 5178 an.
3239 5127 3328 5190 12,
3354 5128 3496 5194 quod

1907 5193 2253 5247 ciimtnnnius
2294 5206 2399 5262 est,
2431 5208 2492 5250 ut
2528 5197 2580 5249 in
2612 5195 2792 5256 Peta.,
2823 5195 2948 5260 1.0.,
2979 5196 3100 5262 Fa.,
3135 5198 3266 5252 Mar.
3299 5207 3354 5250 et
3375 5193 3498 5252 im-

1909 5265 2133 5334 pressis.
2161 5267 2309 5321 Alias
2340 5283 2471 5322 vero
2499 5267 2565 5321 ad
2599 5283 2688 5320 an.
2718 5268 2803 5330 15,
2838 5278 2892 5320 ιιι
2915 5267 2966 5322 in
2996 5269 3098 5333 Pi.,
3129 5269 3210 5323 Vi.
3237 5278 3292 5323 et
3318 5266 3501 5325 0.109

1909 5335 2111 5406 sephns
2165 5339 2488 5402 autem,lib.
2519 5355 2593 5394 xu
2652 5339 2876 5407 Antiqu.
2923 5354 3047 5404 cap.
3077 5341 3133 5403 3,
3179 5341 3281 5395 ista
3329 5339 3501 5400 refert

1909 5409 1975 5481 ad
2014 5417 2227 5477 tempus
2249 5411 2496 5479 Augusti,
2534 5412 2744 5466 scilicet
2767 5411 2832 5463 ad
2857 5427 2944 5464 an.
2971 5411 3039 5466 57
3070 5421 3195 5481 post
3219 5413 3494 5470 Actiacam

1909 5480 2196 5534 victoriam
2231 5501 2243 5535 :
2272 5482 2596 5537 crediderim
2630 5490 2807 5536 tamen
2859 5498 2982 5538 esse
3026 5480 3278 5540 mendum
3311 5487 3361 5538 in
3396 5485 3500 5542 hoc

1910 5555 2312 5626 numerti,qtiia
2358 5556 2540 5608 statim
2590 5555 2704 5622 ipse
2757 5566 2943 5608 narrat
3007 5554 3217 5610 obitum
3267 5555 3496 5626 Augusti

1910 5635 2028 5694 post
2051 5639 2140 5676 an.
2177 5624 2266 5690 57,
2297 5635 2349 5678 et
2383 5642 2554 5680 mens.
2585 5629 2617 5680 b'
2647 5626 2881 5694 imperii,
2906 5642 2970 5680 ex
3000 5628 3197 5695 quibus
3226 5626 3300 5683 ait
3326 5624 3495 5681 vixis-

1909 5712 1969 5768 se
2004 5695 2068 5750 Μ
2096 5696 2252 5750 annis
2283 5708 2406 5768 ante
2440 5698 2584 5751 illam
2629 5713 2882 5768 pugnam.
2921 5697 3062 5759 Ergo
3093 5699 3272 5752 forsan
3307 5713 3403 5766 pro
3425 5699 3494 5754 '57

1908 5767 2190 5830 legendum
2224 5784 2298 5822 CSI
2335 5767 2405 5822 49.
2427 5782 2511 5821 aut
2539 5768 2629 5832 43,
2660 5767 2766 5822 non
2791 5778 2967 5822 autem
2995 5769 3088 5830 Ἦ,
3121 5777 3177 5822 ιιι
3207 5785 3496 5824 recensen-

1910 5838 2035 5890 dntn
2071 5849 2223 5906 putat
2252 5841 2612 5907 (Insttinianus
2640 5842 2690 5893 in
2723 5840 3038 5896 (lassiodnr.
3062 5855 3178 5909 pag.
3213 5842 3340 5906 549,
3367 5841 3493 5895 dum

1911 5927 2018 5965 non
2051 5911 2190 5967 bene
2226 5914 2504 5968 existimat
2533 5913 2833 5981 Josephum
2868 5913 3012 5984 loqui
3042 5912 3110 5968 de
3141 5911 3333 5968 eodem
3371 5927 3503 5969 ceu~
