4112 6420
321 367 459 428 101³1

1246 364 1363 421 ΑΒ.
1403 360 1698 421 ΡΟΝΤᾹΟΙ
1735 358 2283 422 CASTIGATIONES
2323 363 2412 423 ET
2449 363 2682 424 ΝΟΤᾹ.

3477 363 3615 422 1018

322 486 463 544 nicis
489 498 815 556 componere
845 498 1046 540 annum
1073 482 1144 540 50
1173 481 1377 539 Christi
1407 497 1528 538 cum
1557 495 1708 556 anno
1720 481 1795 556 ab
1819 496 1910 535 or-
1937 479 1989 541 Δ
2015 483 2326 554 passionem,
2354 495 2486 555 etc.,
2521 495 2796 549 ponuntur
2825 486 2891 542 ad
2922 500 3124 542 annum
3158 484 3434 543 decimum
3463 495 3617 541 octa-

321 562 391 616 he
421 558 584 619 59°38.
615 553 758 624 quod
800 566 948 612 recte
993 557 1246 618 congruit
1281 570 1406 610 cum
1439 556 1644 609 nostris
1677 553 1830 608 libris
1856 564 1914 609 et

325 633 420 687 illo
450 644 681 684 numero
711 628 951 685 auctoris
992 628 1156 691 9.242,
1187 629 1254 682 ab
1296 626 1467 681 Adam
1512 625 1580 681 ad
1623 625 1910 680 diluvium.

323 702 630 764 Cetlrcnus,
660 701 787 755 dum
829 702 957 754 citat
1003 708 1246 754 nostrum
1296 711 1576 754 aucmrein
1633 698 1701 751 de
1749 699 1914 753 anuis

326 773 512 830 mundi
544 789 714 843 usque
741 771 806 826 ad
841 773 909 827 18
935 771 1166 843 Tiberii,
1196 771 1365 843 refert
1385 784 1575 843 annos
1615 769 1778 824 5559.
1812 768 1914 843 ve-

323 863 444 902 rum
470 841 674 899 librarii
704 844 832 898 vitio
865 844 916 898 id
941 842 1142 907 tribuo,
1172 858 1266 909 pro
1297 841 1460 899 528i.
1485 841 1610 906 quia
1633 841 1915 896 Contundit

327 931 500 973 annos
530 916 748 971 Eusebii
789 931 909 970 cum
952 915 1111 971 annis
1142 913 1394 978 Cedreni,
1423 913 1566 984 apud
1617 928 1777 984 quem
1809 929 1912 966 uu-

326 997 607 1044 morantur
635 986 764 1041 anui
794 986 950 1042 3559.

401 1061 596 1132 (Ibid.),
621 1058 944 1132 Principium
975 1059 1308 1130 octuagesimi
1330 1058 1480 1132 primi
1496 1056 1708 1132 jubiltci
1729 1073 1914 1111 secun-

329 1129 454 1186 dum
495 1131 765 1185 Hebraeos.
799 1130 926 1186 Haec
952 1129 1167 1201 quoque
1206 1129 1536 1185 inser-nimus
1568 1129 1692 1184 freti
1725 1140 1917 1184 aucto-

327 1206 487 1260 ritate
518 1203 696 1266 Bedae,
727 1202 976 1260 Mariani.
1006 1202 1230 1269 Adonis,
1261 1203 1540 1257 Contrarti
1574 1211 1629 1256 et
1659 1201 1914 1259 aliorum.

329 1279 419 1339 qui
450 1290 641 1328 omnes
673 1273 917 1328 referunt
944 1272 1210 1329 Chronica
1258 1273 1477 1328 Eusebii
1508 1273 1574 1327 ad
1612 1287 1813 1327 annum
1846 1273 1916 1327 16

329 1347 558 1411 Tiberii,
593 1345 696 1400 hoc
727 1347 902 1412 ipsum
947 1347 1235 1414 complecti
1267 1365 1280 1399 :
1310 1346 1454 1399 sicut
1495 1346 1658 1400 etiam
1714 1344 1918 1398 habent

328 1419 546 1474 codices
579 1418 892 1483 l’etavinus,
930 1417 1220 1483 Fuxensis,
1252 1417 1589 1475 Victorinus.
1619 1426 1673 1470 et
1703 1416 1912 1484 Oiselli,

331 1491 463 1546 licet
504 1489 660 1558 primi
694 1489 800 1542 duo
838 1497 1048 1543 tantum
1089 1490 1155 1542 ad
1187 1503 1361 1552 oram,
1387 1497 1454 1558 et
1502 1487 1628 1542 licet
1672 1488 1764 1542 alii
1795 1487 1917 1542 loco

330 1557 666 1628 octuayesimi
694 1561 851 1630 primi
898 1561 1130 1616 habeant
1165 1559 1418 1631 vigesimi.
1436 1557 1543 1614 Sed
1574 1559 1759 1613 vitium
1784 1573 1916 1631 esse

331 1633 542 1688 librarii
570 1647 670 1701 pro
696 1629 791 1696 ’81,
819 1631 951 1686 satis
978 1641 1193 1687 constat
1218 1629 1288 1687 ex
1321 1631 1753 1700 pra-cedentibus
1773 1629 1918 1697 jubi-

331 1704 449 1760 imis
493 1714 548 1758 et
587 1706 701 1771 ipsa
737 1705 948 1759 ratione
999 1704 1418 1772 supputationis.
1468 1702 1598 1756 Nam
1653 1702 1918 1757 Eusebius

332 1776 600 1843 signiﬁcat
632 1776 915 1842 trigesimo
940 1791 1084 1830 anno
1111 1774 1341 1838 Christi,
1365 1790 1460 1828 seu
1492 1773 1705 1828 decimo
1727 1773 1918 1837 quinto

333 1847 568 1912 Tiberii,
591 1846 947 1917 perlicijuxta
985 1847 1250 1902 Hebrzeos
1273 1855 1529 1917 quartum
1565 1845 1914 1899 millesimum

333 1919 404 1974 ab
430 1920 584 1982 orbe,
615 1919 730 1972 sive
771 1921 1108 1989 ortuagesies
1153 1917 1548 1988 quinmtagiuta
1597 1932 1788 1980 annos,
1819 1933 1914 1989 seu

336 1992 649 2061 octuaginta
677 1987 955 2055 jubilteos:
980 2001 1142 2061 prout
1170 1987 1349 2061 (sicuti
1382 1991 1496 2056 ipse
1541 1987 1914 2060 praenmnuit)

333 2061 571 2132 quilibet
595 2060 847 2126 jubilaeus
875 2060 1144 2132 signiﬁcat
1173 2060 1228 2115 et
1259 2061 1504 2116 continet
1528 2061 1915 2132 quinquaginta

337 2131 533 2188 annos.
568 2132 675 2188 Nec
715 2131 1134 2188 mirerisannos
1163 2133 1304 2189 4000
1334 2133 1484 2202 juxta
1530 2132 1788 2186 Hebraeus
1815 2131 1916 2186 ab-

337 2206 474 2259 solvi
503 2220 645 2258 anno
675 2204 875 2260 Christi
910 2205 1213 2273 trigesimo,
1245 2207 1368 2270 quia
1405 2220 1432 2257 a
1470 2203 1916 2274 quinquagesimo

337 2277 514 2346 primo
539 2276 806 2331 Abraham
838 2276 914 2349 (in
947 2293 1054 2347 quo
1080 2277 1188 2349 duo
1212 2277 1369 2349 primi
1399 2275 1688 2349 milleuarii
1709 2275 1787 2349 ab
1829 2291 1919 2328 or-

343 2349 412 2403 be
437 2356 594 2401 erant
615 2347 1018 2420 exacti)jtsque
1056 2348 1121 2401 ad
1157 2348 1489 2418 trigesimum
1518 2348 1741 2420 Christi,
1763 2347 1919 2416 juxta

339 2418 1194 2488 supputationemEusebianam,
1230 2435 1335 2473 non
1369 2419 1472 2474 nisi
1499 2418 1639 2473 1994
1671 2420 1797 2472 anni
1826 2435 1917 2473 re-

339 2500 582 2557 surgant.
616 2490 747 2546 Ν.ιιιι
779 2492 990 2560 diversa
1020 2502 1103 2545 est
1135 2493 1483 2546 llebrteortnn
1516 2500 1572 2544 et
1600 2489 1816 2544 Eusebii
1839 2506 1922 2544 ra-

339 2562 414 2616 tio
445 2579 743 2626 aunorum;
779 2563 927 2617 verbi
958 2563 1102 2618 enim
1130 2564 1324 2632 gratia,
1357 2563 1624 2616 Eusebius
1662 2564 1735 2615 ait
1759 2561 1921 2615 Ham-

338 2649 464 2687 mon
488 2649 744 2703 regnasse
764 2634 1048 2690 duodecim
1075 2649 1267 2699 annos,
1288 2635 1500 2688 Hebraei
1519 2633 1656 2688 duos
1688 2641 1916 2686 tantum.

343 2706 782 2762 Eusebiuslosim
813 2722 1036 2775 regnum
1062 2705 1128 2761 ad
1150 2722 1278 2760 ann.
1305 2705 1372 2758 52
1396 2714 1678 2774 prorogat,
1704 2704 1919 2758 llebrmi

338 2777 406 2831 ad
432 2777 493 2831 51
529 2787 755 2831 tantum.
787 2779 850 2832 Et
890 2779 1004 2846 ipse
1035 2777 1322 2839 Eusebius,
1347 2792 1467 2830 cum
1513 2777 1604 2829 dat
1647 2791 1821 2829 annos
1849 2775 1922 2830 ‘22

340 2848 526 2902 Thulin
548 2849 740 2918 judici,
767 2859 917 2904 notat
958 2850 1090 2902 alias
1133 2850 1226 2914 ‘23,
1256 2848 1536 2902 secundum
1569 2847 1839 2911 Hebraeos,
1867 2858 1923 2902 et

339 2921 420 2974 sic
465 2921 534 2974 de
585 2922 800 2975 caneris
833 2937 846 2974 :
877 2920 1017 2975 unde
1057 2937 1164 2974 nun
1217 2921 1334 2975 sine
1383 2919 1589 2986 judicio
1633 2921 1919 2984 Eusebius,

339 2992 467 3046 dum
491 2991 863 3062 perjubilteos
907 3001 1212 3054 enumerat,
1246 2991 1464 3059 subiicit
1500 2990 1783 3044 secundum
1819 2989 1924 3044 He-

341 3063 522 3118 brtros.
556 3065 708 3119 Scias
729 3073 908 3118 autem
940 3066 1274 3133 posteriores
1305 3064 1564 3117 llebrzeos
1596 3064 1822 3115 multum
1849 3063 1923 3117 in-

342 3146 424 3190 ter
454 3153 511 3190 se
535 3135 820 3199 dissidere,
847 3147 899 3189 et
927 3151 958 3188 a
986 3135 1289 3199 veteribus;
1311 3136 1504 3200 vulgus
1533 3143 1713 3187 autem
1739 3133 1922 3187 rabbi-

346 3222 554 3271 norum,
589 3223 684 3261 seu
724 3209 884 3261 etiam
910 3206 1218 3262 Judieurum
1251 3220 1540 3260 munerare
1570 3205 1636 3260 ab
1666 3205 1800 3259 urbe
1831 3220 1922 3260 us-

1949 1883 1996 1943 B

2017 570 2144 629 vum
2174 560 2499 629 cum_signo
2529 559 2660 614 item
2697 560 2875 614 crucis
2900 575 2930 614 e
2956 559 3184 629 regione
3227 579 3238 612 :
3266 559 3318 613 iu
3348 559 3472 613 aliis
3503 568 3616 612 tres

2020 625 2104 680 ha:
2138 627 2371 696 periodi,
2396 625 2517 701 qua:
2546 631 2811 698 incipiunt
2841 647 2869 684 a
2891 625 3049 686 Iesus
3081 629 3335 694 Christus,
3369 639 3503 692 etc.,
3525 645 3614 684 se-

2019 708 2284 774 parantur
2330 702 2438 774 ita,
2467 712 2525 755 ut
2547 704 2717 769 prima
2745 703 2964 774 quidem
3003 718 3149 758 anno
3176 703 3241 757 16
3263 701 3491 766 Tiberii,
3523 715 3616 755 se-

2017 770 2198 824 cunda
2219 787 2363 826 anno
2398 773 2486 837 17,
2513 776 2670 828 tertia
2704 770 2844 828 anno
2886 775 2952 830 18
2987 774 3336 840 respondeat,
3363 781 3412 827 et
3441 786 3617 827 annus

2021 843 2086 898 19
2115 841 2323 897 Tiberii
2357 844 2672 899 inscribitur
2702 847 2767 900 ad
2817 847 2958 900 latus
2984 847 3270 900 sinistrum
3304 846 3450 900 illitis
3493 860 3620 900 sett-

2019 917 2226 989 teutize.
2247 913 2494 989 Ecclesia;
2521 915 3031 989 Hierosolymorum.
3053 917 3343 989 etc.;qucd
3373 915 3518 989 idem
3556 914 3620 969 Ii-

2019 998 2106 1039 cet
2147 987 2440 1042 observare
2471 987 2523 1041 in
2551 987 2612 1041 Vi
2646 1031 2660 1050 ,
2694 987 2784 1053 0.,
2819 989 2910 1042 tibi
2936 1005 3152 1058 quoque
3178 990 3244 1043 ad
3293 988 3434 1041 latus
3486 988 3618 1042 dex-

2018 1066 2162 1130 trutn
2190 1058 2403 1125 ponitur
2449 1058 2760 1129 trigesimus
2799 1071 3028 1130 quartus
3069 1075 3242 1115 annus
3275 1059 3499 1114 Christi.
3548 1061 3619 1114 Αι

2021 1130 2074 1202 in
2105 1129 2278 1193 Peta.,
2305 1130 2426 1191 Lo.,
2453 1131 2719 1202 annusrlt)
2741 1129 3033 1201 apponitur
3055 1148 3087 1188 e
3110 1133 3334 1202 regione
3357 1133 3614 1202 istorum,

2021 1200 2164 1256 Solis
2187 1202 2328 1269 facta
2351 1202 2608 1264 defectio:
2638 1201 2691 1257 in
2726 1200 2825 1257 Fa.
2854 1216 3036 1257 autem
3070 1221 3141 1259 ex
3175 1200 3428 1273 opposito
3456 1201 3618 1270 hujus

2021 1275 2313 1341 sententia,
2332 1273 2541 1327 Cassius
2563 1273 2808 1338 Severus,
2830 1285 2937 1331 etc.
2957 1275 3063 1330 Sed
3091 1277 3141 1331 in
3165 1275 3269 1331 hoc
3286 1275 3618 1330 conveniunt

2021 1346 2202 1399 omnia
2240 1345 2595 1412 exemplaria,
2628 1355 2686 1400 ut
2735 1351 2849 1402 haec
2889 1347 3168 1412 periodus,
3221 1347 3430 1402 Pilatus
3478 1355 3614 1416 post,

2022 1427 2157 1484 etc.,
2193 1433 2337 1470 anno
2381 1419 2642 1487 vigesimo
2693 1418 2898 1474 Tiberii
2953 1419 3285 1488 assignetur,
3331 1428 3386 1474 et
3436 1418 3618 1485 primo

2021 1489 2229 1559 olymp.
2255 1488 2363 1544 203
2392 1499 2790 1558 :przeterquam
2820 1491 2870 1544 in
2903 1489 3014 1545 γι..
3040 1491 3131 1550 0.,
3162 1491 3252 1544 tibi
3287 1491 3494 1558 primus
3526 1490 3618 1543 ille

2023 1574 2196 1614 annus
2226 1561 2556 1632 olymp.°205
2587 1562 2778 1616 incidit
2810 1563 2861 1615 in
2891 1561 2958 1616 21
2995 1561 3237 1626 Tiberii;
3269 1579 3333 1615 ex
3363 1561 3616 1630 opposito

2022 1646 2154 1686 vero
2180 1632 2327 1706 illius
2356 1643 2497 1706 notae
2534 1635 2742 1706 numeri
2779 1634 2852 1706 ’ςζο
2885 1633 3107 1706 ponitur
3136 1633 3366 1706 Sejanus
3398 1635 3618 1706 prtet‘ec-

2024 1711 2127 1756 tus.
2180 1703 2236 1757 lu
2271 1705 2393 1766 Lo.,
2429 1705 2604 1766 Peta.,
2641 1705 2750 1768 Pi.,
2786 1702 2906 1767 Fa.,
2939 1704 3101 1764 Fux..
3152 1702 3216 1759 et'
3253 1705 3307 1758 in
3361 1702 3618 1759 omnibus

2025 1775 2258 1848 vulgatis
2298 1792 2488 1848 annus
2546 1776 2879 1848 olymp.?lﬁ.
2907 1777 3153 1848 reiicitur
3201 1776 3269 1831 ad
3319 1773 3615 1848 aunumlli

2025 1845 2262 1912 Tiberii;
2295 1847 2348 1901 in
2375 1847 2466 1911 V.,
2495 1845 2680 1910 0.,'ad
2704 1864 2902 1903 annum
2939 1847 3023 1902 17.
3057 1848 3161 1904 Sed
3197 1848 3250 1902 in
3285 1848 3369 1900 his
3391 1846 3620 1901 mendu-

2022 1931 2106 1980 se,
2140 1928 2197 1972 ut
2226 1927 2440 1972 constat
2461 1935 2526 1974 ex
2561 1921 2624 1974 iis
2651 1935 2773 1989 quae
2804 1931 2930 1973 ante
2958 1920 3290 1974 notavimus.
3337 1917 3479 1986 Quid
3527 1915 3619 1971 alii

2021 1989 2378 2060 Cliirographi
2411 1992 2672 2055 habeant,
2706 1993 2866 2060 periit
2896 1992 3158 2046 memoria
3183 2007 3286 2045 una
3321 2005 3444 2043 cum
3476 1989 3615 2043 meis

2028 2061 2264 2131 antiquis
2294 2063 2792 2123 observationibus.
2822 2081 2942 2129 qua:
2971 2063 3102 2117 mihi
3133 2062 3459 2116 tumultibus
3486 2060 3608 2113 bel-

2023 2132 2142 2186 licis
2171 2133 2398 2202 direpta:
2429 2145 2578 2188 sunt.
2604 2137 2924 2190 Anastasius
2957 2134 3413 2189 Bibliotliecarius
3439 2137 3490 2185 in
3517 2146 3616 2186 sua

2021 2204 2411 2277 Chronologia,
2435 2222 2598 2276 (luam
2631 2223 2697 2260 ex
2719 2206 2938 2277 Georgii
2963 2205 3209 2260 monachi
3242 2214 3297 2260 et
3325 2204 3619 2277 Theopha-

2023 2277 2105 2330 nis
2134 2274 2600 2346 Chronograpliiis
2644 2278 2851 2333 Graecis
2871 2274 3182 2333 'succinctc
3233 2274 3512 2342 excerpsit
3542 2283 3618 2346 et

2024 2349 2326 2414 transtulit,
2359 2345 2413 2402 et
2442 2363 2604 2418 quam
2633 2351 2763 2404 olim
2799 2348 3026 2417 legimus
3058 2351 3109 2403 in
3148 2347 3486 2402 Bibliotheca
3504 2345 3618 2418 7V3-

2024 2419 2229 2487 ticana,
2269 2417 2470 2490 cuique
2491 2420 2672 2476 simile
2699 2421 2981 2490 exemplar
3020 2421 3160 2486 apud
3207 2434 3306 2474 nos
3346 2426 3455 2490 est,
3483 2417 3614 2490 dum

2024 2491 2191 2545 refert
2235 2493 2336 2546 ista
2379 2488 2460 2546 ex
2491 2503 2678 2549 nostro
2723 2488 2966 2556 auctore,
3006 2492 3089 2547 sic
3142 2491 3357 2553 scribit,
3396 2488 3616 2544 Eusebii

2023 2561 2288 2634 Ifamphili
2339 2564 2401 2617 de
2459 2563 2556 2616 hoc
2605 2566 2721 2632 ipso
2750 2563 2843 2633 (de
2890 2563 3090 2618 Christi
3141 2560 3418 2634 passione)
3462 2558 3619 2616 Iesus

2024 2631 2260 2688 Christus
2290 2633 2434 2704 ﬁlius
2469 2635 2561 2688 Dei
2605 2631 2655 2689 et
2686 2631 2944 2689 Dominus
2975 2646 3148 2688 noster
3177 2633 3468 2688 secundum
3497 2647 3620 2698 pro-

2025 2706 2252 2774 phetias.
2285 2723 2400 2772 ante
2438 2712 2501 2758 de
2531 2708 2644 2775 ipso
2673 2718 2811 2762 sunt.
2842 2708 2910 2760 ad
2935 2710 3226 2775 passionem
3254 2714 3496 2773 praperat
3527 2719 3616 2757 an.

2025 2792 2173 2848 itvnu
2201 2777 2407 2848 (forsan
2433 2793 2586 2832 error
2614 2777 2819 2848 librarii
2845 2793 2945 2844 pro
2967 2794 3056 2831 an.
3083 2777 3172 2840 1δ,
3201 2777 3256 2831 in
3283 2791 3397 2847 quo
3422 2790 3618 2848 omnes

2025 2847 2146 2902 libri
2171 2849 2751 2922 conveniuntlimperii
2782 2847 2995 2922 Tiberii,
3013 2847 3297 2922 secundum
3325 2847 3463 2922 quod
3489 2855 3620 2922 tem-

2028 2935 2144 2987 pus,
2177 2922 2312 2975 sicut
2344 2921 2574 2974 etiamin
2607 2917 2726 2974 aliis
2751 2921 3027 2993 gentilium
3063 2920 3320 2990 reperitur
3361 2917 3616 2993 historiis,

2025 3007 2116 3061 per
2146 2993 2379 3061 singulas
2410 2992 2684 3056 dictiones,
2735 2990 2851 3058 (iam
2899 3000 3016 3045 acta
3058 3001 3177 3044 sunt
3226 2990 3614 3061 enarrabimus.

2029 3060 2169 3135 Nam
2199 3060 2279 3116 sol
2305 3065 2511 3132 defecit,
2543 3062 2789 3135 Bithynia
2836 3073 2978 3117 mota
3009 3073 3103 3127 est,
3137 3062 3360 3135 plurima
3400 3060 3618 3135 Nichcte

2027 3133 2169 3186 urbis
2195 3136 2512 3198 ceciderunt,
2536 3132 2856 3204 quw'omnia
2891 3132 3206 3188 concurrunt
3231 3132 3312 3187 his
3337 3148 3451 3202 qua:
3474 3133 3617 3186 circa

2029 3206 2321 3272 passionem
2344 3205 2633 3260 Saluatoris
2663 3208 2827 3260 nostri
2855 3215 3132 3260 evenerunt
3157 3205 3414 3261 :scribens
3444 3213 3618 3257 autem

349 3294 444 3340 que
475 3279 554 3350 ad
575 3276 873 3344 Christum,
900 3288 1104 3332 tantum
1129 3292 1301 3331 annos
1328 3278 1491 3338 5760,
1517 3278 1589 3330 ita
1615 3288 1671 3350 ut
1697 3279 1923 3350 uctoge-’
1946 3273 1992 3332 C
2027 3287 2073 3329 et
2105 3275 2327 3344 Phleyo.
2366 3279 2454 3346 qui
2491 3277 2819 3350 olympiadas
2869 3295 3024 3346 super
3074 3277 3203 3348 ipsis
3245 3287 3514 3350 enumergt
3563 3275 3617 3329 in

341 3350 508 3404 simus
538 3349 811 3419 jubilmus,
859 3367 954 3405 seu
1008 3362 1204 3420 quater
1245 3349 1570 3420 millesimus
1612 3347 1811 3401 incidat
1853 3365 1920 3403 ex

341 3435 525 3475 eorum
555 3423 764 3478 calculo
791 3423 844 3476 in
873 3419 1074 3476 annum
1103 3422 1305 3475 Christi
1335 3421 1464 3475 240.
1501 3419 1670 3473 Porro
1699 3433 1805 3474 non
1833 3437 1921 3473 ca-

338 3502 422 3546 ret
465 3495 726 3562 singulari
785 3496 1048 3565 mysterio
1091 3493 1425 3561 trigesimum
1474 3507 1677 3546 annum
1720 3491 1922 3565 Christi

337 3580 460 3619 csse
493 3567 741 3620 ultimum
771 3563 975 3619 annum
997 3565 1206 3632 jnbilaci
1235 3565 1608 3630 octuagesimi,
1634 3577 1740 3632 quo
1770 3563 1922 3617 clau-

338 3651 470 3703 gare
516 3637 762 3692 tubarum
806 3637 1183 3692 celebrabatur
1230 3637 1550 3689 solemnitas
1578 3645 1633 3688 et
1675 3635 1923 3690 remissio

338 3707 670 3774 debitorum,
727 3720 783 3764 et
832 3709 1054 3763 libertas
1105 3722 1412 3761 servorum.
1466 3705 1598 3758 Nam
1643 3708 1924 3772 trigesimo

339 3796 480 3832 annu
509 3781 756 3834 Christus
801 3778 916 3845 ipsa
959 3780 1200 3834 caelestis
1239 3778 1362 3832 tuba
1413 3777 1579 3844 cmpit
1627 3776 1925 3842 praedicare

339 3851 716 3905 remissionem
767 3859 1135 3920 peccaturum.
1161 3857 1215 3901 et
1245 3851 1506 3916 perlicere
1535 3848 1675 3917 quod
1727 3848 1926 3920 praedi:

339 3932 492 3977 xerat
536 3923 722 3977 Esaias
763 3919 814 3975 c.
859 3936 949 3975 LXI
980 3939 993 3974 :
1029 3923 1255 3992 Spiritus
1293 3919 1504 3973 Domini
1556 3935 1710 3992 super
1750 3935 1826 3972 me
1855 3919 1925 3972 ad

338 3995 755 4047 annuntiandutn
785 3994 1064 4046 mansuetis
1094 3993 1230 4045 misit
1261 4007 1363 4052 me,
1387 4001 1444 4044 ut
1473 3991 1704 4044 mederer
1733 3993 1927 4046 contri-

340 4065 406 4118 tis
432 4065 610 4127 cortle,
638 4073 692 4118 ut
717 4066 1053 4132 prtrdicarem
1080 4079 1277 4115 annum
1297 4061 1600 4124 salutarem,
1628 4073 1734 4116 etc.

409 4136 598 4204 (Ibid.)
625 4136 779 4188 Iesus
819 4134 1054 4188 Christus
1080 4133 1253 4188 Filius
1310 4134 1404 4188 Dei
1442 4132 1730 4203 discipulos
1777 4150 1923 4204 suos,

337 4218 442 4259 etc.
479 4208 624 4260 llanc
655 4216 707 4260 et
761 4216 1082 4276 sequentem
1128 4207 1454 4260 sententiam
1502 4207 1569 4260 ab
1609 4205 1691 4259 his
1743 4206 1925 4262 verbis

340 4279 523 4331 exorsi
557 4291 768 4343 sumus,
797 4276 952 4331 Iesus
979 4277 1231 4344 Christus,
1263 4289 1394 4344 etc.,
1429 4291 1551 4331 cum
1581 4287 1740 4332 antea
1769 4278 1928 4332 dees-

339 4359 482 4409 sent,
511 4360 566 4403 et
616 4349 898 4404 ellicerent
927 4350 1144 4404 unicum
1175 4348 1574 4418 paragraphum
1615 4363 1738 4402 cum
1769 4359 1928 4404 aute-

340 4420 1105 4476 cedcnle.Nametvenustate
1141 4423 1295 4490 plena
1328 4431 1546 4484 sunt,et
1576 4421 1928 4484 reperiuntur

340 4491 392 4545 iii
418 4491 507 4557 V.,
523 4492 740 4557 0.1.0.,
759 4492 854 4546 Fa.
877 4493 1161 4548 Deindeita
1177 4492 1372 4546 melius
1395 4492 1928 4562 respondeutsingu-

343 4563 411 4618 lis
432 4564 826 4632 anuisTilierii,
843 4580 978 4634 quos
993 4565 1533 4632 qmclibetsententia
1549 4563 1920 4618 sibiviudicat.

416 4635 600 4707 (Ibid.)
649 4635 817 4701 Viam,
853 4638 1128 4689 miracula.
1174 4641 1343 4690 Antea
1385 4637 1664 4700 legebatur
1702 4638 1836 4688 riam
1877 4645 1926 4690 et

339 4709 610 4769 iriracula,
641 4709 736 4762 sed
761 4724 826 4762 ex
862 4707 965 4762 lide
988 4707 1096 4774 AL,
1135 4708 1252 4772 Fa.,
1285 4708 1390 4769 Pi.,
1415 4708 1588 4768 l’eta,
1614 4708 1772 4774 Fusa,
1794 4708 1918 4774 L0,,

340 4777 450 4852 VL,
477 4780 541 4832 0.
578 4789 630 4832 et
662 4780 848 4847 primm
877 4780 1132 4832 editionis
1163 4781 1322 4852 γεω,
1349 4781 1715 4848 expunximus
1745 4795 1920 4852 copu-

342 4850 447 4904 lam
476 4862 547 4911 et,
580 4860 738 4908 atque
772 4852 842 4903 ita
874 4853 1139 4903 sententia
1164 4850 1223 4904 lit
1252 4853 1481 4919 planior.

417 4920 602 4989 (ibid)
629 4920 785 4975 Iesus
805 4919 1040 4975 Christus
1068 4919 1246 4974 Filius
1268 4921 1383 4983 Dei,
1419 4932 1526 4977 etc.
1553 4924 1800 4979 Confusa!
1826 4922 1922 4976 ha-

341 4993 536 5047 bentur
571 4993 688 5047 istm
710 5004 822 5045 tres
853 4996 1163 5048 sententiae.
1193 4993 1324 5046 Nam
1364 4993 1468 5058 Vi.,
1500 4996 1592 5058 0.,
1615 4997 1743 5049 lucc~
1763 4994 1919 5048 Iesus

340 5062 573 5119 Christus
602 5065 743 5132 ﬁlius
767 5064 860 5118 Dei
881 5064 1180 5130 salutarem,
1208 5076 1342 5127 etc.,
1367 5081 1534 5136 usque
1559 5068 1802 5136 imperat,
1826 5081 1922 5134 po-

341 5145 542 5189 mmtur
581 5137 650 5190 ad
695 5152 894 5190 annum
951 5137 1017 5190 15
1047 5137 1273 5204 Tiberii,
1319 5138 1738 5207 prmceduntque
1770 5139 1919 5192 illum

342 5208 758 5277 paragraphuui,
793 5207 1168 5274 Camputantur
1205 5209 1256 5261 in
1290 5219 1611 5274 promentem,
1643 5221 1748 5264 etc.
1795 5210 1923 5264 Post

342 5282 568 5332 verbum
602 5296 734 5334 vero
756 5281 996 5347 imperat,
1025 5281 1338 5334 inseruntur
1379 5281 1493 5334 lia-c
1514 5298 1631 5348 qua:
1663 5281 1748 5333 hic
1778 5298 1917 5347 pra-.-

337 5351 556 5414 cedunt,
591 5349 714 5422 Ipse
749 5367 952 5422 quoque
970 5350 1225 5404 Dominus
1251 5349 1404 5404 Iesus
1448 5351 1682 5406 Christus
1711 5353 1832 5406 hinc
1865 5355 1917 5406 in

337 5425 578 5494 papulas,
609 5436 742 5485 etc.,
777 5438 948 5490 usque
985 5425 1050 5494 ad
1081 5439 1186 5476 esse
1215 5440 1332 5493 qua!
1354 5425 1564 5477 diceret.
1602 5423 1655 5476 In
1681 5425 1804 5478 aliis
1826 5441 1920 5478 co-

336 5495 547 5566 dicibus
574 5495 687 5548 [nec
710 5494 950 5564 quidem,
977 5493 1100 5566 Ipse
1126 5512 1344 5566 quoque,
1377 5507 1509 5554 etc.,
1543 5506 1802 5549 anteeuut
1826 5512 1920 5565 pe-

335 5565 572 5632 riodum,
608 5567 700 5620 sed
733 5583 839 5620 null
873 5567 986 5629 illa,
1011 5565 1162 5620 Iesus
1191 5565 1424 5620 Christus
1463 5569 1606 5634 [ilius
1635 5566 1728 5620 Dei
1754 5569 1916 5630 salu..

334 5648 380 5691 et
403 5649 788 5703 computantur,
813 5645 944 5699 etc.;
979 5639 1030 5692 in
1066 5639 1142 5692 Pi.
1176 5639 1289 5699 illa,
1322 5637 1473 5692 Iesus
1503 5637 1737 5694 Christus
1777 5638 1921 5706 [ilius

334 5708 435 5764 Dei
463 5711 762 5774 salutarem,
791 5721 922 5773 etc.,
965 5727 1133 5776 usque
1182 5712 1477 5775 prwlocuta:
1514 5711 1680 5765 circa.
1714 5711 1780 5766 16
1822 5727 1922 5764 an-

334 5797 461 5836 nuin
485 5782 728 5850 ejusdem
772 5783 1116 5849 inchoantur,
1149 5793 1204 5835 et
1244 5784 1311 5837 ad
1343 5783 1408 5836 17
1453 5782 1764 5853 pertiuguut
1793 5800 1915 5840 cum

334 5854 490 5923 signo
520 5857 699 5908 crucis
747 5854 812 5906 ad
859 5869 1034 5918 uram,
1060 5856 1306 5921 quamvis
1351 5855 1596 5909 decimus
1650 5855 1915 5921 septimus

334 5941 507 5982 annus
545 5927 770 5981 eotiluse
815 5927 1094 5996 pingatur;
1132 5935 1188 5981 at
1219 5929 1328 5994 illa,
1354 5925 1510 5981 Iesus
1559 5926 1793 5981 Christus
1847 5927 1916 5980 ad

1953 4666 2006 4728 D

2026 3350 2174 3401 tertio
2203 3345 2402 3403 decimo
2431 3345 2668 3403 sermone
2687 3351 2881 3404 eisdem
2909 3350 3072 3403 verbis
3094 3345 3273 3403 asserit
3291 3347 3417 3402 hcce.
3452 3345 3624 3401 Porro

2025 3429 2211 3485 quarto
2233 3436 2369 3474 anno
2394 3421 2502 3475 202
2545 3422 2739 3491 olymp.
2772 3425 2916 3487 facta
2946 3429 3020 3474 est
3047 3420 3270 3490 defectio
3295 3420 3418 3473 solis
3444 3418 3618 3491 niaxi-

2026 3508 2128 3555 ma,
2158 3503 2207 3545 et
2234 3509 2336 3545 non
2365 3493 2493 3546 hora
2518 3489 2662 3548 seafta
2677 3494 2781 3546 diei
2806 3496 2967 3564 facta,
2996 3494 3072 3546 ita
3099 3489 3154 3546 ut
3181 3493 3341 3564 etiam
3368 3489 3535 3564 stella:
3559 3490 3614 3564 in

2025 3565 2152 3617 cmlo
2180 3575 2435 3634 parerent,
2468 3559 2972 3619 terrwmolus'eliam
3000 3580 3218 3634 magnus
3262 3563 3316 3615 in
3360 3559 3621 3634 Bithynia

2027 3636 2200 3704 factus
2226 3635 2449 3701 plurima
2483 3636 2692 3689 Nic/tete
2723 3637 2986 3692 subvertit.
3015 3633 3102 3690 Exi
3117 3635 3314 3704 quibus
3339 3633 3464 3686 licet
3490 3645 3623 3685 con-

2029 3706 2248 3760 ﬁrmare
2284 3716 2499 3761 nostras
2536 3708 2976 3766 enieudatiunes.
3011 3718 3068 3762 et
3093 3706 3354 3773 colligere
3385 3707 3624 3757 Anasta-

2029 3777 2170 3829 sium
2210 3791 2318 3830 non
2375 3787 2480 3830 tam
2527 3787 2772 3832 secutum
2817 3778 3230 3832 translationem
3277 3773 3620 3843 Hieronymi.

2028 3863 2189 3920 quam
2223 3864 2417 3901 novam
2449 3851 2754 3904 confecisse
2793 3865 2862 3905 ex
2907 3851 3026 3920 ipso
3077 3846 3316 3917 Georgio
3349 3845 3624 3900 referente

2029 3919 2298 3988 ipsissinia
2327 3920 2487 3974 verba
2517 3920 2706 3975 Graeca
2742 3919 2987 3974 Eusebii.

2101 3991 2254 4064 ($71,
2287 3994 2405 4059 ιιι.)
2431 3992 2560 4056 Quis
2590 3995 2653 4046 de
2689 4009 2746 4046 eo
2779 3993 2982 4064 fuerant
3009 3991 3330 4064 prazlocutte.
3359 3989 3471 4064 Pro
3504 4003 3624 4059 qua

2029 4068 2093 4115 de
2127 4061 2230 4114 Deo
2271 4064 2477 4131 fuerant
2511 4064 2832 4133 prwlocutte.
2882 4061 3019 4117 Νοῐι⁷
3053 4073 3183 4129 puto
3241 4062 3620 4133 dubitaturum

2029 4148 2380 4202 quemquam,
2412 4132 2541 4203 quin
2579 4137 2649 4188 ita
2681 4137 2753 4190 sit
2791 4135 3110 4204 legendum,
3136 4135 3278 4187 sicut
3315 4132 3621 4204 dicenti“,

2030 4207 2120 4269 A.,
2155 4206 2404 4270 Au.,M.,
2438 4205 2525 4270 V.,
2575 4205 2695 4270 Va.,
2745 4203 2906 4269 Fuxl,
2951 4206 3126 4270 Peta.,
3162 4204 3309 4260 Vat..
3361 4204 3448 4268 P.,
3499 4203 3614 4270 AL,

2030 4276 2157 4342 L0.,
2198 4275 2361 4343 Ven.,
2403 4278 2550 4343 Lut.,
2593 4278 2703 4341 νε..
2731 4277 2822 4340 0.,
2865 4278 2969 4342 Pi.,
3016 4278 3148 4332 Mar.
3181 4286 3238 4328 et
3285 4275 3453 4340 ldac.,
3497 4288 3621 4328 cum

2027 4357 2186 4404 antea
2218 4349 2637 4418 liabereturquw
2666 4351 2730 4403 de
2753 4349 3037 4414 Deo,etc.,
3069 4358 3130 4402 ut
3149 4348 3496 4402 observatum
3513 4355 3618 4400 est.

2101 4419 2288 4489 (lbid.)
2324 4417 2570 4490 Tempore
2609 4423 2764 4476 etiam
2795 4423 2848 4473 in
2893 4417 3032 4475 aliis.
3063 4419 3138 4474 Ita
3171 4433 3387 4488 quoque
3432 4418 3622 4490 legen-

2035 4491 2160 4545 rluni
2191 4489 2520 4547 conﬁrmant
2555 4494 2643 4556 L.,
2679 4495 2769 4558 A.,
2810 4493 2988 4556 Peta.,
3034 4492 3205 4557 Fusa,
3237 4490 3341 4557 Pi.,
3369 4491 3501 4553 Au.,
3531 4489 3620 4554 P.,

2030 4563 2153 4622 Lo..
2193 4564 2299 4625 Vi.,
2333 4567 2424 4626 0.,
2451 4581 2548 4631 pro
2579 4576 2804 4634 tempore
2829 4573 2874 4616 ct
2907 4565 2958 4617 in
2990 4564 3127 4618 aliis.

2103 4635 2287 4701 (Ibid.)
2313 4635 2380 4688 Et
2407 4630 2627 4690 tenebra:
2647 4630 2806 4701 super
2836 4638 3125 4688 universam
3150 4643 3359 4687 terram.
3386 4630 3620 4685 Deside-

2031 4717 2217 4760 rantur
2245 4707 2366 4762 litec
2395 4708 2446 4762 in
2481 4714 2567 4772 A.,
2595 4708 2681 4771 L.,
2715 4709 2798 4769 P.,
2823 4706 2915 4770 V.,
2943 4707 3063 4772 Lo.,
3095 4705 3218 4767 Fa.,
3247 4705 3422 4771 Peta.,
3459 4702 3620 4764 Fux.,

2030 4777 2136 4843 Pi.,
2171 4782 2257 4836 0..
2295 4778 2405 4843 Vi.,
2436 4779 2595 4840 Mar.,
2627 4779 2880 4832 Vinceut.
2901 4776 3057 4833 Unde
3082 4776 3379 4831 verisimile
3414 4783 3500 4828 est
3526 4772 3624 4826 ad-

2025 4851 2167 4919 jecta
2199 4866 2227 4902 a
2255 4851 2452 4904 lecture
2481 4866 2548 4904 ex
2579 4850 2872 4917 Evangelia
2906 4849 3096 4904 Matth.
3127 4863 3176 4919 c7.
3205 4861 3374 4919 xxvii.

2099 4921 2277 4992 (Ibid.
2304 4924 2321 4990 )
2349 4920 2594 4990 Bithynia
2615 4932 2932 4984 terrwmotu,
2965 4929 3072 4973 etc.
3106 4918 3206 4992 llis
3241 4918 3330 4992 ad_
3355 4918 3624 4992 latus_ap-

2030 4987 2259 5061 pingunt
2297 4987 2684 5056 Euan—Peto”
2724 4993 2844 5055 Lu.,
2885 5007 2972 5044 an.
3015 4991 3078 5044 l9
3129 4989 3354 5061 Tiberii,
3397 4997 3455 5040 ut
3488 4987 3624 5061 ipso

2029 5058 2173 5118 anno
2201 5065 2497 5131 contigisse
2517 5067 2829 5134 designent;
2862 5071 2919 5115 at
2945 5062 3069 5124 Fa.,
3105 5061 3214 5125 Pi.,
3239 5060 3350 5134 γι..
3377 5058 3618 5134 0..”Mar.

2029 5145 2082 5189 et
2112 5129 2388 5204 impressi.
2419 5152 2508 5190 an.
2537 5129 2794 5207 l8,'quod
2825 5150 2949 5190 esse
2974 5151 3040 5189 cx
3067 5141 3248 5188 mente
3278 5129 3505 5186 Eusebii
3524 5130 3626 5184 do-

2029 5216 2152 5262 cent
2183 5209 2566 5274 prmcedentia.

2100 5273 2284 5348 (Ibid.)
2317 5279 2383 5332 In
2407 5281 2531 5334 urbe
2553 5279 2777 5334 Nicena.
2811 5277 2877 5332 In
2914 5277 3037 5331 urbe
3073 5276 3254 5330 Nictea
3283 5273 3624 5348 Fa.,__Peta.,

2029 5344 2189 5414 Fur,
2223 5344 2336 5412 ΑἸ..
2369 5352 2490 5414 Lo.,
2515 5363 2573 5404 ut
2596 5353 2738 5408 circa
2766 5352 2968 5420 olymp.
2993 5349 3133 5414 275;
3161 5349 3214 5401 in
3240 5348 3367 5401 urbe
3397 5344 3624 5420 Nictena

2031 5423 2084 5474 Pi
2111 5440 2125 5488 ;
2159 5426 2211 5476 in
2253 5421 2485 5476 Bithiniu
2518 5423 2732 5478 Nicente
2760 5417 2900 5476 urbis
2929 5421 3062 5476 Mar.
3097 5420 3364 5474 Eusebius
3395 5418 3433 5488 I.
3464 5431 3521 5471 ιιι
3553 5417 3623 5470 de

2031 5490 2146 5548 Vita
2177 5497 2540 5558 Consuantini,
2573 5505 2626 5549 et
2668 5496 2796 5548 alias
2841 5494 3046 5564 passim
3092 5495 3123 5551 ἡ
3171 5493 3367 5551 Νήκαια
3399 5487 3618 5543 dicitur.

2025 5567 2130 5621 Sed
2166 5579 2450 5636 utrumque
2471 5567 2611 5637 apud
2640 5567 2814 5621 bonos
2843 5574 3112 5637 auctores.

2098 5639 2284 5709 (Ibid.)
2317 5630 2653 5693 Acciderunt.
2680 5639 2990 5692 Acciderunt
3012 5636 3136 5703 1.0.,
3166 5634 3275 5702 Pi.,
3300 5631 3424 5700 ιδεμ,
3452 5630 3598 5686 Fux.

2026 5711 2208 5772 Peta.;
2235 5711 2464 5764 accidere
2490 5709 2598 5771 Vi.,
2623 5712 2690 5766 0.

2095 5781 2282 5854 (Ibid.)
2318 5782 2534 5837 Scribit.
2565 5783 2657 5838 Sic
2685 5783 3190 5854 convenientiusex
3222 5792 3496 5854 consensu
3529 5781 3617 5854 A.,

2021 5851 2143 5917 ιο..
2179 5851 2269 5919 L.,
2293 5856 2386 5917 Μ..
2411 5855 2501 5922 V.,
2537 5855 2693 5921 Eum,
2727 5857 2897 5920 Peta.,
2924 5854 3031 5922 Pi.,
3067 5852 3177 5919 Vi.,
3213 5851 3300 5917 0.,
3353 5865 3449 5920 pro
3486 5852 3615 5904 scri-

2021 5927 2144 5997 psit,
2183 5937 2239 5980 ut
2282 5928 2429 5980 illini.
