4138 6444
566 350 708 410 1025

567 540 830 612 fundavit,
857 538 1025 609 ibique
1054 538 1349 612 cathedram
1375 541 1621 612 adeptus.
1645 541 1778 594 sedit
1809 538 2016 612 (111.25.
2036 539 2154 612 [ιθ-

567 608 696 666 sunt
717 613 769 667 in
790 613 875 676 L.,
903 613 1006 674 Pi.,
1024 613 1116 678 A.,
1140 611 1233 677 M.,
1255 608 1763 680 septemVatican.,
1791 610 1880 668 V..
1907 611 2012 672 Pi.,
2035 608 2153 674 Fa.,

567 682 750 750 Peta.,
789 683 926 739 Fax.
973 692 1027 738 et
1061 683 1233 738 tribus
1263 699 1393 739 mss.
1436 683 1594 749 Fab.,
1621 683 1743 748 Lo.,
1774 683 1934 747 Lod.,
1961 682 2152 745 Beda.,

569 755 739 823 Man,
773 755 932 816 Fre..
965 767 1020 810 et
1047 767 1176 810 sunt
1203 756 1365 810 valde
1395 764 1671 820 suspecta.
1718 756 1894 809 Prima
1936 753 2155 823 quidem

567 822 731 894 pars,
750 828 892 896 quod
920 828 1110 882 Petrus
1137 827 1345 882 sederit
1365 826 1692 892 Antiochia,
1723 836 2018 896 antequam
2045 822 2157 896 ito-

567 913 713 953 mam
739 895 1205 967 proﬁcisceretur,
1231 900 1587 955 confirmatur
1615 915 1683 954 ex
1710 895 2056 968 sequentibus
2091 895 2156 950 ad

567 985 771 1024 annum
803 968 1008 1026 Christi
1039 971 1107 1024 44
1129 1012 1143 1033 ,
1184 982 1240 1024 et
1268 987 1333 1026 ex
1367 971 1586 1024 Patrum
1619 980 1864 1024 veterum
1893 969 2156 1020 assertio-

569 1055 678 1114 ne,
727 1041 1013 1114 Chrysost.
1066 1043 1266 1097 llomil.
1315 1043 1384 1097 de
1408 1042 1791 1114 Translation.
1827 1043 1884 1094 ὃ.
1928 1039 2154 1114 lguatii,

561 1111 793 1168 Hieron.
825 1111 895 1168 de
921 1114 1125 1182 Script.
1159 1114 1371 1169 Eccles.
1405 1113 1458 1167 in
1507 1114 1668 1168 Petro
1695 1124 1752 1168 et
1779 1115 1830 1167 in
1858 1127 1978 1179 cap.
2011 1127 2048 1165 ιι
2087 1111 2155 1165 ad

568 1183 771 1248 Galat.,
803 1184 976 1240 Leon.
1008 1201 1210 1240 sermo.
1245 1187 1270 1239 1
1310 1185 1364 1240 iu
1399 1184 1574 1239 Natal.
1601 1185 1792 1255 Apost.
1817 1226 1830 1248 ,
1862 1183 2024 1255 Greg.
2059 1183 2148 1241 lib.

566 1271 618 1310 νι
667 1257 837 1320 Epist.
867 1259 956 1319 57,
982 1257 1140 1312 Bedze
1169 1257 1237 1311 de
1257 1272 1374 1324 sep.
1398 1266 1572 1322 :etat.,
1601 1253 1814 1312 etAdo.
1851 1258 1900 1307 in
1924 1253 2155 1318 Cltron.,

566 1327 762 1398 quibus
789 1330 1126 1383 conveniunt
1156 1328 1572 1398 Martyrologia,
1609 1339 1662 1381 et
1691 1329 1808 1382 dies
1849 1327 1871 1379 f
1903 1343 2040 1393 stus,
2074 1327 2156 1380 die

563 1398 635 1454 2'2
660 1397 942 1460 Februar.,
968 1401 1179 1455 dicatus
1207 1401 1276 1454 ob
1301 1397 1641 1455 cathedram.
1673 1415 1769 1455 seu
1800 1398 1984 1452 sedem
2012 1399 2156 1452 Petri

564 1471 710 1537 apud
745 1473 1108 1527 Antiochiam.
1144 1471 1250 1527 Sed
1272 1471 1414 1541 quod
1438 1486 1580 1526 anno
1610 1472 1802 1525 ultimo
1827 1470 2028 1524 Tiberii
2055 1469 2156 1523 hoc

562 1543 862 1608 acciderit,
895 1542 1058 1598 Valde
1086 1543 1449 1610 disceptatur,
1481 1552 1536 1598 ct
1561 1543 1706 1609 quod
1738 1542 1941 1595 sederit
1968 1541 2157 1594 Antio-

565 1611 707 1668 chia:
747 1616 903 1668 annis
939 1614 1048 1681 25,
1095 1631 1125 1669 a
1165 1615 1314 1668 nullo
1359 1626 1602 1669 veterum
1647 1630 1898 1682 umquam
1949 1612 2155 1666 dietuut

563 1693 651 1738 est
679 1701 692 1739 :
721 1685 887 1741 immo
910 1697 966 1740 et
987 1687 1207 1742 omnino
1233 1687 1564 1741 contrarium
1595 1695 1650 1738 et
1685 1685 1929 1738 historia:
1953 1685 2154 1737 verita-

567 1756 640 1820 ti,
668 1770 721 1811 et
744 1759 1226 1828 subsequentibus,
1249 1774 1372 1812 cum
1400 1758 1501 1812 sub
1523 1773 1664 1810 anno
1693 1761 1760 1810 Η
1785 1757 2006 1818 dicitur,
2033 1771 2157 1809 cou-

567 1827 941 1884 sentientibus’
960 1831 1212 1884 omnibus
1241 1829 1667 1897 exemplaribus,
1700 1830 1917 1882 Petrum
1947 1827 2154 1882 sedisse

564 1898 636 1952 25
663 1900 818 1954 annis
850 1902 1066 1966 Romtn,
1091 1911 1144 1955 et
1168 1917 1290 1955 cum
1323 1901 1486 1955 etiam
1522 1900 1761 1955 Evodius
1789 1900 2004 1953 dicatur
2029 1907 2155 1954 tunc

565 1973 892 2028 constitutus
914 1974 1215 2028 Antiochiae
1238 1974 1526 2042 episcopus
1548 1972 1777 2043 primus.
1803 1973 2012 2025 scilicet
2036 1982 2156 2043 post

561 2043 861 2111 Apostolos
886 2045 1417 2100 PetrumetPaulum
1451 2063 1461 2097 :
1489 2042 1714 2098 etesset
1734 2043 2028 2097 absurdum
2069 2042 2154 2096 di-

563 2126 691 2170 cere
734 2116 949 2172 Petrum
992 2117 1202 2171 sedisse
1233 2133 1338 2170 una
1379 2132 1500 2171 cum
1551 2115 1782 2170 Evodio.
1833 2115 2016 2180 Itaque
2064 2130 2159 2168 ne-

564 2199 720 2259 cesse
741 2197 825 2243 est
855 2189 1010 2244 fateri
1043 2188 1309 2259 integram
1337 2189 1663 2242 sententiam
1693 2187 1839 2240 nullo
1871 2186 2030 2240 modo
2065 2203 2156 2240 es-

563 2273 624 2311 se
662 2258 883 2314 Eusebii
929 2277 945 2317 :
993 2260 1136 2315 unde
1167 2258 1384 2314 iillustr.
1432 2261 1696 2313 Barouius
1737 2259 1917 2312 lumen
1949 2270 2158 2326 tempo-

565 2343 682 2384 rum
711 2331 990 2387 existimat
1019 2331 1270 2386 ultimam
1305 2332 1626 2398 particulam
1659 2331 1789 2383 sedit
1817 2347 1904 2383 an.
1933 2331 2004 2383 9.5
2031 2329 2158 2398 reji-

563 2400 814 2456 cicndam
841 2422 855 2458 :
885 2403 982 2459 sed
1014 2405 1209 2472 probat
1237 2405 1426 2457 multis
1453 2401 1790 2472 argumentis
1817 2412 2012 2454 αιτιοι-ιι
2037 2417 2158 2455 esse

563 2474 866 2541 retinenda;
885 2485 1064 2530 tamen
1083 2476 1155 2530 ob
1169 2475 1330 2529 fidem
1348 2475 1618 2530 editorum
1639 2483 1893 2526 maneant
1911 2475 2156 2528 immota.

636 2545 821 2617 (lbid.)
857 2547 1014 2600 Multi
1037 2557 1360 2612 senatorum,
1391 2555 1497 2602 etc.
1529 2545 1584 2601 Si
1617 2548 1700 2597 vis
1723 2545 1846 2617 tunc
1877 2543 1942 2597 ad
1972 2561 2063 2597 an.
2086 2544 2152 2598 9.1

563 2615 767 2672 Tiberii
790 2615 1097 2682 cvocanda,
1132 2618 1302 2673 babes
1326 2628 1580 2672 auctores
1601 2618 1692 2679 0.,
1719 2615 1839 2680 Vi.;
1870 2617 1913 2668 si
1967 2617 2032 2668 ad
2063 2631 2152 2669 an.

562 2687 654 2761 :22,
683 2703 916 2761 sequere
944 2691 1139 2746 ducem
1167 2691 1272 2745 Pi.:
1304 2692 1348 2744 si
1378 2690 1445 2743 ad
1469 2707 1559 2742 an.
1583 2688 1676 2754 '25,
1706 2685 2154 2761 Fttx.,r[.iu.,*Fa.,

561 2758 740 2826 Peta.,
763 2758 824 2816 et
855 2763 1153 2831 impressos
1182 2761 1416 2826 imitare,
1443 2761 1640 2832 quibus
1663 2760 2002 2814 conveniunt
2021 2759 2156 2814 Sue-

564 2833 746 2888 tonius
774 2844 830 2888 et
853 2833 1072 2890 Tacitus
1106 2833 1203 2888 lib.
1231 2850 1303 2888 vt.

637 2904 824 2976 (lbid.)
871 2904 936 2959 In
962 2903 1253 2959 Lucullana
1283 2904 1428 2959 villa.
1462 2905 1627 2960 Deest
1657 2905 1710 2958 in
1747 2903 2036 2976 A.,ﬂPeta.A,
2066 2902 2152 2970 L.,

566 2973 686 3042 Lo.,
721 2973 830 3043 Vi.',
860 2976 951 3038 0.,
986 2977 1091 3042 Pi.,
1118 2977 1212 3038 M.,
1241 2976 1327 3043 V.,
1358 2977 1480 3041 Va.,
1518 2976 1672 3043 νειμ,
1699 2976 1784 3038 Ρ.,
1829 2974 1950 3037 Fa.,
1993 2974 2154 3033 Fux..

566 3047 725 3114 Man,
758 3048 886 3104 Fre.
923 3047 1123 3104 Vermu
1156 3064 1279 3102 cum
1313 3050 1384 3102 sit
1415 3051 1465 3102 in
1501 3049 1709 3115 aliquot
1737 3049 2067 3110 exemplar”
2103 3059 2157 3099 et

566 3119 940 3176 sitconforme
971 3121 1184 3174 veritati
1217 3121 1490 3182 historiae,
1527 3119 1680 3174 nefas
1708 3119 1805 3172 fuit
1844 3119 1984 3172 istud
2018 3119 2158 3170 obli-

569 3199 767 3247 terare.
818 3193 951 3247 Nam
996 3192 1074 3246 sic
1116 3201 1388 3246 testantur
1415 3208 1538 3246 eum
1572 3191 1882 3246 decessisse
1924 3192 1979 3244 in
2008 3188 2153 3251 rilla,

1270 350 1364 409 AD
1399 348 1792 409 CHRONICON
1834 344 2750 409 EUSEBlO-HIERONYMIANUM
2788 351 3164 410 APPENDIX.

639 467 790 537 (575,
824 467 925 540 ut.)
953 465 1434 540 Petrusapostolus
1461 468 1835 522 Antiochenam
1860 465 2153 540 Ecclesium
2179 467 2236 530 Α

3721 357 3866 414 1024

2543 466 2726 541 _Caius
2755 469 3085 541 semetipsum
3114 469 3258 541 inter:
3277 468 3399 523 deos
3429 469 3607 541 refert.
3641 469 3709 523 In
3737 472 3868 524 deos

2261 537 2369 600 Pi.‘,
2401 537 2512 596 γι..
2538 538 2623 601 L.,
2652 543 2741 601 Α..
2768 539 2887 603 Lo.,
2913 537 3005 603 0.,
3030 541 3190 605 Mar.,
3219 537 3525 607 Contractl,
3551 543 3718 596 Beda.
3741 543 3868 597 lam

2261 625 2394 664 vero
2426 610 2578 664 nefas
2608 627 2637 664 a
2685 612 3156 667 consentientibus
3187 610 3329 684 inter
3358 629 3420 669 se
3449 614 3869 684 exemplaribus

2263 691 2370 737 tam
2404 698 2562 736 manu
2610 700 2770 750 quam
2818 687 2960 754 typis
2992 683 3230 738 exaratis
3277 684 3572 740 dissentire
3599 683 3622 748 ;⁷
3661 700 3903 754 c_onve--

2263 753 2416 808 niunt
2447 755 2590 808 enim
2619 750 2926 821 omnesfut
2953 771 2982 806 a
3007 755 3134 811 Caio
3159 765 3472 823 susceptum
3509 750 3798 811 velinfau.
3838 759 3867 812 1

2261 827 2473 894 imperii
2507 826 2612 879 Sui.
2654 826 2805 880 l’htlo
2836 827 2889 881 in
2937 826 3189 880 Flaccum
3222 827 3436 882 videtur
3483 828 3586 882 hoc
3620 828 3875 884 tribuere

2260 912 2349 950 an.
2379 898 2413 949 2
2437 895 2573 950 Caii.
2603 897 2700 950 Dio
2730 898 2820 953 lib.
2856 913 2947 953 th
2975 898 3220 965 ejusdem
3252 900 3470 966 quidem
3503 901 3580 954 rei
3615 900 3880 954 meminit

2219 1025 2238 1052 ἱ,
2260 970 2404 1052 circa
2431 970 2583 1051 anxii
2607 969 2744 1052 Caii,
2771 971 2868 1052 sed
2888 986 3016 1052 cum
3051 970 3366 1052 lli-S‘VCI'bES,
3391 969 3514 1023 Iam
3539 982 3658 1025 ante
3688 973 3882 1025 tinnia-

2260 1057 2328 1093 no
2359 1040 2568 1110 fastigio
2607 1042 2766 1094 altior
2807 1041 2985 1095 haberi
3025 1041 3252 1106 volebat,
3281 1039 3464 1096 Jovem
3493 1059 3547 1096 se
3591 1044 3827 1111 ﬁngebat
3857 1085 3876 1104 ,

2261 1121 2368 1166 etc.
2411 1111 2708 1167 Suetonius
2756 1129 2877 1183 cap.
2910 1115 2982 1168 2:!
3025 1113 3166 1168 idem
3216 1129 3431 1184 quoque
3462 1124 3714 1182 testatur,
3763 1115 3880 1170 sed

2264 1193 2477 1238 lembus
2521 1194 2576 1239 et
2616 1200 2817 1238 annum
2852 1186 3065 1239 reticet.

2335 1254 2520 1326 (Ibitl.)
2549 1257 2766 1310 Αυὶιὶιιδ.
2799 1257 2999 1310 Alibius
3027 1257 3126 1312 Lo.
3156 1257 3312 1311 Prior
3335 1256 3497 1312 lectio
3523 1259 3878 1328 germanior;

2261 1326 2341 1381 sic
2370 1329 2511 1381 enim
2548 1328 2700 1400 Philo
2731 1330 2782 1400 in
2809 1329 2982 1391 Flac.,
3018 1328 3418 1383 membranacei
3451 1338 3506 1384 et
3531 1326 3668 1386 editi
3697 1348 3710 1383 :
3738 1347 3882 1400 por-

2263 1413 2324 1450 ro
2354 1400 2526 1452 retine
2555 1399 2668 1452 Itth
2694 1399 2760 1452 ad
2789 1415 2882 1458 au.
2911 1403 2934 1455 1
2966 1400 3103 1466 Caii,
3133 1415 3256 1454 cum
3285 1400 3490 1456 habeas
3522 1399 3873 1458 consensum

2261 1471 2504 1524 omnium
2542 1469 2814 1528 codicum.

2335 1541 2516 1612 (lbid.)
2561 1543 2816 1598 Aduersus
2859 1561 2965 1598 eos.
3011 1544 3101 1600 Sic
3141 1543 3485 1611 reposuimus
3524 1561 3591 1599 ex
3632 1544 3696 1600 V.
3723 1586 3738 1609 ,
3773 1545 3875 1609 P-,

2262 1611 2383 1686 Lo.,
2423 1613 2531 1680 Vi.,
2564 1614 2656 1678 0.,
2693 1630 2789 1682 pro
2820 1617 3068 1670 adversus
3127 1634 3264 1672 eum.
3324 1614 3435 1671 Sed
3474 1617 3526 1670 in
3560 1621 3651 1686 A.,
3688 1617 3754 1672 L.
3814 1629 3882 1672 et

2261 1683 2368 1745 Pi.,
2406 1693 2692 1752 utrumque
2737 1687 2928 1750 deest,
2972 1698 3028 1742 et
3058 1704 3176 1742 eum
3206 1697 3262 1743 et
3289 1703 3395 1740 eos.

2333 1756 2519 1828 (lbid.)
2545 1757 2638 1828 74d
2679 1759 2883 1812 Caium.
2937 1760 3018 1811 Al
3067 1759 3249 1812 Caium
3280 1759 3539 1814 Cazsarem
3569 1759 3621 1812 in
3653 1759 3741 1822 P.,
3773 1759 3879 1824 Α..

2259 1824 2350 1889 L.,
2386 1831 2506 1900 Lo.,
2543 1827 2632 1889 V.,
2669 1829 2769 1900 Pii.,
2825 1829 2905 1894 Vi,
2939 1831 3029 1894 0.,
3061 1831 3155 1885 sed
3191 1833 3293 1885 hoc
3323 1833 3453 1885 satis
3485 1832 3833 1900 intelligitur.

2334 1899 2484 1966 (37?,
2521 1900 2634 1971 ιιι.)
2689 1899 3003 1967 Passienus,
3058 1911 3188 1968 etc.,
3237 1903 3424 1971 fraude
3468 1899 3687 1957 hteredis
3733 1921 3876 1960 sum.

2261 1970 2678 2045 Euteudavimus
2711 1973 2859 2045 hunc
2885 1974 3064 2028 locum
3101 1990 3197 2035 pro
3230 1970 3292 2027 ob
3316 1977 3556 2045 fraudem
3586 1976 3879 2028 [neredita-

2261 2044 2324 2096 tis
2352 2059 2481 2104 suae,
2514 2045 2684 2098 secuti
2719 2044 2804 2107 L.,
2835 2044 2928 2108 A.,
2962 2046 3056 2112 M.,
3087 2047 3173 2108 P.,
3205 2044 3327 2110 Lo.,
3361 2047 3465 2109 Pi.,
3492 2046 3606 2111 Vi.,
3628 2048 3724 2112 0.,
3757 2057 3876 2100 tres

2263 2130 2395 2169 mss.
2428 2114 2586 2178 Fab.,
2613 2127 2666 2170 et
2695 2132 2857 2170 unum
2886 2131 2951 2171 ex
2985 2117 3283 2184 Vaticanis,
3319 2134 3382 2172 ac
3409 2117 3672 2185 judicium
3704 2133 3876 2172 accu-

2262 2187 2518 2240 ratissimi
2551 2188 2720 2256 Lipsii
2768 2191 2821 2242 in
2851 2187 3008 2243 Curis
3037 2189 3292 2243 secundis
3322 2189 3389 2242 ad
3421 2189 3517 2244 lib.
3549 2206 3625 2244 xu
3661 2191 3870 2243 Annal.

2260 2257 2454 2312 Taciti.
2487 2257 2621 2312 Nam
2657 2268 2715 2313 ttt
2746 2260 2859 2329 ipse
2887 2261 3082 2325 probat
3109 2278 3176 2314 ex
3205 2261 3390 2315 verbis
3421 2260 3736 2315 scltoliasttn
3771 2277 3869 2315 ve-

2263 2337 2395 2402 teris
2428 2331 2477 2384 in
2500 2330 2747 2384 Juvenal.
2776 2331 2930 2385 satir.
2962 2331 2995 2384 4
3027 2348 3042 2386 :
3081 2329 3358 2385 Passienus
3391 2333 3542 2398 periit
3584 2349 3678 2398 per
3710 2334 3863 2402 frau-

2263 2401 2375 2454 dem
2403 2404 2706 2474 Agrippina:
2728 2404 2934 2467 umoris,
2963 2420 3116 2468 quam
3147 2404 3402 2457 Iueredem
3430 2401 3729 2474 reliquerat.
3767 2404 3864 2457 Pu-

2263 2482 2338 2526 tat
2385 2472 2565 2528 autcm
2614 2478 2728 2528 ltzec
2783 2476 3070 2540 trajectitia
3125 2491 3247 2530 esse
3277 2476 3328 2528 iit
3375 2491 3466 2526 au.
3497 2473 3532 2527 Ξ
3560 2472 3857 2544 Caligulte,

2261 2559 2384 2598 cum
2417 2546 2713 2614 Suetonius
2743 2545 2796 2599 in
2833 2547 3055 2601 Nerone
3080 2561 3203 2614 eap.
3235 2546 3268 2600 ti
3293 2545 3532 2600 affirmet
3561 2546 3711 2600 hunc
3741 2548 3860 2600 Pas-

2262 2618 2472 2670 sienum
2503 2613 2707 2671 obiiss'c
2733 2617 2838 2672 sub
2866 2618 3080 2671 initium
3107 2613 3344 2672 Claudii.
3378 2617 3552 2670 Nicol.
3582 2617 3765 2673 Faber
3790 2622 3866 2673 vir

2262 2689 2690 2754 eruditissimus,
2721 2690 2772 2742 in
2799 2688 3060 2744 Senecam
3094 2705 3212 2760 pag.
3246 2690 3334 2752 M,
3369 2687 3509 2743 idem
3545 2689 3752 2743 indicat
3784 2707 3877 2744 ex-

2261 2760 2592 2826 scriptorum
2625 2761 2758 2816 vitio
2787 2776 2894 2813 non
2923 2775 3046 2814 esse
3074 2776 3170 2814 suo
3201 2762 3322 2814 loco
3362 2760 3533 2828 posita
3553 2800 3570 2826 ,
3628 2771 3690 2813 ut
3719 2802 3737 2824 ,
3795 2761 3878 2814 iu-

2262 2831 2377 2898 quit
2404 2874 2419 2896 ,
2469 2832 2696 2903 plurima
2733 2832 2859 2886 alia.
2891 2831 3001 2887 Sed
3029 2847 3150 2886 cum
3181 2833 3212 2886 7
3251 2831 3425 2886 Vatic.
3457 2842 3511 2884 et
3539 2832 3645 2885 alia
3679 2834 3875 2887 omnia

2263 2904 2598 2968 exemplaria
2623 2905 2698 2958 illi
2730 2919 2874 2956 anno
2901 2903 3245 2968 adscribam,
3279 2919 3384 2958 noo
3414 2903 3575 2958 video
3601 2918 3702 2957 cur
3729 2904 3882 2960 Sue-

2264 2974 2557 3102 Einiiltides
2583 2975 2874 3046 singularis
2901 2977 2972 3030 sit
3003 2975 3343 3044 praeferenda
3372 2974 3722 3046 llierOnymo,
3783 2978 3875 3030 vel

2283 3062 2404 3100 ‘llSC
2453 3062 2523 3100 IO.

2283 3062 2523 3100 ιιιεευιο.

2333 3117 2519 3190 (lbtd.)
2555 3119 2834 3174 Matt/tatus
2859 3120 2913 3192 in
2934 3117 3122 3174 Juda’a
3151 3119 3492 3192 Evangelium
3517 3119 3706 3192 primus
3729 3118 3875 3171 scri-

2264 3189 2355 3242 bit.
2411 3192 2610 3246 Desunt
2639 3193 2691 3246 itt
2723 3193 2814 3257 A.,
2842 3190 2963 3257 Fa.,
2995 3191 3081 3257 L.,
3136 3192 3232 3259 AL,
3283 3189 3494 3260 septem
3543 3189 3825 3245 Vaticanis
3859 3232 3875 3254 ,

569 3263 652 3314 cui
684 3262 933 3319 Lucullus
959 3265 1224 3334 quondam
1245 3265 1507 3323 dominus,
1543 3264 1716 3317 Tacit.
1751 3263 1844 3321 lib.
1874 3278 1903 3314 v
1934 3263 2156 3327 Annal.,
2187 3263 2233 3328 C
2269 3261 2376 3334 VL,
2407 3261 2500 3325 0.,
2537 3265 2642 3327 Pi.,
2679 3264 2852 3326 Peta.,
2904 3263 3064 3324 Fux.,
3116 3262 3203 3324 P.,
3248 3263 3372 3324 Lo.,
3406 3271 3460 3316 et
3512 3261 3684 3315 tribus
3733 3278 3877 3316 mss.

571 3344 627 3386 et
652 3335 878 3390 Sueton.
909 3337 1003 3405 qui
1025 3352 1146 3390 eam
1174 3347 1332 3390 vocat
1357 3335 1760 3402 Luculliauam,
1786 3334 1944 3403 cujus
1971 3335 2159 3388 memi-

571 3405 651 3458 nit
685 3406 1010 3462 Plutarchus
1040 3409 1094 3463 in
1129 3407 1320 3462 Mario.
1833 3433 1838 3438 -

644 3477 831 3553 (lbid.)
851 3479 1090 3553 ﬂamen.
1119 3478 1418 3553 IVLCaius
1449 3477 1712 3553 Caligula.
1744 3478 1850 3531 Pro
1875 3476 2034 3553 Caius
2065 3476 2156 3540 M.,

572 3547 662 3614 L.,
692 3549 788 3606 Lo.
810 3547 825 3619 ,
849 3552 930 3606 Pi.
951 3594 964 3613 ,
994 3551 1144 3606 Peta.
1169 3595 1184 3615 ,
1215 3550 1353 3606 Fux.
1375 3595 1388 3615 ,
1421 3547 1586 3606 uobis'
1609 3549 1770 3604 Gaius
1802 3549 2164 3604 exhibucrunt

575 3629 684 3675 tam
719 3621 837 3690 hic,
867 3639 1028 3692 quam
1065 3623 1188 3676 aliis
1225 3623 1276 3676 in
1313 3624 1477 3686 locis,
1515 3624 1581 3675 ad
1625 3622 1982 3676 imitationem
2013 3622 2165 3692 Grie-

573 3707 783 3758 corum,
816 3691 906 3764 qui
937 3693 981 3747 G
1012 3711 1104 3764 pro
1134 3695 1174 3749 C
1201 3709 1492 3760 usurpant;
1519 3694 1659 3748 unde
1683 3709 1842 3763 quem
1867 3692 2043 3747 Latini
2073 3691 2166 3746 Ca-

574 3767 684 3817 ium
713 3764 919 3830 dicunt,
954 3767 989 3820 ii
1021 3765 1210 3820 Gaium
1242 3767 1484 3831 reddunt,
1518 3768 1660 3821 sicut
1688 3766 1838 3818 vides
1869 3770 1921 3816 in
1956 3764 2165 3817 Pande-

573 3837 676 3890 etis
693 3835 1041 3902 Florentinis,
1063 3850 1112 3891 et
1129 3840 1266 3892 alias
1281 3853 1639 3906 sa'pe,vcrutn
1664 3838 1788 3890 licet
1802 3853 1907 3890 non
1922 3836 2048 3888 dttbi
2060 3847 2165 3889 tem

576 3907 868 3962 Eusebium
883 3909 1070 3963 Gaium
1092 3911 1316 3963 dixisse.
1333 3910 1423 3963 Sic
1443 3925 1675 3977 namque
1702 3908 1954 3963 Clemens
1977 3917 2030 3962 et
2051 3908 2159 3973 alii,

571 3979 664 4046 qui
694 3977 884 4035 Graece
911 3985 1267 4050 scripserunt;
1296 3979 1563 4035 familiare
1587 3980 1728 4032 cnim
1752 3979 1954 4034 Graecis
1983 3979 2167 4048 hujus-

577 4052 719 4122 modi
752 4054 963 4107 nomina
1001 4057 1214 4122 propria
1239 4094 1253 4116 ,
1301 4069 1422 4121 qum
1452 4054 1591 4122 apud
1622 4052 1841 4106 Latinos
1880 4067 1973 4110 per
2003 4050 2041 4102 C
2079 4051 2165 4104 itt-

575 4121 863 4192 cltoantur,
896 4121 1060 4192 per’G
1095 4124 1346 4178 reddere.
1378 4121 1658 4186 llistulde,
1688 4125 1830 4192 quod
1862 4123 2164 4188 Plutarch.,

579 4193 632 4246 in
662 4196 1051 4261 qtnestionibtts
1099 4198 1325 4251 lioutan.
1373 4207 1566 4262 quaest.
1616 4197 1717 4257 54,
1761 4196 2013 4248 observat
2049 4196 2166 4246 elc-

578 4277 757 4319 menta
790 4268 874 4319 illa
906 4285 933 4321 ε
955 4279 1009 4321 et
1033 4285 1064 4338 g
1085 4282 1204 4321 esse
1227 4268 1516 4321 admodum
1547 4277 1800 4336 cognata;
1833 4267 1959 4333 quin
1984 4275 2038 4319 et
2065 4268 2167 4318 llo-

577 4352 768 4409 tnanos
795 4338 967 4392 littera
997 4356 1028 4409 g
1055 4355 1176 4393 sero
1205 4341 1277 4392 uti
1311 4342 1565 4408 coepisse,
1587 4353 1817 4403 eamque
1848 4355 1874 4388 ιι
1909 4338 2004 4406 Sp.
2037 4338 2167 4390 (lar-

578 4405 708 4479 bilio
754 4411 977 4478 reliquis
997 4405 1310 4478 'adjcctam;
1348 4405 1767 4479 Hieronymum,
1810 4405 2000 4461 saltem
2045 4423 2166 4462 cum

580 4478 770 4535 Latine
797 4481 1113 4548 scripserit,
1145 4482 1476 4550 probabilius
1507 4478 1589 4534 est
1610 4481 1925 4536 Latinorum
1961 4497 2167 4534 morem

579 4551 757 4618 potius
781 4569 941 4618 quam
973 4554 1287 4610 Graecorum
1320 4554 1608 4611 imitatum,
1642 4554 1716 4604 uti
1742 4551 2050 4606 factitarunt
2075 4568 2168 4618 po-

579 4623 838 4692 steriores
869 4627 1194 4692 interpretes
1223 4627 1274 4679 iu
1308 4623 1600 4679 reddendis
1635 4624 1826 4677 Latine
1857 4625 2168 4678 auctoribus

582 4691 808 4754 Graecis.
834 4696 915 4751 Ad
945 4691 1278 4761 extremum,
1311 4697 1452 4750 absit
1482 4709 1536 4748 ιιι
1564 4712 1591 4747 a
1621 4697 1776 4749 firmo
1805 4695 1898 4746 illo
1924 4697 2172 4750 codicum

581 4781 854 4821 Consensu
885 4769 1164 4828 abeamus.
1199 4767 1624 4835 reponendaque
1655 4766 1757 4821 ista
1785 4765 1850 4818 ad
1877 4768 2042 4820 alium
2073 4784 2174 4822 au-

583 4853 712 4892 num
731 4881 744 4900 ,
770 4855 930 4909 quam
961 4841 1026 4895 ad
1058 4839 1172 4894 Caii
1205 4842 1435 4909 primum
1460 4854 1767 4894 asseramus
1789 4865 1814 4904 ,’
1837 4851 1958 4892 cum
1987 4841 2059 4892 ita
2082 4845 2177 4894 tta-

583 4909 741 4965 bcant
769 4926 960 4968 omnes
991 4913 1132 4968 libri.

654 4981 840 5052 (lbid.)
873 4983 1095 5038 Roman.
1129 4982 1246 5047 IV,‘
1272 4981 1427 5038 Caius
1459 4982 1700 5053 Caligula
1734 4985 1965 5054 regnarit
1995 5002 2082 5037 an.
2119 4985 2173 5053 5,

580 5068 741 5108 mens.
773 5055 854 5109 10.
883 5055 940 5109 1η
965 5055 1140 5123 Peta.,
1168 5070 1267 5122 pro
1295 5073 1382 5108 an.
1409 5058 1464 5119 5,
1495 5071 1656 5109 mens.
1688 5056 1774 5117 10,
1809 5058 1974 5110 babes
1995 5074 2085 5109 an.
2117 5060 2170 5123 4,

582 5141 744 5179 mens.
782 5127 887 5190 10;
921 5130 971 5182 in
1000 5128 1109 5196 Vi.,
1133 5129 1199 5182 0.
1221 5137 1274 5181 et
1307 5126 1482 5193 Vinc.,
1509 5143 1598 5181 an.
1632 5128 1689 5191 4,
1713 5127 1938 5180 sublatis
1967 5128 2169 5182 mensi-

581 5196 719 5258 bus;
751 5198 1034 5256 Contract.
1067 5218 1158 5255 an.
1191 5199 1244 5262 5,
1269 5217 1436 5256 mens.
1471 5204 1570 5262 10,
1599 5198 1708 5252 die.
1743 5204 1806 5262 8,
1844 5199 1968 5252 ltcel
2003 5201 2052 5252 iit
2081 5215 2171 5253 se-

580 5269 661 5322 rie
688 5285 861 5325 annos
891 5271 925 5324 5
951 5279 1226 5327 contexat.
1255 5270 1474 5337 Reliqui
1505 5271 1624 5324 libri
1657 5281 1711 5324 et
1743 5271 1859 5322 Atto
1900 5272 2170 5333 vulgatam

584 5341 872 5396 lectionem
924 5353 1254 5411 proponunt.
1289 5343 1592 5401 Marianos,
1630 5343 1907 5411 Regnavit,
1963 5344 2169 5411 inquit,

579 5429 668 5466 an.
694 5414 750 5480 4,
779 5431 938 5468 mens.
972 5415 1060 5475 10,
1091 5416 1268 5469 diebus
1299 5417 1352 5481 8,
1387 5425 1511 5486 teste
1544 5413 1765 5486 Eusebio
1795 5423 1840 5486 et
1868 5413 2031 5465 Βοιιιι.
2058 5415 2173 5486 ilu-

579 5485 764 5539 sebius
793 5527 806 5549 ,
839 5486 932 5540 lib.
978 5503 1010 5540 tt
1045 5488 1179 5540 llist.
1214 5502 1333 5554 cap.
1379 5487 1412 5541 8
1436 5483 1465 5550 ,’
1498 5487 1680 5538 minus
1709 5483 1961 5540 distincte
1995 5504 2007 5538 :
2043 5484 2173 5538 Cum

579 5558 877 5624 principatu
898 5599 912 5619 ,
948 5559 1116 5626 inquit
1142 5599 1155 5616 .
1192 5558 1418 5610 nondum
1451 5566 1557 5609 toto
1587 5557 1931 5625 quadriennio
1974 5559 2168 5626 potitus

574 5641 722 5704 esset,
753 5630 905 5704 Γαῖφν
931 5629 1034 5686 οὐδ’
1056 5628 1187 5692 ὅλοις
1213 5632 1484 5704 τέτταρσιν
1513 5627 1652 5685 ἔτεσι
1681 5635 1771 5688 τὴν
1792 5629 1965 5704 ἀρχὴν
2006 5652 2168 5685 κατα-

576 5702 802 5773 σχόντα.
831 5702 940 5757 Nec
964 5703 1122 5756 obest
1148 5700 1398 5770 superior
1428 5705 1659 5754 varietas
1678 5741 1694 5766 ,
1726 5700 1838 5770 qud
1860 5700 2039 5755 minus
2070 5705 2165 5754 lir-

578 5785 736 5827 nttter
777 5773 1211 5828 adht-rescamus
1255 5773 1470 5827 lectioni
1522 5773 1752 5838 vulgata:
1775 5813 1792 5837 ,
1827 5788 1947 5826 cum
1977 5789 2167 5826 omnes

575 5845 664 5898 alii
709 5845 829 5899 Ιίιιιί
869 5849 1141 5900 communi
1173 5859 1442 5898 consensu
1489 5856 1722 5911 quatuor
1754 5854 1957 5899 tantum
1993 5860 2168 5899 annos

576 5927 861 5971 numerent
905 5919 956 5970 in
998 5921 1248 5971 columna
1291 5927 1344 5970 ct
1385 5916 1524 5970 :cric
1562 5930 1847 5971 annorum.

2267 3332 2425 3396 Fab.,
2453 3335 2586 3388 Mar.
2607 3377 2622 3400 ,
2653 3335 2804 3397 Fre.,
2837 3351 2936 3389 nec
2962 3351 3025 3388 ex
3051 3336 3160 3388 alio
3193 3336 3333 3398 loco,
3370 3337 3456 3388 vel
3486 3335 3758 3403 scriptore
3783 3349 3877 3387 ve-

2269 3416 2382 3459 tere
2411 3417 2626 3460 constat
2654 3423 2760 3475 qtto
2780 3423 2925 3461 anno
2954 3407 3240 3460 Mattlueus
3266 3403 3569 3475 Scripserit,
3595 3404 3700 3459 nisi
3727 3407 3872 3474 quod

2267 3476 2384 3540 ipse
2415 3477 2685 3532 Eusebius
2708 3521 2722 3542 ,
2761 3479 2856 3533 lib.
2904 3494 2938 3532 v
2980 3479 3182 3533 llistor.
3217 3493 3338 3543 cap.
3385 3482 3417 3534 8
3444 3517 3458 3541 ,
3507 3476 3678 3529 refert
3709 3477 3869 3530 verba

2267 3547 2455 3602 lrenaai
2530 3551 2821 3604 scribentis
2871 3550 3182 3604 Mattlunmn
3245 3550 3530 3603 historiam
3588 3547 3866 3617 Evangelii

2267 3623 2645 3689 cotnpo~uisse
2691 3632 2858 3688 tunc,
2912 3638 3032 3676 cum
3087 3622 3277 3675 Petrus
3324 3631 3378 3674 et
3428 3619 3629 3674 Paulus
3688 3619 3872 3674 linum:

2269 3693 2726 3759 evangelizarent.
2757 3693 2902 3764 quod
2939 3711 3045 3748 nou
3074 3694 3303 3762 contigit
3334 3703 3461 3745 ante
3489 3708 3581 3764 an.
3613 3691 3873 3764 4400ιηί-

2268 3765 2334 3838 sti
2366 3783 2377 3816 ε
2406 3765 2498 3838 Sic
2515 3770 2658 3818 enim
2689 3761 2804 3833 ipse
2829 3765 2854 3821 ὁ
2876 3768 2966 3838 μὲν
2982 3764 3042 3825 δὴ
3065 3761 3323 3824 Ματθαῖος
3342 3767 3389 3818 ἐν
3410 3772 3516 3824 τοῖς
3536 3761 3794 3838 Ἑϐραίοις

2268 3833 2373 3910 ἰδίᾳ
2399 3835 2641 3910 διαλέκτῳ
2682 3839 2846 3893 αὐτῶν
2865 3833 2884 3900 ,’
2926 3841 3012 3890 καὶ
3041 3842 3238 3912 ’γραφὴν
3278 3838 3526 3908 ἐξένεγκεν
3577 3833 3877 3906 εὐαγγελίοί)

2266 3907 2359 3961 τοῦ
2401 3910 2589 3982 Πέτρου
2614 3907 2712 3964 -καί
2756 3920 2843 3964 τοῦ
2882 3907 3085 3964 Παύλοέί
3126 3911 3175 3982 ἐν
3204 3908 3376 3982 Ῥὡμῃλ
3417 3907 3880 3982 ὲῦαγίεὶλζομένων

2268 3983 2354 4034 καὶ
2401 3980 2759 4051 οεμὲλωύντιίιν
2805 3987 2895 4040 τὴν
2945 3981 3235 4038 ἐκκλησίαν.
3273 3980 3697 4051 lﬂt'juxtaltanc
3743 3995 3878 4032 seu-

2271 4049 2495 4104 tentiam
2527 4054 2686 4107 facile
2711 4054 2988 4106 crederem
3015 4054 3112 4105 ista
3148 4053 3234 4104 hic
3267 4051 3433 4104 fuisse
3461 4049 3697 4117 adjecta.

2347 4123 2529 4193 tlbid.)
2567 4123 2727 4178 Caius
2753 4136 3092 4195 coynomento
3122 4120 3708 4195 Caligulapllemntii,
3761 4129 3875 4174 etc.

2271 4194 2397 4248 lltcc
2419 4192 2547 4248 sunt
2571 4197 2713 4249 varia
2747 4192 2964 4249 in'mss.
2997 4192 3161 4248 Caius
3195 4192 3462 4250 Memmii.
3502 4203 3636 4258 etc.,
3694 4193 3872 4253 l’eta.,

2271 4265 2442 4339 lium;
2477 4265 2726 4339 Caligula
2771 4266 3002 4339 Memmii
3020 4271 3130 4339 _A.,
3165 4264 3389 4339 bl.,_V.;
3423 4262 3585 4339 Gaius
3627 4261 3880 4339 Caligula

2272 4336 2502 4390 Memmii
2546 4333 2650 4396 νεῖ,
2692 4337 2781 4402 0.,
2830 4339 2924 4402 (λς
2980 4337 3213 4390 Memmii
3254 4335 3388 4401 Fa.;
3447 4334 3610 4388 Gaius
3659 4333 3880 4387 Memmi

2271 4407 2405 4470 Lo.;
2441 4406 2499 4462 C.
2541 4408 2782 4480 Calgula
2830 4408 3062 4462 Memmii
3103 4408 3182 4461 Pi.
3229 4407 3377 4460 llanc
3420 4406 3706 4461 hiatoriam
3752 4408 3879 4459 vide

2270 4481 2412 4544 apud
2439 4479 2668 4537 Suetou.
2699 4501 2710 4534 :
2749 4485 2938 4534 borum
2969 4490 3146 4534 autem
3173 4479 3308 4533 situs
3338 4493 3447 4533 uno
3475 4493 3748 4532 consensu
3777 4493 3876 4532 co-

2270 4551 2453 4605 dtCttm
2483 4563 2565 4606 est
2590 4555 2654 4607 ad
2685 4569 2775 4607 an.
2805 4555 2838 4607 5
2864 4553 2999 4606 Citii.

2351 4623 2535 4695 (lbid.)
2562 4623 2783 4678 Pontius
2809 4623 3015 4676 Pilatus
3045 4625 3097 4676 in
3124 4623 3319 4695 multas
3341 4621 3575 4675 incidens
3607 4620 3884 4674 calamita-

2282 4694 2588 4766 Μέντορι-ιιι
2608 4713 2661 4749 se
2682 4712 2841 4749 mann.
2856 4696 3134 4766 interfecit,
3155 4703 3270 4766 etc.
3297 4694 3743 4766 Annumcrantur
3777 4695 3880 4744 ista

2283 4769 2334 4820 in
2368 4762 2586 4835 Vt.,'0.,
2621 4769 2720 4832 ιη..
2755 4767 2918 4835 Fttx.,
2945 4762 3120 4830 Pctaf,
3150 4765 3273 4829 Lo.,
3305 4765 3422 4826 Ρη..
3460 4765 3594 4818 Mar.
3631 4776 3684 4815 et
3711 4779 3880 4818 cst-n—

2281 4840 2387 4902 sis,
2418 4855 2504 4893 an.
2554 4841 2587 4893 '5
2617 4837 2756 4903 Caii,
2799 4854 2896 4894 seu
2941 4840 2975 4894 '5
3005 4838 3213 4909 olymp.
3250 4836 3378 4891 “204.
3416 4835 3725 4909 Idcmcum
3771 4835 3882 4888 illis

2281 4915 2450 4964 sentit
2475 4911 2862 4975 Cassiodorus,
2890 4909 3016 4963 dum
3053 4907 3152 4963 ista
3187 4911 3348 4962 verba
3382 4907 3622 4961 auctoris
3655 4915 3879 4958 mutua-

2283 4993 2370 5035 tus
2396 4983 2601 5036 obitum
2637 4982 2790 5036 Pilati
2815 4982 3028 5036 confert
3055 4981 3108 5035 iu
3142 4994 3344 5033 annum
3373 4980 3656 5033 consulum
3694 4977 3882 5030 Publi-

2281 5053 2408 5107 cola:
2437 5065 2482 5108 et
2515 5053 2701 5108 Nerva:
2727 5095 2740 5117 ,
2773 5069 2908 5124 quos
2947 5052 3090 5106 Fa~ti
3128 5051 3774 5124 Unuphrianicollocant
3812 5066 3880 5103 ex

2280 5125 2510 5180 adverso
2537 5128 2571 5180 4
2597 5127 2763 5196 olym.
2791 5121 2902 5180 9.04
2927 5165 2939 5187 ,
2962 5127 3164 5196 quique
3189 5121 3523 5177 numerando
3550 5137 3654 5196 per
3674 5136 3884 5196 consu-

2279 5197 2358 5251 les
2382 5191 2714 5251 concurrttitt
2737 5212 2858 5250 cum
2888 5191 3042 5249 an.75
3062 5194 3175 5250 Caii
3210 5213 3221 5247 :
3252 5205 3305 5246 et
3335 5204 3523 5246 auctor
3550 5193 3646 5246 lib.
3679 5207 3718 5245 tt
3741 5191 3876 5245 hist.

2277 5284 2398 5335 cap.
2434 5271 2486 5330 7,
2521 5270 2610 5322 ubi
2643 5267 2832 5322 iisdem
2861 5261 3046 5320 ferme
3096 5266 3278 5321 verbis
3327 5266 3518 5327 utitur,
3558 5262 3780 5335 conjicit
3825 5267 3881 5318 ιιι

2277 5334 2528 5394 eumdem
2553 5356 2774 5393 annum.
2809 5340 2979 5403 Quam
3010 5338 3296 5392 historiam
3325 5336 3568 5390 Zonaras
3596 5337 3674 5388 ait
3706 5334 3885 5388 Euse-

2279 5411 2426 5464 bium
2455 5427 2525 5464 (ιχ
2554 5410 2922 5484 olympiadum
2955 5409 3315 5480 scriptoribus
3344 5412 3568 5463 referre.
3592 5405 3879 5462 Contract.

2279 5484 2471 5550 rejecil
2498 5487 2548 5536 itt
2580 5501 2668 5536 an.
2705 5485 2754 5537 6.

2351 5555 2539 5626 (ιιιιιι.)
2573 5554 2726 5610 Caius
2753 5552 3024 5626 Petronio.
3057 5561 3166 5608 etc.
3199 5553 3257 5606 In
3292 5552 3375 5626 his
3401 5549 3745 5626 assignandis
3776 5565 3884 5626 suo

2279 5622 2400 5681 loco
2424 5622 2753 5682 dtssentiunt
2784 5625 2869 5680 Vi.
2897 5635 2950 5679 ct
2981 5624 3044 5680 Ο.
3075 5641 3104 5678 a
3130 5623 3366 5680 cretei-is.
3399 5624 3462 5678 lli
3491 5624 3634 5677 enim
3666 5622 3884 5675 adscri-

2277 5700 2413 5752 bunt
2440 5715 2528 5752 an.
2557 5700 2593 5752 2
2621 5697 2763 5760 Caii,
2795 5713 2917 5752 cum
2950 5697 3165 5765 ca-teri,
3199 5695 3364 5762 Fux.,
3394 5695 3512 5758 Fa.,
3549 5695 3723 5760 Peta.,
3769 5693 3879 5762 Pi.,

2278 5770 2375 5825 Lo.
2410 5784 2462 5824 et
2491 5772 2775 5840 vulgares,
2809 5785 2895 5824 an.
2931 5768 2983 5824 5.

2349 5842 2532 5910 (Ibid)
2566 5837 2804 5895 Statuam
2837 5857 3006 5895 suam.
3038 5841 3200 5896 Deest
3221 5857 3365 5893 suam
3393 5839 3446 5893 in
3476 5838 3534 5893 L.
3569 5849 3619 5891 et
3649 5837 3759 5900 Pi.;
3793 5838 3880 5890 ni-

2279 5913 2575 5968 hilominus
2624 5915 2988 5969 retinendum.
3042 5913 3174 5968 Nam
3221 5921 3432 5967 constat
3473 5928 3541 5966 cx
3581 5911 3872 5972 Suetonio,
