3996 6358
2008 279 2237 286 -νρ---ο
2256 281 2429 287 —~——-—~
2444 282 2629 290 κρυ-.-

1354 461 2347 633 PR/EFATIO.

249 820 524 881 Demnm
561 827 728 901 post
756 823 936 903 longi
970 826 1271 903 temporis
1300 843 1538 904 moras,
1567 828 1846 907 quodam
1877 832 2070 893 veluti
2106 833 2526 911 postliminio,
2555 838 2764 917 prodit
2793 841 3057 901 octavus
3089 840 3208 903 iste
3242 841 3496 903 Hreno-

171 916 305 983 sint
342 924 669 1004 Operum
723 934 974 997 tomus.
1010 929 1119 1006 qui
1164 930 1514 1005 Chronica,
1556 940 1626 992 ut
1657 940 1932 1015 vocant,
1963 953 2076 997 seu
2135 952 2415 999 canones
2473 938 2755 1000 historia:
2803 945 3123 1003 universze
3170 944 3494 1021 continet,

172 1026 282 1082 tam
309 1042 488 1102 quos
520 1024 610 1086 de
650 1026 900 1087 Graecis
940 1026 1198 1088 Eusebii
1250 1030 1471 1107 vertit,
1502 1032 1829 1111 gestisque
1862 1034 2006 1095 aliis
2055 1038 2373 1116 praecipue
2412 1037 2788 1099 Latinorum
2839 1043 3019 1100 auxit
3046 1087 3062 1114 ,
3102 1062 3297 1122 quam
3336 1063 3498 1122 quos

172 1128 237 1189 de
260 1146 408 1203 suo,
444 1132 533 1191 ad
576 1129 1099 1191 continuandam
1151 1134 1439 1193 veterum
1493 1135 2041 1197 monimentorum
2091 1139 2169 1199 ad
2224 1155 2343 1200 sua
2396 1156 2599 1219 usque
2649 1148 2935 1219 tempora
2970 1144 3228 1215 seriem,
3264 1146 3502 1205 addidit

176 1232 227 1292 S.
260 1234 475 1293 Pater.
510 1233 705 1294 lnter
743 1250 991 1304 omnes,
1022 1250 1149 1293 non
1182 1233 1319 1313 ejus
1355 1234 1568 1308 modo,
1610 1236 1717 1296 sed
1749 1238 2038 1298 omnium
2090 1240 2501 1320 ingeniorum
2541 1243 2728 1314 fetus,
2759 1242 2996 1320 quibus
3030 1245 3298 1305 erudita:
3330 1246 3503 1305 anti-

178 1335 437 1413 quitatis
474 1336 808 1397 memoria
839 1338 1230 1409 continetur,
1270 1336 1521 1398 nullum
1580 1339 1761 1400 facile
1811 1340 2131 1417 invenies,
2165 1344 2349 1423 cujus
2386 1351 2561 1406 tanta
2601 1345 2791 1406 fuerit
2836 1346 2931 1409 vel
2982 1348 3196 1424 Operis
3239 1348 3502 1426 magni—

178 1435 313 1496 tudo
348 1439 419 1497 et
454 1438 849 1515 praestantia
875 1486 891 1515 ,
928 1441 1031 1501 vel
1058 1458 1203 1518 quae
1232 1442 1469 1519 percipi
1501 1460 1578 1503 ex
1628 1459 1705 1503 eo
1750 1447 1981 1522 potest,
2017 1445 2285 1526 legentis
2321 1448 2589 1509 utilitas.
2632 1449 2895 1527 Absque
2930 1448 3041 1509 illo
3077 1449 3273 1522 foret,
3312 1451 3503 1513 innu-

183 1558 339 1602 mera
370 1542 778 1617 etiamnum,
813 1561 957 1621 qua}
990 1562 1115 1605 non
1163 1562 1362 1607 sacra:
1398 1550 1674 1623 tantum,
1708 1546 1816 1607 sed
1866 1555 2112 1616 ἐξωτικῆς
2144 1552 2338 1612 etiam
2385 1550 2667 1611 historiw
2697 1552 3028 1612 meliorem
3078 1558 3323 1628 partem
3369 1553 3507 1616 sive

184 1642 686 1723 chronologiam
738 1649 1059 1724 spectant,
1110 1648 1391 1726 tegmine
1425 1649 1838 1711 tenebrarum
1878 1657 2020 1711 atro
2060 1653 2297 1730 passim
2332 1653 2862 1726 obvolverentur,
2897 1674 3043 1734 qua:
3074 1673 3247 1717 nunc
3282 1657 3509 1734 explo-

183 1753 315 1808 rata
342 1747 706 1826 habemus,
740 1754 803 1808 et
838 1748 1100 1812 minime
1135 1749 1346 1811 dubiis
1395 1756 1755 1830 temporum
1796 1752 2282 1815 characteribus
2330 1756 2699 1819 constituta.
2744 1757 3029 1829 Accedit,
3063 1760 3236 1835 quod
3286 1759 3508 1819 Graaco

185 1849 307 1928 jam
335 1848 681 1929 deperdito
714 1855 927 1925 textu,
964 1856 1023 1911 et
1056 1851 1109 1912 si
1146 1869 1272 1912 non
1304 1853 1518 1916 verbis
1548 1853 1740 1931 plane
1774 1854 1929 1931 ipsis
1960 1854 2251 1930 Eusebii,
2282 1854 2534 1914 ratione
2560 1862 2730 1915 certe
2773 1855 3032 1933 quidem
3070 1858 3178 1917 illa
3206 1873 3336 1934 qua
3364 1875 3508 1917 cum

189 1953 375 2013 certis
412 1952 812 2029 quibusdam
849 1952 1037 2013 annis
1067 1961 1243 2032 gesta
1274 1955 1860 2031 componebantur,
1893 1973 2087 2016 nosse
2126 1973 2299 2016 nunc
2327 1954 2548 2016 eadem
2575 1958 2802 2035 probe,
2840 1959 2951 2018 uni
2977 1972 3313 2037 acceptum
3339 1959 3514 2020 refe-

189 2058 388 2119 rimus
416 2056 480 2117 S.
518 2056 904 2135 lnterpretis
955 2058 1309 2129 industrize,
1344 2056 1483 2136 ejus
1514 2057 1714 2120 divini
1764 2056 2232 2139 prOpemodum
2267 2044 2565 2117 beneﬁcii
2591 2064 2708 2118 est.
2738 2060 2816 2118 Et
2845 2061 3067 2121 deerat
3114 2067 3324 2122 tamen
3381 2061 3510 2135 his,

199 2173 359 2236 quas
391 2156 713 2217 hactenus
749 2157 1157 2220 adornarunt
1182 2156 1347 2219 docti
1380 2158 1522 2230 viri,
1554 2158 2041 2220 collectionibus
2072 2157 2446 2218 eorumdem
2482 2157 2766 2239 Operum
2798 2176 2946 2239 pars
2994 2160 3213 2221 isthmc
3262 2162 3508 2223 czeteris

189 2257 606 2336 praestantior
642 2259 974 2331 omnibus,
1010 2257 1277 2337 perinde
1304 2274 1380 2319 ac
1411 2259 1464 2317 si
1507 2264 1727 2335 pectus
1775 2263 1885 2319 aut
1916 2264 2135 2337 caput,
2166 2259 2217 2320 si
2268 2259 2519 2337 superis
2564 2259 2817 2338 placet,
2851 2260 3315 2322 eonformando
3360 2280 3513 2322 cor-

194 2360 338 2441 pori
372 2360 783 2422 nobilissimo
815 2378 1043 2441 parum
1074 2362 1234 2424 adeo
1263 2361 1675 2435 conduceret,
1707 2367 1780 2422 ut
1825 2362 2054 2424 abesse
2086 2362 2277 2423 etiam
2313 2362 2395 2424 ab
2432 2361 2684 2439 reliqua
2730 2366 3059 2424 structura
3104 2369 3343 2441 posset.
3388 2364 3517 2425 Ne-

197 2483 326 2545 que
362 2484 515 2528 vero
546 2484 665 2529 cur
700 2472 1320 2547 praetermitteretur,
1353 2484 1549 2530 causa
1582 2466 1726 2542 fuit,
1756 2467 1932 2544 quod
1972 2483 2267 2529 seorsum
2322 2463 2530 2525 editus
2568 2463 2734 2524 liber
2785 2463 3019 2526 faceret
3070 2463 3374 2525 studiosis
3424 2468 3517 2526 rei

191 2564 679 2646 chronologicae
709 2568 865 2629 satis
903 2590 917 2628 :
950 2586 1098 2631 nam
1142 2573 1386 2633 veteres
1419 2568 1729 2631 editiones
1763 2567 1817 2628 si
1850 2566 2099 2641 dicunt,
2132 2570 2220 2627 tot
2249 2570 2401 2627 sunt
2441 2565 2567 2626 illa:
2598 2582 2788 2626 omne
2837 2584 3039 2645 genus
3082 2569 3251 2630 vitiis
3298 2566 3519 2629 defor-

192 2675 416 2742 mataa,
459 2675 530 2730 ut
562 2670 642 2730 iis
670 2686 892 2734 carere
929 2669 1281 2750 aliquando
1311 2674 1591 2749 praestet,
1630 2686 1826 2748 quam
1854 2686 2001 2731 cum
2029 2674 2121 2729 tot
2150 2666 2395 2729 mendis
2436 2665 2815 2728 conflictari.
2849 2668 3261 2731 Recentiores
3298 2674 3519 2731 autem

194 2770 367 2846 dum,
420 2789 568 2850 quae
604 2775 759 2833 sunt
795 2777 1005 2835 tamen
1041 2777 1192 2835 ante
1226 2789 1431 2834 annos
1484 2771 1681 2833 ferme
1732 2774 1991 2833 centum
2026 2768 2485 2849 quadraginta,
2518 2767 2723 2831 altera
2761 2769 2843 2829 ab
2892 2769 3181 2831 Arnaldo
3239 2772 3521 2833 Pontaco

196 2872 548 2935 Vasalensi
587 2875 920 2954 episc0po,
952 2875 1158 2938 altera
1207 2875 1290 2937 ab
1329 2874 1609 2953 Josepho
1644 2872 2011 2953 Scaligero,
2042 2872 2196 2933 viris
2242 2870 2628 2934 doctissimis
2658 2918 2674 2948 ,
2707 2870 3033 2934 adornatae
3058 2917 3074 2942 ,
3110 2888 3259 2933 raro
3293 2872 3522 2935 admo-

192 2975 378 3049 dum,
413 2984 476 3038 et
508 2980 870 3056 praesertim
906 2980 1297 3053 Pontacena,
1326 2996 1471 3057 qua:
1498 2978 1985 3057 diligentissime
2012 2982 2317 3039 accurata
2340 2984 2463 3053 est,
2494 2979 2919 3040 inveniuntur
2949 3001 2963 3039 :
2999 2979 3329 3058 multaque
3358 2999 3518 3061 prte-

192 3084 379 3143 terea
409 3082 477 3141 in
508 3080 585 3141 iis
619 3082 842 3144 relicta
875 3086 1027 3143 sunt
1064 3081 1292 3143 aliena:
1337 3080 1704 3156 industria),
1738 3097 1883 3158 quae
1914 3096 2044 3140 non
2100 3096 2345 3153 meam,
2382 3080 2490 3142 sed
2536 3082 2727 3161 longe
2775 3081 3128 3144 doctiorum
3175 3084 3517 3147 hominum

198 3198 472 3261 operam
507 3199 581 3244 ac
613 3183 832 3245 limam
860 3182 1218 3260 postulant.
1250 3182 1454 3242 Immo
1482 3182 1605 3241 hoc
1636 3181 1846 3260 ipsum
1876 3179 2045 3258 quod
2077 3195 2234 3241 sane
2261 3180 2614 3258 plurimum
2648 3181 2814 3243 inest
2844 3182 2899 3242 ei
2923 3182 3088 3242 libro
3118 3181 3518 3247 difficultatis

196 3302 323 3347 cur
351 3285 958 3365 praetermitteretur
985 3286 1053 3345 in
1090 3300 1289 3347 causa
1318 3284 1461 3345 fuit.
1502 3282 1652 3362 Ejus
1693 3283 2139 3345 recensionem
2168 3292 2464 3345 senserat
2512 3285 2649 3365 ipse
2681 3287 2875 3348 etiam
2910 3286 3287 3367 Hieronymi
3337 3295 3512 3366 post-

194 3410 427 3455 remus
460 3392 667 3453 editor
694 3392 1141 3466 Martianzeus,
1174 3408 1442 3453 suarum
1473 3390 1757 3471 partium
1787 3407 1950 3463 esse,
1981 3408 2179 3469 seque
2207 3394 2543 3471 receperat
2572 3392 3011 3470 priestiturum
3038 3413 3055 3467 ;
3084 3390 3194 3451 sed
3224 3392 3519 3455 animum

190 3494 569 3579 de5pondit,
601 3496 709 3555 ubi
763 3499 1082 3573 quantum
1134 3497 1199 3556 et
1246 3510 1442 3572 quam
1498 3490 1875 3570 impeditum
1927 3492 2257 3571 negotium
2286 3492 2409 3553 sibi
2438 3491 2640 3566 daret,
2670 3492 2890 3553 limine
2941 3492 3008 3552 in
3046 3493 3183 3572 ipso
3221 3492 3519 3556 advertit.

190 3602 370 3676 Quid
401 3618 566 3680 Opus
593 3604 689 3661 est
720 3599 1061 3679 pluribus?
1090 3600 1336 3662 Novam
1365 3599 1583 3680 parari
1620 3584 1968 3660 editionem
2004 3598 2071 3658 in
2105 3600 2269 3661 votis
2299 3598 2528 3660 habuit
2554 3614 2826 3677 magnus
2854 3598 3115 3676 Pagius,
3144 3600 3329 3679 cujus
3354 3606 3524 3666 inter

191 3730 430 3774 omnes
458 3713 572 3791 qui
610 3718 974 3792 temporum
1006 3710 1361 3772 doctrinam
1393 3707 1821 3780 tradiderunt,
1860 3723 2094 3786 magna
2144 3705 2286 3768 laus
2332 3708 2429 3767 est
2462 3724 2476 3763 :
2509 3702 2618 3765 sed
2650 3703 2837 3781 quasi
2877 3702 3189 3780 imparem
3238 3724 3307 3769 se
3339 3710 3521 3771 oneri

186 3819 566 3890 reputaret,
598 3816 756 3876 satis
790 3812 1018 3874 habuit
1054 3811 1304 3874 animos
1334 3810 1479 3872 aliis
1507 3809 1764 3883 addere,
1796 3825 2097 3888 magnam
2130 3811 2399 3869 testatus
2425 3822 2463 3868 a
2499 3805 2795 3866 litteratis
2825 3805 3099 3883 gratiam
3129 3824 3268 3871 esse
3307 3810 3521 3875 initu-

184 3929 377 3988 rum,
413 3916 529 3993 qui
563 3915 731 3977 hanc
758 3915 882 3976 sibi
918 3914 1213 3993 Spartam
1256 3910 1704 3973 exornandam
1740 3910 2122 3988 susciperet.
2152 3909 2401 3971 Scilicet
2429 3907 2517 3980 id,
2555 3906 2727 3985 quod
2760 3925 2860 3969 res
2892 3912 3056 3987 erat,
3088 3913 3284 3990 probe
3313 3916 3515 3991 novit,

188 4023 367 4079 etut
402 4035 714 4079 numeros
739 4035 961 4079 omnes
992 4016 1313 4095 impleret,
1342 4030 1539 4094 quam
1568 4013 1743 4092 longi
1792 4011 2098 4091 temporis
2140 4010 2378 4084 studio,
2408 4017 2655 4088 quanta
2682 4011 2750 4071 in
2784 4015 3207 4091 antiquorum
3256 4017 3512 4097 scriptis

185 4120 713 4199 exercitatione,
748 4136 945 4199 quam
979 4118 1374 4180 felicioribus
1407 4117 1607 4193 curis,
1644 4122 1841 4194 atque
1870 4114 2150 4177 inventis
2181 4114 2555 4176 criticorum
2592 4131 2757 4192 opus
2794 4121 2962 4177 esset
2990 4141 3006 4192 ;
3040 4135 3253 4197 neque
3297 4125 3469 4185 enim
3498 4173 3517 4206 ,

183 4230 265 4286 ut
293 4225 431 4287 hoc
462 4242 668 4285 unum
719 4224 976 4286 interim
1026 4239 1404 4297 memorem,
1442 4220 1627 4299 pauci
1661 4219 1957 4280 ducenda
2008 4223 2185 4291 sunt,
2236 4234 2381 4295 quae
2435 4221 2578 4294 post
2612 4217 2872 4279 Pontaci
2919 4221 2984 4277 et
3018 4219 3322 4301 Scaligeri
3362 4225 3517 4303 fata,

182 4326 319 4387 viri
362 4324 749 4387 eruditionis
781 4333 842 4386 et
870 4323 1096 4404 judicii
1125 4323 1334 4404 gloria
1373 4325 1749 4400 priestantes
1783 4319 1850 4380 in
1887 4318 2130 4399 majore
2158 4318 2307 4381 luce
2358 4318 2785 4393 collocarunt,
2818 4324 2931 4381 aut
2958 4320 3152 4385 etiam
3202 4342 3283 4387 ex
3332 4327 3516 4393 libris

182 4433 404 4489 antea
451 4425 739 4486 nondum
788 4425 1029 4503 publici
1077 4423 1243 4503 juris
1274 4423 1482 4499 factis,
1533 4422 1599 4482 in
1632 4421 1865 4499 vulgus
1901 4424 2303 4498 protraxere.
2346 4419 2582 4482 Doctus
2619 4438 2882 4500 quoque
2922 4422 3060 4503 virj,
3116 4428 3228 4505 qui
3261 4447 3389 4492 non
3424 4432 3516 4496 ita

180 4526 456 4607 pridem
485 4526 812 4591 Notitiam
836 4525 1242 4588 Bibliotheca:
1293 4521 1676 4604 principalis
1718 4522 2101 4584 Vinariensis
2135 4521 2558 4600 conscripsit,
2596 4528 2660 4582 et
2693 4521 2768 4583 de
2822 4540 2953 4601 quo
2980 4524 3171 4604 plura
3216 4531 3515 4615 inferius,

180 4634 263 4691 ut
290 4629 604 4691 stimulos
635 4647 806 4690 novo
832 4628 1085 4703 editori,
1110 4627 1354 4707 siquis,
1385 4626 1623 4705 inquit,
1654 4623 2007 4705 sperandus
2038 4633 2151 4698 est,
2182 4622 2397 4702 addat,
2423 4624 2661 4705 quibus
2685 4624 2899 4705 juvari
2929 4630 3122 4693 etiam
3150 4634 3374 4712 possit,
3404 4654 3521 4701 ar-

182 4738 521 4813 gumenta
550 4732 1006 4794 subministrat
1034 4748 1115 4793 ex
1148 4729 1432 4808 antiquis
1468 4746 1621 4790 mss.
1653 4726 1969 4806 editisque
1992 4727 2204 4805 libris,
2236 4744 2401 4807 quos
2436 4728 2748 4790 nominat.
2782 4730 3063 4812 Interea,
3093 4736 3245 4799 dum
3271 4741 3517 4819 aliquid

181 4834 342 4909 ﬁat,
376 4836 519 4915 ipse
548 4833 631 4897 ad
666 4851 811 4896 eam
848 4852 1012 4912 rem,
1045 4831 1365 4911 siquidem
1396 4830 1515 4892 viri
1549 4829 1784 4891 eruditi
1835 4828 2107 4890 excitari
2144 4829 2420 4907 possint,
2454 4826 2812 4907 symbolam
2849 4830 2958 4895 dat
3001 4834 3255 4916 integro
3293 4840 3515 4902 libello

186 4942 473 5020 ἀντιδότῳ
518 4940 855 5003 variarum
902 4938 1256 5001 lectionum
1312 4941 1507 5015 atque
1558 4935 2085 4997 emendation‘um
2137 4954 2220 4998 ex
2263 4941 2549 5017 quatuor
2600 4938 2907 5009 Palatinis
2967 4945 3315 5021 codicibus,
3349 4965 3515 5026 quas

190 5037 364 5099 olim
399 5037 825 5101 doctissimus
861 5035 1168 5101 Claudius
1214 5035 1571 5097 Salmasius
1625 5036 1819 5109 eruit,
1852 5036 1989 5114 ipse
2039 5036 2208 5098 notis
2246 5035 2590 5099 identidem
2639 5038 3036 5106 illustravit:
3072 5047 3315 5126 majora
3360 5066 3517 5114 vero

191 5139 341 5203 alia
374 5145 438 5202 et
468 5139 756 5203 Hercule
783 5139 1006 5219 aliquo
1039 5137 1234 5219 digna
1268 5137 1666 5200 felicioribus
1700 5137 1979 5216 ingeniis
2015 5138 2415 5218 relinquere,
2447 5138 2779 5203 lubentem
2814 5159 2883 5205 se
2909 5148 3267 5225 meritoque
3315 5153 3519 5229 proti-

189 5244 401 5306 tetnr.
435 5245 669 5306 Tantae
727 5241 918 5302 molis
966 5249 1326 5319 est,quam
1379 5240 1783 5318 accepimus,
1843 5239 2245 5319 provinciam
2300 5241 2646 5304 sustinere.
2702 5244 3082 5326 Accepimus
3138 5255 3355 5315 autem
3407 5257 3520 5325 illa

184 5348 434 5423 coacti,
468 5363 680 5427 quam
735 5345 1146 5414 dicebamus,
1184 5342 1459 5428 instituti
1513 5342 1924 5421 necessitate,
1977 5348 2047 5405 ut
2100 5343 2465 5406 collectioni
2512 5343 3171 5426 Hieronymianorum
3223 5371 3516 5438 operum,

180 5446 365 5509 istud
404 5447 587 5528 quod
630 5452 697 5506 et
730 5444 983 5505 caeteris
1021 5443 1150 5505 fere
1189 5447 1474 5522 praestat,
1506 5441 1859 5522 aliquando
1889 5443 2247 5520 accederet,
2285 5449 2348 5507 et
2380 5461 2580 5524 quam
2614 5446 2895 5511 diximus
2924 5454 3256 5518 anteactas
3289 5459 3523 5526 editio.

168 5564 302 5612 nes
339 5546 774 5617 commereri,
806 5548 1261 5625 praestaremus
1292 5563 1411 5607 nos
1441 5544 1719 5625 culpam.
1753 5545 1976 5624 Neque
2006 5562 2157 5607 vero
2181 5546 2226 5605 ii
2258 5564 2508 5621 sumus,
2538 5548 2649 5624 qui
2684 5550 2978 5631 velimus,
3010 5561 3149 5632 post
3171 5555 3522 5642 insignium

156 5652 646 5717 litteratorum
685 5652 996 5722 conatus,
1034 5648 1269 5727 quibus
1304 5664 1561 5711 summa
1596 5648 1817 5712 omnia
1850 5648 2222 5724 tribuimus,
2270 5664 2387 5708 nos
2423 5664 2613 5709 omne
2667 5651 2893 5718 tulisse
2929 5661 3237 5735 punctum
3274 5666 3471 5730 videri
3507 5691 3522 5730 ς

143 5763 566 5845 quinimmo
600 5753 879 5819 veniam
914 5754 1215 5831 petimus,
1264 5755 1471 5820 sicubi
1508 5757 1799 5837 partibus
1830 5753 2299 5834 nostris,.quod
2328 5752 2597 5817 fortasse
2633 5766 2933 5824 occurret
2968 5761 3228 5839 saepius,
3265 5767 3385 5843 ipsi
3421 5771 3526 5833 de‘

660 5858 956 5921 ΡΔτιοι..
998 5854 1269 5921 XXVII.

2819 5864 2853 5923 1
