3980 6310
491 248 512 299 t
530 253 549 301 l
1930 234 2316 292 Pthiali'A'l‘lU.
2953 251 2964 258 κ
3723 223 3786 280 l3

494 357 754 419 fuimus.
785 354 903 415 Sed
934 337 1286 432 antequam
1317 354 1394 414 de
1432 352 1669 414 laboris
1705 349 1904 413 nostri
1936 349 2188 411 ratione
2222 348 2530 415 dicamus,
2565 344 2716 424 quid
2751 362 2852 407 res
2884 345 3025 422 ipsa
3055 344 3163 419 sit,
3193 339 3429 420 quidve
3456 337 3565 400 alii
3596 340 3788 398 antea

495 455 932 536 prwstiterint,
964 451 1422 532 exponendum
1453 455 1571 512 est.

575 562 890 621 Eusnnms
919 555 1260 636 Pamphili,
1309 553 1480 633 quod
1530 558 2032 634 cognomentum
2083 552 2164 612 ab
2209 549 2442 611 illustri
2491 548 2775 627 Martyre
2814 549 3079 624 propter
3133 538 3675 604 necessitudinem
3731 541 3792 595 et

495 663 856 727 studiorum
886 657 1406 737 conjunctionem
1461 655 1732 735 accepit,
1766 650 2196 716 Caesareensis
2235 649 2602 728 episcOpus,
2640 658 2702 708 et
2727 652 2801 709 ut
2831 646 3084 707 erudita
3113 641 3485 720 conjectura
3518 642 3638 710 est,
3674 651 3794 713 pa~

498 767 620 827 tria
658 764 851 826 etiam
899 759 1331 823 Caesareensis
1386 759 1450 819 in
1489 757 1827 821 Palmstina
1862 757 2077 837 (quem
2112 753 2280 814 male
2329 751 2489 813 adeo
2526 768 2670 812 cum
2707 749 3094 829 cognomine
3129 745 3259 808 alio
3299 737 3692 806 Caesareensi
3728 738 3793 797 in

497 865 900 946 Cappadocia
929 862 1259 938 antistite,
1313 861 1659 940 Dupinius,
1713 876 1999 921 errorem
2047 853 2322 919 Usuardi
2372 857 2660 930 secutus,
2693 849 3080 930 confundit),
3113 844 3279 908 istud
3334 839 3796 925 propemodum

496 967 793 1030 immensi
846 964 1081 1028 laboris
1137 967 1331 1042 atque
1385 962 1764 1024 eruditionis
1807 979 1972 1041 opus
2007 956 2448 1022 concinnavit.
2496 955 2623 1017 Diu
2663 953 3072 1032 multumque
3127 951 3304 1018 erat,
3360 942 3532 1025 quod
3583 943 3797 1004 hostes

496 1071 843 1137 Christiani
892 1067 1170 1129 nominis
1220 1068 1488 1128 deorum
1534 1065 1792 1144 quidem
1847 1082 2116 1126 suorum
2167 1067 2554 1124 vetustatem
2592 1057 3135 1138 deprzedicabant,
3161 1050 3593 1117 Christianam
3649 1062 3800 1106 vero

496 1172 851 1234 doctrinam
900 1169 1195 1230 dicebant
1228 1175 1361 1247 χθές
1401 1175 1487 1227 καὶ
1528 1141 1705 1248 τξρὼην
1737 1172 1952 1229 natam
2000 1185 2014 1223 :
2058 1180 2339 1242 quorum
2388 1168 2457 1222 ut
2496 1159 2856 1222 calumnias
2911 1152 3354 1228 retunderent,
3380 1147 3491 1210 alii
3541 1141 3802 1225 quidem

496 1278 645 1337 ante
671 1274 1022 1335 Eusebium
1058 1271 1402 1350 scriptores
1437 1268 1818 1330 eruditionis
1851 1267 2040 1328 laude
2073 1271 2451 1346 praestantes
2479 1261 2796 1342 ejusmodi
2832 1261 3032 1322 libros
3063 1257 3534 1338 Opposuerunt,
3563 1251 3804 1330 quibus

498 1385 860 1455 temporum
913 1373 1382 1454 praeteritorum
1413 1417 1426 1439 ,
1467 1377 1529 1430 et
1560 1383 2014 1452 συγχρονισμῶν,
2065 1385 2260 1446 quam
2316 1371 2616 1446 poterant
2667 1364 3046 1425 memoriam
3084 1362 3445 1442 repetentes
3473 1400 3490 1428 ,
3530 1372 3609 1415 ex
3644 1352 3802 1430 ipsis

501 1479 870 1542 Graecorum
898 1475 1377 1538 commentariis
1408 1473 1862 1550 antiquitatem
1897 1471 2200 1533 Mosaicae
2227 1470 2389 1549 legis
2424 1486 2554 1546 pra:
2580 1466 2700 1527 diis
2733 1466 3024 1550 gentium
3056 1462 3457 1527 asserebant.
3497 1458 3625 1520 Nec
3651 1474 3812 1521 sane

501 1580 1033 1643 contemnendam
1069 1578 1289 1639 hacin
1322 1594 1390 1637 re
1435 1591 1698 1656 Operam
1759 1578 2088 1634 navarunt
2135 1571 2514 1633 Timotheus
2570 1568 3106 1648 chronographus
3149 1565 3438 1629 Cedreno
3482 1560 3809 1638 laudatus,

501 1685 613 1764 qui
647 1683 992 1761 Orphmum
1025 1679 1643 1758 ϐθόθοηί-σύγχρονον
1681 1675 1877 1736 fuisse
1918 1673 2072 1753 prod

2267 1690 2475 1750 eoque
2511 1669 2905 1732 luculentius
2951 1667 3240 1728 Justinus
3291 1665 3568 1744 Martyr,
3603 1662 3814 1724 Theo-

503 1759 715 1868 philus
742 1759 1215 1858 ;Antiochenus,
1243 1781 1587 1853 Tatianus,
1618 1778 1918 1838 Clemens
1952 1774 2469 1844 Alexandrinus,
2526 1771 2738 1831 Julius
2777 1768 3147 1844 Africanus,
3177 1773 3375 1846 atque
3423 1759 3559 1832 alii.
3607 1764 3817 1826 Eusc-

505 1898 648 1958 bius
702 1895 917 1951 autem
979 1889 1090 1965 qui
1149 1886 1264 1946 hos
1325 1901 1493 1962 pone
1552 1883 1872 1963 sequitur,
1911 1899 2040 1942 non
2109 1888 2234 1942 tam
2287 1886 2356 1939 ut
2408 1894 2550 1939 eam
2608 1876 2895 1958 gentium
2943 1873 3366 1954 pertinaciam
3426 1873 3809 1952 obterreret,

507 1992 793 2056 eamdem
851 1991 1042 2051 telam
1079 1995 1374 2048 retexere
1423 1986 1820 2067 diligentius,
1858 1989 1915 2043 et
1963 2001 2075 2061 per
2128 1985 2539 2055 universum,
2595 1985 2664 2038 ut
2717 1979 2800 2040 ita
2837 1977 3072 2054 dicam,
3124 1975 3538 2036 historiarum
3589 1972 3817 2033 orbem

505 2116 850 2180 aggressus
880 2102 996 2165 est,
1035 2111 1230 2172 quam
1262 2098 1332 2152 ut
1365 2091 1864 2169 przecedentium
1899 2095 2240 2151 auctorum
2298 2103 2513 2148 naevos
2561 2084 2814 2146 tolleret
2848 2103 2861 2144 :
2895 2081 3217 2162 praecipue
3255 2095 3405 2138 vero
3441 2081 3510 2138 ut
3539 2092 3812 2136 suorum

517 2203 745 2280 vulgo,
779 2197 1012 2276 quibus
1047 2194 1222 2254 nulla
1261 2193 1430 2254 certa
1468 2199 1832 2269 temporum
1861 2190 2063 2264 ratio,
2095 2206 2306 2268 neque
2337 2188 2475 2270 ipsa
2520 2205 2664 2266 qua:
2711 2187 2774 2246 in
2807 2182 3157 2265 Scripturis
3194 2181 3582 2242 denotantur
3605 2194 3819 2241 anno-

510 2320 654 2363 rum
710 2295 1080 2368 intervalla,
1112 2292 1384 2354 dilucide
1421 2293 1578 2354 satis
1635 2291 2045 2366 constabant,
2079 2290 2138 2351 id
2171 2289 2342 2368 quod
2385 2307 2485 2350 res
2542 2295 2707 2363 erat,
2761 2287 2949 2366 quasi
2988 2284 3188 2364 digito
3249 2282 3635 2345 ostenderet.
3690 2281 3819 2343 Ea-

508 2406 770 2482 pr0pter
799 2397 1086 2458 omnium
1119 2409 1494 2472 regnorum.
1527 2390 2002 2472 dynastiarum,
2037 2391 2404 2463 nationum,
2455 2389 3085 2469 rerumpublicarum
3137 2387 3338 2452 initiis
3388 2384 3818 2454 solertissime

503 2497 842 2567 discussis,
875 2501 937 2556 et
979 2498 1204 2556 contra
1233 2509 1301 2552 se
1336 2490 1585 2570 positis,
1615 2497 1750 2550 tum
1799 2489 1953 2549 illud
2001 2489 2217 2562 evicit,
2249 2489 2691 2552 i‘abulosorum
2729 2489 2999 2550 deorum
3043 2488 3369 2553 natalibus
3404 2487 3594 2566 longe
3623 2491 3821 2548 velu-

513 2605 741 2666 stiores
774 2617 912 2660 esse.
946 2595 1262 2658 Mosaicas
1291 2593 1574 2672 origines
1614 2612 1628 2648 ε
1662 2597 1796 2651 tum
1846 2590 2333 2672 expeditissima
2366 2593 2642 2668 ratione,
2673 2611 2807 2654 uno
2840 2591 3186 2653 intervallo
3222 2590 3299 2653 ad
3339 2593 3586 2652 certum
3616 2587 3822 2650 histo-

510 2706 622 2767 riae
665 2701 932 2764 exotica:
981 2697 1234 2758 titulum
1290 2700 1590 2756 revocato
1619 2739 1634 2765 ,
1675 2699 1884 2756 certas
1931 2710 2194 2771 quoque
2231 2693 2747 2755 antecedentium
2793 2700 2856 2756 et
2904 2693 3442 2772 consequentium
3480 2694 3821 2772 gestorum

511 2804 816 2884 cpochas,
849 2801 914 2860 in
949 2801 1118 2876 quod
1153 2814 1562 2876 unaquaeque
1600 2801 1849 2878 tempus
1904 2796 2292 2872 incurreret,
2323 2814 2647 2876 quemque
2681 2796 2994 2858 haberent
3036 2803 3396 2878 reSpectum
3427 2796 3596 2855 inter
3621 2812 3687 2854 se
3721 2795 3827 2856 in-

512 2909 740 2980 vicem,
770 2921 881 2982 per
939 2919 1288 2982 regnorum
1341 2899 1691 2960 laterculos
1746 2897 2235 2960 demonstravit.
2286 2900 2605 2978 Exposuit
2640 2899 2807 2962 hanc
2844 2901 3005 2978 ipse,
3059 2917 3256 2982 quam
3305 2903 3684 2978 persecutus
3724 2901 3830 2962 est

514 3003 908 3076 methodum,
940 3002 1003 3060 in
1040 2999 1411 3078 praefatione
1466 3013 1780 3076 perquam
1833 2996 2209 3074 diligenter,
2242 3016 2387 3078 quas
2421 3005 2482 3059 et
2518 2999 2757 3060 clarius
2795 3019 2878 3061 ex
2930 3006 3236 3062 contextu
3277 3000 3417 3080 ipso
3471 2999 3640 3068 libri,
3689 3015 3832 3062 uno

515 3104 850 3167 oculorum
887 3101 1111 3160 obtutu
1150 3097 1504 3176 percipitur
1539 3117 1555 3157 :
1594 3103 1662 3155 ut
1696 3112 1836 3157 eam
1869 3095 2167 3176 pluribus
2195 3098 2530 3175 explicare
2559 3098 2690 3180 jam
2726 3100 2885 3161 nihil
2921 3100 3196 3162 intersit.
3657 3094 3662 3098 ’

599 3207 796 3265 Porro
825 3202 989 3263 idem
1032 3200 1225 3259 fuisse
1255 3198 1405 3260 Julii
1457 3196 1741 3259 Africani
1778 3197 2214 3276 pr0positum,
2251 3198 2678 3275 eumdemque
2713 3199 2842 3260 fere
2873 3199 3166 3264 ordinem
3204 3201 3494 3280 quinque
3545 3202 3837 3268 chrono-

519 3305 841 3386 graphicis
877 3299 1409 3364 elaboratissimis
1449 3298 1655 3374 libris,
1695 3315 1730 3358 a
1769 3298 1988 3358 mundi
2039 3297 2292 3377 origine
2343 3298 2419 3358 ad
2455 3298 2814 3358 Macrinum
2855 3299 3351 3377 imperatorem;
3393 3318 3636 3379 perque
3686 3300 3836 3380 ejus

523 3410 722 3489 probe
773 3405 1134 3484 excogitata
1166 3401 1520 3464 Eusebium
1576 3398 1949 3478 profecisse,
1980 3399 2170 3460 credo
2204 3400 2497 3478 equidem
2538 3401 3122 3464 verosimiltimum.
3181 3401 3298 3462 Sed
3348 3419 3445 3462 nae
3500 3402 3660 3462 illud
3701 3407 3842 3462 im—

523 3528 709 3573 mane
744 3515 1172 3570 commentum
1222 3509 1317 3565 est
1366 3503 1698 3582 Scaligeri,
1733 3521 1847 3563 seu
1882 3503 2097 3564 verius
2132 3501 2486 3576 calumnia,
2541 3523 2736 3584 quam
2775 3506 3010 3584 szepius
3067 3507 3382 3578 inculcat,
3420 3523 3569 3565 eum
3625 3513 3843 3570 totum

524 3615 656 3675 fere
687 3610 969 3672 Africani
1006 3607 1396 3670 Chronicum
1433 3605 1494 3664 in
1527 3621 1714 3664 suum
1751 3604 2210 3681 transtulisse;
2246 3606 2403 3665 nihil
2436 3605 2498 3666 in
2534 3624 2612 3668 eo
2642 3625 2784 3666 esse
2820 3607 3227 3686 antiquitatis
3261 3606 3633 3686 reconditas,
3669 3609 3847 3670 nihil

525 3715 947 3783 luculentum,
987 3711 1310 3772 excellens
1345 3707 1529 3776 nihil,
1563 3704 1735 3783 quod
1767 3723 1894 3764 non
1930 3723 2006 3764 ex
2044 3705 2348 3768 Africano
2394 3708 2892 3788 deprompserit,
2922 3726 3069 3769 eum
3111 3709 3216 3769 vix
3250 3706 3504 3769 tandem
3537 3709 3713 3770 illius
3763 3711 3851 3772 de

527 3821 787 3894 nomine
819 3813 1181 3874 meminerit
1237 3811 1302 3868 in
1346 3809 1447 3880 iis,
1477 3808 1540 3866 in
1580 3807 1819 3884 quibus
1853 3807 1934 3867 ab
1971 3807 2107 3885 ejus
2154 3810 2476 3874 sententia
2508 3811 2796 3873 discedit.
2825 3813 2904 3872 Et
2932 3812 3170 3872 mirum
3195 3857 3212 3890 ,
3251 3816 3429 3873 tanta
3482 3813 3853 3876 securitate

526 3925 627 3986 sui
661 3919 877 3982 saeculi
908 3918 1186 3980 alienam
1224 3914 1610 3974 industriam
1640 3913 1760 3972 sibi
1803 3911 2171 3992 vendicare,
2202 3934 2414 3994 neque
2446 3917 2728 3978 revereri
2772 3917 3013 3996 judicia
3063 3935 3286 3978 eorum
3319 3918 3427 3997 qui
3459 3916 3858 3980 Africanum

527 4019 822 4100 quotidie
853 4017 1178 4094 legebant,
1215 4016 1432 4090 utpote
1465 4012 1649 4089 cujus
1683 4029 1848 4088 opus
1877 4030 1915 4074 a
1943 4019 2099 4073 centt

2287 4017 2415 4077 mis
2447 4016 2512 4077 in
2553 4019 2852 4079 manibus
2893 4018 3232 4092 hominum
3269 4026 3662 4082 versaretur.
3702 4020 3859 4082 Hoc

531 4137 764 4198 nempe
800 4118 1012 4194 ipsum
1047 4129 1356 4210 revocare
1387 4110 1784 4189 Scaligerum
1813 4111 1887 4171 ad
1923 4112 2250 4173 meliorem
2283 4120 2562 4177 mentem
2596 4122 2880 4194 poterat,
2917 4117 3040 4177 nisi
3073 4118 3123 4178 si
3181 4117 3483 4197 projectm
3512 4117 3862 4180 hominem

537 4217 954 4298 impudentia!
980 4213 1328 4275 Eusebium
1365 4212 1650 4289 putabat.
1696 4211 2211 4292 Praeconceptam
2255 4221 2466 4276 tamen
2505 4217 2876 4294 opinionem
2910 4219 3084 4280 illam
3119 4219 3202 4278 ita
3246 4226 3449 4280 ratam
3489 4218 3748 4298 habuit,
3783 4225 3865 4282 ut

455 4408 457 4410 η
538 4319 1004 4399 objectionum,
1037 4315 1231 4374 immo
1261 4312 1738 4374 calumniarum
1770 4313 2118 4373 maximam
2139 4322 2411 4392 partem,
2447 4335 2609 4396 quas
2639 4319 3022 4381 Eusebianze
3050 4319 3382 4382 industria:
3415 4320 3586 4392 facit,
3619 4326 3680 4381 et
3712 4327 3868 4386 tota

540 4419 917 4502 praefatione
948 4421 1322 4495 exaggerat,
1383 4430 1509 4480 non
1569 4413 1743 4474 aliud
1801 4413 2288 4475 fundamentum
2320 4418 2425 4488 sit,
2459 4437 2576 4481 nec
2619 4420 2880 4482 aliunde
2932 4440 3126 4502 quam
3161 4420 3237 4481 de
3268 4429 3462 4504 πρώτῳ
3489 4424 3668 4501 ψεύδῳ
3727 4425 3868 4487 isto

537 4523 865 4588 derivarit.
905 4519 1242 4581 Familiam
1295 4515 1468 4578 ducit
1513 4517 1625 4578 illa
1678 4517 1753 4577 de
1788 4537 2010 4597 regum
2061 4521 2474 4600 Assyriorum
2532 4525 2696 4584 serie
2747 4542 2825 4586 ac
2873 4526 3470 4604 temporibugquas
3518 4544 3632 4606 pro
3670 4534 3870 4590 certo

544 4624 730 4704 ponit
755 4623 837 4685 ab
873 4620 1182 4683 Africano
1211 4623 1545 4695 mutuata;
1579 4618 1640 4678 in
1679 4636 1888 4696 eoque
1923 4618 2000 4679 de
2035 4619 2157 4682 ﬁde
2196 4625 2604 4700 expostulat,
2639 4627 2809 4704 quod
2854 4628 3026 4688 solos
3081 4633 3294 4690 tamen
3347 4646 3532 4708 reges
3585 4629 3874 4708 triginta

546 4731 817 4803 septem,
853 4728 917 4782 et
951 4737 1156 4784 annos
1208 4718 1464 4779 circiter
1513 4735 1677 4779 uccc
1735 4727 2054 4796 numeret,
2087 4738 2232 4781 cum
2294 4723 2403 4784 ille
2438 4731 2499 4786 et
2535 4744 2717 4806 reges
2770 4729 3203 4808 quadraginta
3256 4748 3483 4807 unum,
3521 4738 3580 4792 et
3633 4747 3874 4800 annos

545 4831 715 4894 dicat
741 4841 1216 4888 uccccuxxxv.
1250 4822 1431 4896 Quod
1471 4829 1539 4882 ut
1571 4823 1944 4899 prudenter,
1983 4831 2042 4884 et
2075 4825 2222 4887 dolo
2249 4829 2422 4890 malo
2453 4829 2687 4890 factum
2725 4830 3144 4910 persuadeat,
3171 4839 3501 4912 comparat
3524 4852 3668 4896 cum
3705 4839 3875 4901 aliis

545 4951 628 4994 ex
665 4929 970 4993 Africano
1005 4924 1292 5004 epocbis,
1325 4922 1694 5002 Olympiade
1729 4924 1934 5002 prima
1964 4926 2028 4986 in
2057 4927 2380 4990 Joathami
2414 4930 2694 5004 initium,
2733 4940 2928 5012 atque
2982 4933 3083 4994 llii
3137 4936 3391 4996 excidio
3448 4938 3513 4998 in
3565 4937 3878 5004 Thuoris

549 5033 828 5112 [Egyptii
877 5046 1173 5109 regnum,
1204 5024 1374 5087 unde
1421 5033 1759 5105 et‘noster
1803 5028 2062 5104 quidem
2112 5031 2400 5093 rationes
2435 5037 2793 5110 temporum
2829 5033 3116 5108 deduxit,
3156 5044 3218 5100 et
3269 5057 3400 5117 quo
3452 5042 3695 5108 retulit.
3739 5043 3886 5108 Sed

551 5154 722 5210 cum,
756 5134 992 5212 inquit,
1023 5147 1061 5194 a
1094 5130 1460 5192 Theutamo
1496 5129 1787 5206 Assyrio,
1820 5129 1970 5190 item
1997 5147 2037 5192 a
2067 5131 2311 5193 Thuori
2361 5133 2683 5214 Egyptio,
2722 5137 2802 5198 ad
2845 5137 2942 5196 Ilii
2999 5153 3218 5200 casum
3275 5140 3466 5224 longe
3524 5142 3742 5221 majus
3789 5147 3889 5212 sit

555 5237 994 5307 intervallum,
1022 5249 1218 5310 quam
1257 5229 1541 5290 historiae
1571 5234 1820 5306 tempus
1853 5231 2076 5309 exigit,
2123 5231 2472 5310 Eusebius,
2507 5237 2757 5314 integra
2789 5239 3084 5317 dynastia
3117 5238 3414 5322 Egyptia
3455 5244 3743 5318 sublata,
3793 5266 3892 5310 ex

555 5339 972 5408 antecedente
1000 5335 1161 5400 duas
1201 5333 1370 5405 fecit,
1409 5337 1478 5392 ut
1513 5349 1738 5392 earum
1787 5349 2128 5421 numerum
2160 5346 2450 5399 servaret
2483 5359 2498 5397 :
2529 5357 2607 5399 ex
2658 5339 2823 5400 serie
2860 5349 3077 5400 autem
3131 5360 3354 5420 regum
3409 5345 3888 5423 Assyriorum,

559 5449 841 5520 quatuor
886 5455 1076 5515 reges
1129 5435 1504 5514 prasterivit,
1536 5438 1610 5493 ut
1643 5433 1922 5494 Thuoris
1959 5440 2021 5492 et
2055 5435 2397 5497 Theutami
2455 5447 2746 5518 tempora
2781 5443 2846 5500 in
2875 5441 2973 5501 llii
3031 5441 3352 5503 excidium
3403 5448 3887 5518 convenirent.

559 5543 768 5618 Quam
799 5541 1084 5604 fraudem
1123 5539 1425 5601 Africano
1457 5537 1683 5606 factam
1729 5538 1989 5598 acribus
2025 5556 2230 5616 usque
2281 5545 2342 5598 et
2375 5557 2580 5618 usque
2617 5542 2826 5601 verbis
2858 5544 3177 5620 castigare
3225 5559 3352 5602 non
3403 5543 3661 5619 desinit,
3701 5550 3899 5629 Syn-

561 5644 793 5710 cellam
823 5641 941 5706 sibi
975 5641 1230 5704 socians
1281 5639 1360 5700 ad
1410 5638 1898 5706 detrahendum.
1939 5657 2132 5715 quem
2185 5645 2412 5716 sponte
2467 5641 2856 5718 iniquiorem
2915 5641 3113 5701 fuisse
3171 5641 3554 5708 Eusebianas
3611 5647 3899 5731 gloria},

563 5763 749 5808 nemo
777 5743 1014 5822 estqui
1046 5742 1320 5821 ignoret.
1355 5743 1434 5801 At
1466 5739 1636 5801 enim
1670 5756 1801 5816 quo
1849 5739 2104 5808 tandem
2153 5747 2538 5819 argumento
2579 5741 2821 5821 docuit,
2856 5745 2936 5805 ab
2964 5742 3270 5810 Africano
3323 5764 3553 5828 regum
3601 5749 3905 5822 illorum
