3980 6366
174 292 213 359 is
1572 296 1746 355 ΡΡαΕΙ

1846 298 1959 355 ΙἸΟ.
3356 296 3418 353 Η

178 431 332 492 seriem
384 436 591 510 atque
653 448 983 493 annorum
1031 431 1374 495 intervalla
1430 433 1778 495 Eusebium
1831 435 2299 511 descripsisse?
2347 434 2621 495 Nullane
2678 434 2806 494 alia
2858 434 3201 493 exstabant
3258 441 3415 493 tunc

180 533 405 594 Veterum
467 532 910 609 monimenta,
961 532 1197 611 quibus
1251 531 1470 593 mallet
1526 532 1831 594 adhibere.
1890 532 2074 593 ﬁdem
2105 534 2133 591 Τ
2179 532 2319 593 Non
2370 531 2713 602 Diodorus,
2764 550 2889 593 non
2946 531 3187 594 Ctesias
3218 577 3234 607 ,
3287 550 3414 592 non

180 632 391 694 historici
428 632 686 709 caeteri,
719 650 999 711 quorum
1040 631 1302 692 vixdum
1363 631 1549 693 hodie
1591 632 1877 709 nomina,
1924 632 2268 711 deperditis
2310 633 2591 710 scriptis,
2620 633 3019 710 supersunt?
3064 633 3412 694 Diodorum
3490 664 3497 667 ι

177 742 297 798 certe
322 734 442 813 ipse
498 734 731 795 laudat
777 733 1060 813 Scaliger
1097 734 1158 794 in
1205 733 1503 796 Chronici
1551 734 1897 797 Eusebiani
1946 735 2320 817 fragmentis
2367 755 2381 793 :
2431 738 2539 813 qui
2597 735 3109 814 Sardanapalum
3165 753 3204 799 a
3253 736 3417 797 Nino

178 836 403 914 quintum
437 841 501 895 et
556 834 959 896 tricesimum
1013 841 1323 896 recenset.
1357 835 1585 897 Addito
1637 836 1789 896 Belo
1826 846 1896 897 ut
1926 838 2223 899 Petavius
2265 843 2443 899 notat
2490 836 2653 919 (Lib.
2688 857 2754 899 ιχ
2794 838 2864 899 de
2895 840 3155 900 Doctor.
3203 840 3416 919 Temp.

173 932 514 1012 c.12),ﬁeut
543 934 810 1012 triginta
841 951 982 1007 sex,
1022 934 1132 1011 qui
1163 951 1469 996 numerus
1508 935 1589 996 ab
1619 934 1990 998 Eusebiano
2041 938 2380 997 minimum
2411 940 2614 1001 abest.
2649 941 2868 1000 Annos
2902 958 3057 1001 vero
3083 942 3421 1004 dumtaxat

169 1056 313 1109 accc,
338 1039 576 1116 quibus
612 1041 951 1116 regnatum
983 1042 1078 1097 est
1112 1038 1195 1098 ab
1247 1037 1556 1116 Assyriis,
1601 1038 1897 1099 Justinus
1946 1039 2137 1100 etiam
2182 1040 2462 1119 collegit.
2496 1042 2700 1119 Igitur
2727 1049 3022 1105 auctores
3056 1045 3163 1105 alii
3212 1050 3422 1120 erant,

160 1143 242 1220 qui
266 1147 318 1202 et
340 1139 454 1201 ﬁde
483 1140 817 1220 digniores
850 1144 913 1203 in
944 1142 1042 1203 his
1080 1144 1355 1204 Eusebio
1410 1144 1807 1222 viderentur,
1836 1144 2169 1227 hypothesi
2200 1150 2371 1207 certe
2422 1148 2680 1225 quidem
2721 1150 2855 1209 snas
2898 1150 3294 1211 commodius
3327 1152 3423 1210 in-

156 1246 449 1308 servirent.
485 1245 679 1318 Num,
726 1245 930 1306 sicubi
979 1246 1351 1323 quempiam
1382 1245 1678 1326 probavit
1706 1264 1785 1307 ex
1836 1246 2141 1308 Africano
2177 1248 2460 1321 titulum,
2493 1249 2775 1311 rationes
2834 1267 3097 1328 quoque
3139 1251 3423 1328 reliquas

158 1344 340 1408 debuit
372 1364 405 1407 e
438 1345 719 1423 vestigio
753 1346 982 1424 sequi?
1009 1363 1125 1407 nec
1165 1345 1474 1423 potuitab
1502 1345 1639 1423 ejus
1672 1349 2057 1409 auctoritate
2090 1348 2464 1417 desciscere,
2500 1349 2657 1427 quin
2688 1351 2943 1409 obtorto
2971 1350 3137 1411 collo
3168 1353 3229 1410 in
3255 1350 3424 1430 judi-

150 1452 291 1513 cium
317 1450 638 1520 trahatur,
677 1448 938 1531 perinde
970 1453 1165 1527 atque
1190 1450 1437 1512 veritus
1468 1467 1594 1509 non
1629 1450 1732 1523 sit,
1766 1450 1957 1511 verba
1992 1450 2195 1528 ipsius
2226 1451 2504 1512 Africani
2538 1451 2953 1529 interpolare,
2984 1459 3179 1530 atque
3208 1452 3428 1512 inver-

147 1555 293 1617 tere?
322 1553 503 1616 Paria
534 1553 611 1613 de
643 1552 1092 1633 Egyptiorum
1125 1551 1473 1632 dynasticis
1505 1552 1705 1623 dicas,
1739 1569 2015 1631 quarum
2044 1554 2276 1615 seriem
2308 1553 2569 1615 minime
2598 1555 2884 1614 omnium
2923 1554 3239 1615 Eusebius
3280 1573 3426 1614 mu-

144 1654 349 1725 tilavit,
386 1650 499 1713 sed
531 1669 663 1729 qua
724 1657 911 1713 erant
966 1651 1135 1730 apud
1191 1650 1562 1712 Africanum
1607 1669 1686 1710 ex
1749 1651 2139 1712 Manethone
2196 1651 2655 1714 audacioribus
2713 1654 3061 1716 mendaciis
3116 1671 3421 1732 aspersas,

144 1754 508 1833 repudiavit,
539 1753 702 1813 alios
734 1757 1031 1812 auctores
1064 1753 1349 1826 secutus,
1378 1768 1658 1828 quorum
1691 1751 1972 1812 rationes
2003 1770 2146 1813 cum
2186 1753 2373 1813 annis
2404 1754 2638 1814 mundi'
2661 1760 2853 1831 atque
2887 1754 3188 1816 historica
3245 1756 3426 1817 veri-

140 1866 249 1919 tate
278 1857 470 1937 paulo
499 1856 714 1933 aptius
748 1860 1210 1934 congruerent.
1246 1854 1540 1931 Denique
1578 1858 1637 1914 et
1668 1854 1731 1912 in
1764 1856 2051 1931 gentium
2074 1857 2477 1934 reliquarum
2506 1858 2874 1935 originibus
2905 1860 3208 1921 vetustati
3249 1879 3428 1921 man-

136 1962 372 2037 dandis,
409 1960 555 2038 ipsa
579 1958 771 2017 etiam
810 1956 1249 2036 consignanda
1288 1954 1652 2035 Olympiade
1684 1956 1915 2034 prima,
1944 1957 2219 2034 aliisque
2251 1956 2541 2035 epochis,
2565 1958 2802 2035 quibus
2832 1975 2971 2019 eam
2997 1958 3076 2019 ad
3106 1959 3429 2022 fastidium

135 2081 326 2143 usque
356 2064 616 2123 lectoris
647 2061 930 2139 Scaliger
973 2060 1177 2120 dicam
1209 2058 1453 2131 scribit,
1489 2063 1739 2119 tantum
1776 2058 1984 2134 abest,
2030 2064 2101 2118 ut
2148 2057 2435 2120 fraudem
2476 2058 2776 2121 Africano
2820 2060 3070 2137 fecerit,
3107 2071 3175 2122 ut
3206 2065 3429 2126 mani—

142 2164 308 2225 festo.
332 2161 614 2224 laudatis
638 2160 830 2220 etiam
862 2158 1181 2221 interdum
1206 2158 1588 2233 scriptorum
1620 2157 2013 2228 nominibus,
2044 2163 2380 2237 appareat,
2403 2175 2550 2218 eum
2581 2176 2660 2218 ex
2690 2160 2988 2221 universa
3022 2163 3430 2241 antiquitatis

135 2266 456 2333 memoria,
495 2260 578 2324 ad
615 2261 945 2324 variorum
1002 2259 1235 2337 placita
1270 2256 1755 2336 chronologiam
1791 2275 1978 2317 suam
2014 2257 2357 2318 moderari.
2396 2258 2486 2318 Ea
2520 2262 2775 2318 ratione
2812 2262 3243 2323 accesseritne
3279 2282 3434 2341 pro-

140 2372 268 2449 pius
299 2370 612 2431 continuo
645 2364 723 2426 ad
760 2380 1009 2433 verum,
1042 2379 1124 2424 an
1164 2381 1319 2436 non,
1358 2359 1421 2417 in
1452 2358 1983 2424 annotationibus
2014 2359 2528 2439 uniuscujusque
2561 2360 2684 2422 loci
2722 2361 3142 2440 disquirimus
3176 2386 3190 2423 :
3223 2384 3435 2444 neque

150 2473 304 2534 enim
331 2470 503 2549 quod
534 2471 618 2533 ab
652 2470 873 2530 inusta
904 2482 1240 2546 perperam
1275 2476 1423 2527 nota
1459 2462 1903 2526 temerationis
1936 2463 2250 2523 librorum
2300 2461 2583 2523 Africani
2615 2481 2761 2522 eum
2810 2463 3240 2539 defendimus,
3291 2469 3434 2529 ideo

153 2587 342 2638 ratum
372 2582 755 2652 certumque
783 2573 1093 2633 habemus
1131 2572 1304 2649 quod
1346 2572 1478 2633 abit
1524 2571 1585 2631 in
1618 2568 1896 2630 diversa.
1933 2568 2067 2629 Imo
2103 2568 2293 2646 longe
2323 2584 2438 2627 nos
2471 2566 2597 2627 alia
2641 2570 2837 2646 atque
2870 2568 2975 2628 ille
3013 2568 3088 2631 de
3126 2573 3434 2651 Assyriis,

154 2675 336 2754 deque
376 2676 728 2755 Egyptiis,
763 2675 1040 2751 aliisque
1073 2673 1391 2752 primaevis
1441 2672 1699 2752 regibus
1732 2671 2072 2746 sentimus,
2107 2686 2251 2748 qua)
2281 2669 2446 2748 ejus,
2485 2677 2546 2730 et
2580 2678 2849 2751 receptas
2884 2672 3074 2752 vulgo
3105 2677 3438 2739 sententiae

156 2776 538 2853 Opponimus,
574 2780 637 2835 et
673 2791 818 2851 quin
846 2783 913 2833 ut
948 2774 1268 2845 conferas,
1316 2780 1613 2836 auctores
1665 2789 1912 2832 sumus.
1959 2770 2412 2850 Olympiadnm
2453 2777 2667 2832 autem
2707 2771 2890 2835 initia
2939 2777 3109 2853 quod
3168 2785 3434 2857 spectat,

159 2859 229 2940 iis
258 2879 715 2943 constituendis
769 2896 979 2957 neque
1011 2879 1147 2955 ipse
1200 2878 1320 2941 sibi
1378 2877 1533 2938 satis
1587 2878 1748 2936 bene
1807 2880 2057 2934 constat
2108 2873 2452 2943 Eusebius,
2493 2874 2604 2949 qui
2642 2892 2814 2935 nunc
2857 2875 2933 2935 ad
2984 2878 3158 2938 Ozize
3190 2897 3435 2940 annum

164 2984 770 3061 quinquagesimum,
802 2999 974 3042 nunc
1027 2979 1105 3042 ad
1152 2980 1500 3050 Joathami,
1536 2996 1708 3039 nunc
1753 2977 2032 3055 denique
2080 2978 2157 3038 ad
2194 2976 2426 3037 Achazi
2476 2993 2683 3052 usque
2718 2981 3005 3055 tempora
3034 2982 3437 3060 olympiadas

167 3085 485 3162 protendit;
516 3090 588 3145 ut
625 3084 747 3145 hoc
777 3084 969 3144 etiam
1005 3083 1241 3144 indicio
1274 3083 1526 3160 probet,
1555 3082 1817 3141 minime
1844 3098 1911 3141 se
1942 3078 2225 3140 Africani
2255 3078 2490 3157 scripta
2516 3078 2580 3137 in
2606 3096 2719 3139 sua
2751 3084 3186 3160 transtulisse,
3220 3103 3294 3146 ac
3327 3106 3444 3164 pro

166 3182 345 3245 lubito
375 3184 823 3263 interpolasse.
858 3181 973 3243 Sed
1024 3183 1243 3260 utique
1272 3180 1580 3260 Scaliger,
1611 3179 1780 3257 quod
1820 3178 2115 3255 pluribus
2163 3176 2317 3235 locis
2378 3176 2670 3235 Petavius
2713 3180 3027 3252 ostendit,
3064 3180 3440 3245 Africanum

169 3289 314 3348 male
343 3288 588 3364 habuit,
624 3287 809 3366 cujus
866 3284 1203 3346 ratiocinia
1264 3301 1407 3345 cum
1469 3283 1657 3341 nimis
1695 3280 1939 3342 insulse
1995 3279 2070 3339 ad
2128 3277 2502 3337 Latinorum
2549 3276 3038 3357 chronologiam
3085 3285 3436 3353 transtulit,

173 3387 436 3451 absurdis
490 3405 560 3450 se
606 3394 671 3449 et
719 3386 1106 3467 portentosis
1168 3385 1505 3445 erroribus
1559 3383 1929 3461 implicavit.
1994 3379 2236 3441 Addam
2275 3382 2342 3456 iet
2400 3379 2518 3438 hoc
2574 3379 2804 3453 obiter,
2854 3398 3063 3458 neque
3098 3384 3268 3460 quod
3320 3385 3443 3446 hoc

176 3494 294 3552 erat
320 3490 371 3549 ei
406 3490 694 3566 scriptori
734 3489 1236 3567 cognomentum
1280 3485 1642 3564 Africanus,
1676 3481 2069 3559 Scaligerum
2108 3477 2504 3537 intellexisse
2538 3498 2551 3536 :
2593 3486 2776 3536 vocat
2814 3479 2985 3538 enim
3016 3498 3162 3541 eum
3199 3491 3446 3542 συνωνύ-

175 3615 268 3665 μως
294 3590 559 3665 Panum,
589 3608 784 3668 quem
823 3589 1018 3651 fuisse
1039 3589 1304 3652 natione
1337 3585 1570 3665 Syrum
1600 3602 1678 3645 ex
1718 3582 2104 3641 Emmaunte
2127 3623 2142 3649 ,
2180 3596 2367 3639 nemo
2400 3585 2490 3637 est
2538 3577 2873 3638 hominum
2917 3581 3112 3656 paulo
3152 3584 3445 3644 erudito-

177 3707 300 3751 rum
326 3694 429 3771 qui
459 3694 732 3774 ignoret.

239 3794 346 3855 Sed
374 3802 459 3857 est
483 3798 685 3859 altera
715 3794 1063 3876 disputatio
1118 3809 1274 3854 sane
1322 3790 1670 3865 difﬁcilior,
1704 3804 1908 3866 eaque
1944 3783 2244 3845 momenti
2312 3782 2500 3860 longe
2553 3781 2916 3859 gravissimi
2975 3783 3050 3842 dc
3091 3783 3439 3849 Eusebiani

175 3894 426 3971 ejusdem
458 3898 878 3979 syntagmatis
917 3895 1309 3973 integritate,
1343 3910 1453 3954 seu
1506 3891 1683 3949 libris
1706 3934 1721 3957 ,
1751 3904 1917 3967 quos
1949 3888 2175 3948 volunt
2206 3886 2369 3943 duos
2418 3882 2651 3950 fuisse,
2683 3900 2961 3960 quorum
2999 3883 3113 3944 iste
3163 3885 3274 3962 qui
3318 3905 3443 3948 su-

174 4000 385 4067 perest,
416 4014 493 4057 ex
523 3997 793 4058 alterius
848 3994 1049 4053 multo
1082 3992 1491 4070 copiosioris,
1526 3990 1634 4065 qui
1675 3986 2020 4058 intercidit,
2063 3983 2313 4045 laciniis
2344 3985 2707 4043 excreverit
2741 4001 2754 4040 :
2794 3984 2877 4042 ita
2932 3991 3142 4045 tamen
3195 3991 3263 4047 ut
3296 4006 3440 4065 quae

172 4093 226 4154 in
259 4096 373 4158 hoc
404 4099 723 4177 leguntur,
755 4096 815 4156 id
850 4096 1018 4173 quod
1052 4096 1241 4172 periit
1290 4094 1494 4172 magis
1532 4089 1796 4163 deﬂere,
1833 4106 2029 4167 quam
2081 4086 2250 4163 quod
2291 4093 2585 4163 superest
2637 4086 2801 4159 frui,
2856 4087 3038 4149 nobis
3083 4091 3433 4169 praebeant.

169 4194 391 4261 Prodiit
432 4200 560 4262 hinc
613 4216 875 4276 quoque
910 4197 1199 4274 opinatio
1238 4193 1662 4275 (quamquam
1695 4208 1771 4253 ea
1805 4191 1881 4251 de
1920 4208 1986 4250 re
2036 4188 2278 4266 pridem
2323 4189 2430 4250 alii
2462 4188 2967 4269 subdubitarint)
3010 4210 3091 4252 ex
3130 4194 3434 4276 Scaligeri

167 4297 553 4381 otﬁcina,qui
585 4308 646 4362 et
681 4300 967 4362 universi
998 4298 1210 4378 operis
1242 4298 1500 4357 titulum
1530 4296 1738 4357 Παντοδ

1867 4321 1880 4360 .'
1914 4300 2176 4372 ἱστορίας,
2200 4291 2434 4371 prioris
2466 4291 2613 4351 libri
2652 4297 3033 4372 Χρονολοίγίας,
3068 4298 3439 4373 posterioris

172 4406 380 4469 κανόνος
408 4402 616 4475 fuisse,
653 4420 815 4481 pene
851 4403 1257 4463 sacramento
1290 4397 1638 4461 contendit.
1675 4396 1849 4457 Adeo
1879 4413 1997 4457 nec
2026 4394 2265 4455 veritus
2299 4402 2391 4454 est
2423 4390 2767 4454 editionem
2800 4412 2983 4456 suam
3010 4398 3442 4463 audacissimo

162 4501 442 4580 exemplo
467 4502 526 4561 in
560 4501 722 4563 duos
772 4500 972 4567 libros
1018 4499 1324 4572 tribuere,
1355 4497 1732 4575 conquisitis

1870 4495 2218 4572 decumque
2254 4493 2656 4574 fragmentis,
2691 4514 2835 4575 qua:
2892 4516 3008 4575 pro
3061 4499 3442 4566 Eusebianis

162 4602 454 4667 venderet
488 4626 502 4665 :
536 4605 600 4669 ia
632 4603 867 4665 Latino
920 4612 1135 4665 autem
1188 4600 1518 4661 nonnullis
1563 4598 1641 4660 de
1684 4616 1803 4659 suo
1836 4598 2103 4666 assulis,
2144 4596 2469 4676 plerisque
2504 4598 2647 4661 aliis
2684 4588 2983 4663 omnibus
3023 4606 3309 4681 repetitis
3361 4626 3441 4669 ex

158 4703 523 4779 posteriore,
564 4710 634 4762 ut
689 4708 897 4775 vocat,
933 4701 1123 4772 libro,
1176 4701 1297 4761 sub
1358 4699 1482 4759 alia
1534 4697 1792 4775 quidem
1829 4702 2168 4757 contextus
2196 4698 2388 4770 serie,
2429 4699 2536 4759 sed
2591 4698 2812 4762 iisdem
2868 4702 3056 4779 plane
3087 4708 3323 4780 verbis,
3379 4719 3449 4770 ut

158 4800 431 4874 priorem
454 4825 533 4869 ex
561 4806 813 4883 integro
840 4802 1344 4867 consarcinaret.
1378 4800 1724 4863 Rationum
1758 4800 2096 4859 momentis
2122 4799 2449 4867 omnibus.
2480 4818 2625 4878 quas
2656 4802 2720 4862 in
2754 4820 2894 4864 eam
2926 4823 3086 4879 rem,
3119 4828 3439 4888 suumque

156 4902 400 4975 facinus
434 4907 915 4980 excusandum,
957 4924 1040 4967 ex
1069 4904 1356 4968 auctoris
1413 4904 1748 4984 ipsiusmet
1783 4905 1975 4978 atque
2011 4901 2380 4978 interpretis
2436 4904 2815 4966 testimoniis
2872 4908 3081 4977 cudit,
3146 4912 3303 4973 satis
3358 4912 3439 4971 ibi

158 5007 293 5070 Suis
316 5010 466 5074 locis
496 5011 767 5075 fecimus
801 5030 815 5069 :
848 5008 1377 5093 ostendimusque
1414 5005 1559 5067 luce
1593 5002 1946 5065 meridiana
1984 5003 2253 5078 clarius,
2287 5004 2439 5066 illud
2473 5007 2644 5082 quod
2676 5009 2954 5085 scriptor
2986 5017 3255 5087 uterque
3291 5011 3443 5075 libri

156 5112 485 5179 exordium
520 5120 735 5189 vocat,
764 5118 828 5175 et
852 5128 983 5189 quo
1014 5116 1304 5187 tempora
1336 5109 1418 5171 ab
1450 5105 1693 5167 Adamo
1725 5104 1801 5166 ad
1834 5104 2272 5165 Abrahamum
2305 5105 2695 5170 brevissimis
2733 5109 2948 5170 verbis
2986 5113 3441 5191 perstringun-

155 5212 290 5287 tur,
322 5232 445 5281 non
471 5217 672 5278 alium
706 5230 848 5279 esse
881 5213 965 5274 ab
994 5210 1118 5271 hoc
1146 5210 1286 5288 ipso
1322 5209 1588 5279 librum,
1617 5207 1726 5268 sed
1768 5204 1929 5283 ejus,
1969 5212 2035 5265 ut
2066 5204 2149 5264 ita
2183 5204 2416 5278 dicam,
2452 5208 2843 5285 proludium,
2885 5209 3297 5284 prooemium,
3329 5220 3443 5275 aut

150 5315 308 5392 quid
342 5319 591 5393 simile;
626 5325 696 5378 ut
728 5333 875 5378 cum
904 5314 1023 5375 sibi
1060 5312 1500 5391 proposuisset
1526 5308 1848 5371 Eusebius
1896 5309 1978 5367 ab
2022 5306 2372 5368 Abrahami
2412 5316 2557 5375 ortu
2589 5310 2950 5371 Chronicon
2986 5326 3171 5368 suum
3218 5316 3443 5393 auspi~

147 5418 312 5498 cari,
337 5439 480 5500 quas
504 5422 969 5501 prwcesserant
1005 5421 1292 5494 tempora
1329 5430 1366 5476 a
1395 5412 1613 5475 mundi
1652 5428 1719 5472 co

1864 5428 1941 5485 iu,-
1964 5414 2161 5486 atque
2195 5412 2356 5470 adeo
2385 5410 2619 5487 quibus
2652 5411 2789 5486 ipsa
2814 5408 3164 5470 Abrahami
3196 5417 3436 5491 epocha

144 5523 589 5601 consignatur,
633 5521 894 5601 penitus
924 5536 1002 5578 ne
1040 5516 1573 5595 prastermitterct.
1601 5511 1786 5588 Quod
1814 5529 1957 5574 cum
2015 5513 2234 5589 paucis
2264 5529 2420 5573 sane
2475 5512 2761 5571 versibus
2795 5513 3209 5588 absolvisset,
3241 5539 3436 5597 quam

141 5618 277 5687 ibat
325 5629 773 5703 comparatum
834 5618 1105 5681 invicem
1168 5633 1391 5697 regum
1454 5613 1855 5676 diversorum
1904 5614 2136 5673 seriem
2187 5612 2556 5673 nominibus
2605 5617 2788 5673 tenus
2844 5616 3207 5697 subtexuit,
3261 5630 3443 5704 quasi

140 5724 471 5801 quamdam
498 5724 826 5791 armarium
853 5723 1073 5800 futuro
1110 5719 1308 5797 operi,
1358 5724 1423 5781 ut
1448 5722 1708 5779 sanctus

1868 5732 2058 5791 irpres
2093 5712 2315 5781 vertit,
2349 5712 2480 5773 sive
2523 5719 2589 5773 ut
2641 5714 2771 5791 ipse
2817 5718 2904 5779 ait
2932 5764 2945 5788 ρ
2982 5726 3107 5788 ὕλας
3159 5731 3440 5805 ἐκπορίζων

152 5836 383 5910 ἐμαυτῷ
430 5837 662 5911 χρόνων.
699 5827 1163 5903 Argumentum
1194 5838 1420 5898 nempe
1454 5819 1684 5880 futuras
1718 5842 1724 5873 t

1884 5816 2372 5888 lucubrationis,
2409 5817 2575 5893 quod
2611 5818 2755 5878 item
2792 5824 3054 5901 pagellis
3105 5826 3442 5890 admodum
