3980 6326
519 232 590 291 ιδ
1963 220 2354 281 Primulo.
3719 209 3807 299 'ie

529 343 756 425 paucis
787 342 1110 424 exposuit.
1140 339 1417 403 Fecisset
1442 338 1660 401 multis
1694 357 1711 399 :
1739 356 1820 403 ne
1865 338 1955 403 ita
1998 338 2256 418 quidem
2291 335 2659 417 patiebatur
2685 329 3052 411 scriptionis
3085 328 3333 393 indoles
3364 328 3426 390 et
3456 327 3710 396 natura,
3742 329 3809 386 ut

522 463 647 528 pro
670 445 800 506 alio
851 445 1018 505 libro
1051 443 1423 515 haberetur,
1461 438 2001 518 quemadmodum
2054 456 2267 519 neque
2304 438 2483 500 frons
2510 435 2728 515 ampla
2758 433 2990 497 aedium
3018 436 3211 512 atque
3238 433 3615 512 prospectus
3641 426 3807 491 aliud
3928 480 3933 483 _

522 552 619 607 est
643 547 725 607 ab
753 549 1078 607 structura
1110 543 1414 606 universa
1447 539 1805 603 aedificium.
1839 542 2039 603 Porro
2067 557 2187 603 nec
2213 556 2354 603 eam
2377 554 2517 600 esse
2546 537 2825 599 diximus
2851 553 3111 612 vocum,
3136 533 3373 612 libello,
3399 536 3462 594 et
3489 531 3806 612 opusculo,

519 647 757 726 quibus
794 646 1224 724 Hieronymus
1279 642 1509 719 utitur,
1545 640 2103 722 signiﬁcationem,
2155 646 2228 701 ut
2280 641 2499 719 ingens
2547 638 2861 715 volumen,
2898 654 3017 699 nec
3069 634 3338 696 minoris
3394 649 3551 696 sane
3603 631 3809 710 molis,

521 763 719 825 quam
752 744 1107 808 Chronicus
1144 758 1352 803 canon
1381 742 1544 822 ipse,
1573 741 1742 820 quod
1774 740 2070 822 Scaliger
2096 740 2451 816 contendit,
2482 741 2727 800 notent.
2754 739 2956 799 Immo
2985 753 3140 799 vero
3172 741 3232 797 et
3268 735 3581 814 perbreve
3611 733 3811 797 dicta-

513 852 654 907 tum
689 852 1102 926 ὑποκοριστικῶς
1134 845 1394 916 sonant,
1428 840 1783 921 cuiusmodi
1810 842 2100 920 epistolae
2131 846 2304 909 sunt.
2339 857 2484 919 quae
2520 839 2630 900 illo
2660 839 2981 902 interdum
3006 836 3326 901 vocabulo
3354 835 3808 913 nominantur;

517 956 581 1011 et
614 951 848 1023 debent
892 949 1114 1010 Graeco
1142 946 1387 1021 sensui,
1437 945 1769 1025 ipsiusque
1804 944 2089 1007 auctoris
2138 944 2335 1006 menti
2384 942 2804 1022 respondere,
2833 941 2945 1021 qui
2979 958 3108 1003 non
3137 947 3188 1001 ἐν
3240 945 3430 1020 βίϐλῳ,
3472 944 3587 1003 aut
3635 945 3811 1020 βιϐλίῳ

514 1050 706 1127 dixit,
738 1049 846 1113 sed
882 1058 933 1110 ἐν
960 1061 1022 1130 τῇ
1048 1055 1150 1129 πρὸ
1181 1055 1383 1115 ταύτης
1414 1053 1689 1128 προτάξει,
1726 1048 1791 1108 in
1820 1048 2067 1127 praevia

2242 1047 2308 1108 'is
2340 1045 2743 1109 ordinatione
2768 1067 2787 1106 :
2818 1049 2888 1107 ut
2918 1048 2981 1106 et
3008 1043 3376 1123 perexigua:
3410 1043 3596 1107 molis
3635 1043 3814 1125 Opel-

511 1154 667 1225 lam,
697 1158 759 1215 et
791 1152 981 1215 unius
1009 1151 1428 1232 ejusdemque
1453 1152 1552 1214 sui
1588 1151 1735 1213 libri
1769 1151 2158 1230 particulam
2190 1167 2333 1214 eam
2361 1169 2530 1230 esse,
2561 1153 2698 1230 ipse
2721 1150 2799 1213 de
2832 1149 3152 1213 industria
3185 1148 3527 1212 indicaret.

508 1260 556 1335 ι
592 1257 735 1318 Iam
769 1273 922 1319 vero
970 1273 1117 1317 cum
1160 1255 1445 1335 Scaliger
1473 1256 1550 1318 ad
1578 1255 1859 1318 aliorum
1905 1254 2275 1318 testimonia
2309 1255 2701 1334 scriptorum
2739 1256 3069 1333 provocet,
3107 1249 3187 1314 ad
3222 1266 3451 1329 eaque;
3486 1265 3606 1310 nos
3655 1264 3816 1311 cau-

506 1377 652 1425 sam
681 1359 891 1421 dicere
919 1356 1286 1438 compellat,
1314 1357 1381 1418 in
1408 1357 1645 1435 quibus
1675 1357 1960 1419 maxime
1990 1355 2372 1435 triumphat,
2398 1372 2475 1419 ea
2502 1373 2766 1435 quoque
2794 1354 3101 1417 diluenda
3126 1357 3305 1417 sunt.
3330 1350 3578 1416 Profert
3604 1351 3819 1432 ipsum

506 1462 732 1528 statim
762 1460 1258 1538 Hieronymum,
1291 1458 1404 1537 qui
1437 1475 1566 1519 non
1613 1458 1864 1521 noverit
1894 1459 2107 1540 modo,
2141 1457 2250 1521 sed
2286 1462 2354 1520 et
2378 1458 2443 1519 in
2474 1457 2778 1519 Latinum
2811 1474 3179 1520 sermonem
3218 1454 3618 1520 convertisse
3669 1472 3821 1517 eum

506 1563 751 1627 librum
797 1578 865 1622 se
914 1560 1102 1622 dicat.
1138 1560 1371 1622 Scribit
1405 1561 1576 1650 enim
1624 1561 1689 1622 in
1740 1561 2219 1624 Commentario
2265 1561 2334 1623 in
2378 1561 2715 1624 Danielem
2762 1578 2908 1642 cap.
2956 1579 3026 1624 1x
3063 1582 3079 1623 :
3114 1560 3442 1643 Quidquid
3487 1561 3556 1623 in
3592 1558 3818 1639 templo

500 1673 723 1749 postea
757 1666 991 1745 factum
1020 1671 1135 1741 est,
1162 1681 1292 1726 non
1319 1664 1446 1744 fuit
1476 1665 1857 1745 sacriﬁcium
1886 1664 2035 1739 Dei,
2072 1662 2179 1726 sed
2208 1663 2417 1726 cultus
2449 1662 2731 1742 diaboli,
2761 1665 3010 1727 cunctis
3035 1665 3106 1726 in
3132 1681 3451 1726 commune
3483 1662 3823 1727 clamanti-

507 1765 624 1828 bus
654 1788 674 1828 :
705 1764 981 1845 Sanguis
1013 1764 1153 1844 ejus
1187 1782 1385 1844 super
1416 1782 1535 1827 nos
1569 1770 1633 1827 et
1662 1782 1861 1843 super
1888 1764 2056 1827 ﬁlios
2086 1770 2367 1827 nostros.
2406 1766 2499 1826 Et
2526 1765 2641 1827 hoc
2669 1788 2689 1827 :
2715 1767 2855 1828 Non
2878 1766 3190 1830 habemus
3214 1785 3432 1848 regem
3458 1766 3583 1829 nisi
3610 1765 3822 1831 Caesa-

499 1886 673 1944 rem,
703 1886 879 1949 quem
904 1865 1108 1930 locum
1136 1867 1203 1928 in
1225 1865 1540 1931 Chronico
1569 1865 1839 1947 ejusdem
1866 1865 2160 1946 Eusebii,
2186 1866 2358 1947 quod
2378 1875 2523 1929 ante
2542 1885 2745 1929 annos
2764 1867 3078 1948 plurimos
3113 1870 3182 1931 in
3209 1869 3502 1932 Latinam
3535 1868 3824 1950 linguam

501 1970 832 2043 vertimus,
870 1968 1138 2048 diligens
1181 1968 1381 2030 lector
1410 1967 1663 2048 plenius
1693 1967 2061 2029 edissertum
2100 1970 2341 2047 poterit
2379 1970 2685 2033 inuenire.
2726 1970 3040 2049 Equidem
3082 1971 3149 2033 in
3186 1972 3335 2046 isto,
3370 1990 3563 2051 quem
3609 1972 3824 2036 habe-

501 2094 652 2141 mus
687 2093 861 2137 nunc
890 2074 1081 2143 libro,
1119 2073 1279 2132 nihil
1311 2072 1389 2133 de
1418 2072 1727 2133 conviciis
1758 2072 1886 2133 illis
1932 2076 1998 2133 et
2028 2072 2384 2135 maledictis
2412 2074 2786 2136 Iudaeorum
2816 2075 2883 2136 in
2910 2072 3235 2137 Christum
3263 2074 3497 2138 dicitur
3527 2097 3543 2138 :
3571 2073 3825 2139 edisse-

410 2246 413 2255 ,
501 2180 821 2242 rebantur
855 2177 1051 2255 igitur
1087 2176 1152 2237 in
1183 2175 1396 2254 priore
1424 2176 1581 2249 alio,
1606 2176 1717 2255 qui
1745 2175 1996 2255 jamdiu
2030 2176 2186 2237 olim
2215 2176 2570 2251 intercidit,
2608 2183 2673 2239 et
2701 2194 2833 2257 quo
2866 2176 3206 2240 historiam
3256 2178 3616 2240 continenti
3652 2195 3824 2244 ora-

503 2279 703 2341 tionis
741 2278 850 2339 ﬁlo
884 2277 1203 2339 Eusebius
1249 2277 1629 2355 complexus
1668 2279 1816 2340 est?
1843 2278 2013 2340 Nihil
2044 2279 2261 2342 minus
2294 2299 2311 2340 :
2344 2280 2585 2360 quippe
2622 2279 2701 2342 ad
2733 2285 3094 2361 temporum
3140 2278 3503 2343 doctrinam
3546 2280 3707 2342 nihil
3739 2296 3825 2345 ea

501 2384 857 2465 pertinere,
889 2399 1102 2461 neque
1153 2380 1315 2444 adeo
1342 2381 1559 2444 locum
1604 2381 1671 2442 in
1700 2381 2073 2445 Eusebiano
2105 2387 2511 2464 syntagmate
2557 2382 2800 2445 habere
2837 2376 3149 2464 pOtuisse,
3205 2399 3396 2444 nemo
3452 2398 3582 2443 non
3621 2380 3822 2445 videt.

498 2486 735 2566 Itaque
765 2485 935 2547 alius
969 2485 1320 2547 verborum
1347 2483 1728 2564 Hieronymi
1780 2502 2012 2547 sensus
2044 2490 2166 2559 est,
2196 2503 2394 2564 quem
2447 2485 2714 2548 minime
2762 2489 3172 2567 perspectum
3221 2483 3455 2547 habuit
3506 2474 3823 2565 Scaliger,

502 2588 622 2649 aut
651 2588 1092 2664 prmconc’epta
1127 2583 1432 2661 opinione
1459 2583 1768 2662 abreptus
1809 2583 2094 2646 invertit.
2130 2582 2248 2646 Est
2274 2589 2489 2648 autem
2526 2585 2671 2657 iste,
2701 2585 2817 2664 qui
2839 2603 2923 2648 ex
2944 2587 3078 2646 toto
3108 2583 3629 2648 manifestissime
3657 2600 3831 2646 con-

500 2694 693 2751 textu
718 2688 928 2750 elucet
965 2708 979 2747 :
1014 2684 1369 2749 Eusebium
1393 2706 1433 2747 a
1456 2692 1636 2748 sexto
1665 2704 1833 2748 anno
1871 2687 2158 2750 Darii...
2189 2686 2442 2769 quando
2474 2686 2691 2768 templi
2736 2703 2929 2766 opera
2958 2690 3393 2749 consummata
3419 2692 3597 2761 sunt,
3626 2703 3832 2767 usque

505 2792 592 2854 ad
643 2791 962 2854 Herodem
996 2797 1052 2851 et
1096 2790 1400 2852 Caesarem
1448 2790 1809 2870 Augustum
1853 2806 2185 2851 numerare
2228 2789 2640 2853 hebdomadas
2694 2798 2918 2871 septem
2966 2799 3020 2853 et
3068 2793 3405 2872 sexaginta
3453 2789 3648 2869 duas,
3687 2808 3836 2871 qua:

501 2895 752 2977 faciunt
784 2912 985 2956 annos
1013 2891 1510 2975 quadringentos
1553 2893 1884 2972 octoginta
1932 2899 2056 2953 tres
2091 2919 2111 2957 :
2146 2891 2398 2971 quando
2423 2891 2734 2968 Christus,
2763 2892 2880 2955 hoc
2918 2899 3032 2971 est,
3067 2893 3400 2956 Hircanus
3435 2893 3836 2956 novissimus

502 3000 802 3082 pontifex
830 2997 905 3062 de
929 3013 1146 3078 genere
1174 2993 1711 3072 Machabxorum,
1740 2993 1816 3056 ab
1845 2994 2099 3057 Herode
2111 2993 2455 3075 jugulatus
2486 3003 2598 3070 est,
2633 3002 2695 3057 et
2727 2996 2991 3059 cessavit
3013 2995 3213 3076 juxta
3247 2996 3438 3078 legem
3464 2997 3581 3059 Dei
3603 2997 3842 3077 ponti-

509 3074 705 3182 j‘icuui
716 3074 1049 3161 successio.
1073 3096 1229 3159 Inde
1257 3095 1526 3171 inferre,
1550 3096 1722 3178 quod
1747 3096 2007 3159 Herode
2030 3106 2333 3177 regnante
2354 3097 2528 3178 apud
2548 3098 2862 3180 Iudaeam,
2891 3106 2948 3161 et
2972 3074 3262 3179 Augusto
3288 3074 3463 3182 dpud
3487 3074 3840 3177 Romanos,
3978 3074 3980 3187 I

506 3203 803 3267 Christus
838 3210 1025 3262 natus
1050 3200 1157 3267 sit.
1194 3200 1305 3279 qui
1336 3198 1542 3259 tribus
1571 3199 1755 3261 annis
1788 3206 1847 3260 et
1875 3218 1988 3260 sex
2014 3200 2427 3261 mensibus....
2454 3200 2881 3279 Evangelium
2905 3200 3303 3280 praedicavit,
3342 3208 3398 3262 et
3427 3203 3847 3284 conﬁrmavit

510 3308 649 3370 veri
674 3306 791 3368 Dei
837 3304 1077 3366 cultum
1103 3301 1344 3379 multis,
1373 3300 1543 3364 haud
1584 3300 1843 3364 dubium
1885 3304 2040 3382 quin
2077 3302 2384 3383 apostolis
2414 3309 2472 3363 et
2517 3301 2914 3364 credentibus
2946 3325 2966 3364 :
2996 3301 3247 3383 quando
3282 3309 3426 3382 post
3470 3305 3849 3382 passionem

388 3451 409 3458 -
512 3407 780 3469 Domini
809 3408 877 3468 in
904 3405 1171 3468 dimidia
1198 3420 1455 3465 rursum
1482 3402 1864 3466 hebdomada
1897 3403 2119 3482 defecit
2146 3402 2360 3466 hostia
2397 3412 2456 3464 et
2498 3403 2914 3484 sacri/icium;
2942 3402 3252 3485 quidquid
3295 3404 3457 3467 enim
3482 3404 3552 3466 in
3597 3407 3846 3488 templo

508 3516 735 3591 postea
755 3510 994 3589 factum
1034 3514 1151 3586 est,
1187 3512 1310 3571 etc.
1340 3507 1552 3585 Atque
1580 3506 1753 3567 hunc
1793 3522 1988 3585 porro
2024 3504 2260 3580 locum,
2303 3506 2537 3568 seriem
2569 3524 2800 3585 nempe
2828 3524 3075 3582 rerum,
3110 3525 3228 3587 per
3255 3524 3451 3588 quam
3480 3508 3850 3574 manifesto

511 3616 786 3685 censtet,
826 3610 1153 3692 Quidquid
1188 3613 1255 3672 in
1287 3609 1513 3690 templo
1542 3615 1762 3688 postea
1785 3607 2024 3688 factum
2051 3614 2163 3680 est,
2190 3625 2324 3669 non
2346 3609 2542 3689 fuisse
2568 3608 2956 3690 sacriﬁcium
2981 3610 3124 3685 Dei,
3155 3609 3264 3673 sed
3291 3610 3532 3673 cultum
3561 3610 3852 3689 diaboli,

516 3717 591 3777 in
620 3712 933 3778 Chronico
974 3708 1173 3793 (quod
1224 3712 1361 3791 ipse
1404 3714 1470 3771 in
1512 3709 1816 3772 Latinum
1876 3706 2180 3790 verterat)
2227 3707 2481 3789 plenius
2537 3708 2903 3773 edissertum
2960 3713 3259 3776 inveniri.
3312 3713 3652 3778 Invenitur
3701 3716 3855 3780 hoc
3922 3728 3931 3738 '
3978 3728 3980 3737 '

517 3820 853 3883 enimvero
887 3815 1236 3895 palamque
1269 3818 1367 3875 est
1400 3818 1763 3893 temporum
1797 3810 2285 3889 comparatione
2309 3811 2823 3875 demonstratum
2853 3832 2971 3894 per
2998 3831 3207 3878 annos
3258 3798 3660 3897 singulos'ab
3696 3836 3860 3882 nu—

516 3938 701 3984 mero
729 3917 1241 3992 Abrahamitico,
1269 3932 1401 3994 quo
1438 3915 1750 3994 templum
1776 3916 2301 3976 consummatum
2335 3917 2459 3990 est,
2486 3932 2607 3977 mm
2633 3914 2711 3978 ad
2742 3915 2980 3979 Christi
3012 3934 3220 3997 usque
3266 3924 3539 3980 mortem
3570 3924 3633 3981 et
3663 3937 3865 3998 prae-

519 4022 915 4084 dicationem
941 4036 1054 4098 per
1085 4008 1556 4095 consequentes
1593 4015 1924 4089 historias,
1953 4016 2345 4093 quibuscum
2379 4015 2506 4077 illa)
2531 4016 2726 4078 etiam
2752 4015 3301 4080 hebdomadarum
3335 4019 3622 4082 Danielis
3660 4029 3865 4087 nota:

527 4123 828 4204 componi
862 4124 1156 4201 possunt.
1201 4118 1372 4181 Nihil
1404 4119 1601 4198 igitur
1628 4117 1804 4180 aliud
1834 4117 1959 4181 loci
1976 4119 2237 4199 plenius
2263 4119 2553 4182 edisserti
2582 4120 2843 4183 nomine
2877 4120 3222 4197 intellexit,
3258 4139 3454 4203 quam
3490 4123 3665 4204 quod
3696 4131 3873 4190 erat

525 4245 644 4310 per
671 4231 1030 4304 temporum
1061 4223 1468 4286 characteres
1508 4222 1800 4301 pluribus
1828 4229 2189 4299 ostensum,
2223 4241 2355 4303 quo
2382 4228 2674 4305 tempore
2698 4225 3071 4288 Iudaeorum
3105 4226 3358 4306 religio,
3389 4232 3453 4291 et
3495 4227 3563 4289 in
3593 4231 3871 4311 templo

525 4331 666 4394 veri
696 4330 806 4392 Dei
835 4328 1220 4391 sacriﬁcium
1248 4330 1313 4389 et
1337 4327 1550 4389 cultus
1573 4326 1759 4390 desit.
1799 4328 2091 4392 Graecum
2136 4325 2401 4392 Eusebii
2435 4329 2688 4404 locum,
2733 4346 2929 4409 quem
2959 4327 3178 4392 laudat
3221 4329 3511 4413 Scaliger
3552 4332 3634 4396 ab
3667 4332 3876 4398 Hie-

527 4450 809 4514 ronymo
841 4433 1359 4510 interpretatum,
1390 4429 1553 4490 nihil
1602 4447 1847 4504 moror,
1885 4431 2127 4510 quippe
2158 4448 2354 4511 quem
2408 4448 2679 4511 prorsus
2722 4432 3155 4512 incongruum
3190 4451 3207 4494 :
3250 4452 3461 4514 neque
3506 4434 3682 4495 enim
3732 4443 3879 4502 aut

528 4537 777 4611 verbis,
807 4539 921 4598 aut
946 4534 1112 4597 serie
1138 4534 1454 4596 orationis
1482 4534 1650 4613 ipsa,
1679 4538 1743 4596 et
1770 4533 2047 4596 laudatis
2078 4551 2161 4596 cx
2198 4533 2531 4614 Scriptura
2569 4533 2952 4598 testimoniis
2982 4538 3319 4613 consonat,
3358 4534 3467 4598 sed
3498 4538 3881 4604 sententia:

525 4643 642 4712 vix
677 4638 931 4703 tandem
960 4638 1083 4719 ipsi
1120 4654 1387 4718 quoquo
1414 4636 1604 4700 modo
1641 4636 2009 4716 respondet.

615 4742 908 4804 Alterum
943 4738 1116 4821 quod
1151 4741 1337 4817 urget
1383 4736 1669 4817 Scaliger
1702 4736 2173 4811 testimonium,
2221 4737 2344 4802 hoc
2378 4742 2474 4802 est
2508 4738 2870 4803 Marcellini
2915 4741 3167 4805 comitis
3221 4762 3237 4804 :
3281 4740 3440 4805 Post
3479 4735 3887 4812 mirandum

533 4836 720 4929 opus,
760 4843 929 4926 quod
973 4863 1011 4904 a
1054 4841 1278 4903 mundi
1313 4841 1560 4927 fabrica
1594 4859 1787 4922 usque
1832 4844 1901 4902 in
1943 4839 2432 4904 Constantinum
2459 4846 2815 4926 principem
2849 4846 3169 4910 Eusebius
3212 4847 3611 4913 Caesariensis
3646 4849 3888 4933 hujus

530 4947 750 5011 sxculi
779 4946 1112 5024 originem,
1138 4949 1440 5022 tempora,
1467 4959 1693 5017 annos,
1723 4959 1939 5021 regna,
1963 4943 2351 5025 virtutesque
2378 4946 2742 5011 mortalium
2770 4955 2826 5010 et
2853 4951 3179 5011 variarum
3202 4952 3441 5013 artium
3462 4958 3891 5033 repertores,

538 5046 709 5109 omni
718 5061 932 5124 umque
942 5059 1096 5122 pene
1114 5040 1595 5122 provinciarum
1618 5047 2020 5103 monumenta
2042 5059 2553 5125 commemorans,
2575 5043 2793 5108 Graeco
2821 5046 3018 5109 edidit
3044 5048 3238 5130 stylo,
3255 5058 3586 5132 nosterque
3606 5050 3897 5121 Hiero-

538 5164 765 5226 ngmus
801 5140 1132 5206 transtulit
1167 5142 1231 5201 in
1260 5140 1584 5216 Latinum,
1618 5150 1673 5202 et
1698 5161 1891 5222 usque
1925 5143 1995 5204 in
2025 5142 2333 5205 Valentem
2361 5144 2663 5208 starem
2695 5149 2976 5211 Romane
3005 5149 3233 5232 adjecit
3261 5151 3531 5234 eloquio;
3575 5153 3685 5215 Ex
3721 5175 3900 5238 quo

539 5248 763 5325 infert,
793 5264 923 5308 non
951 5244 1162 5307 solum
1199 5242 1396 5306 fuisse
1429 5243 1712 5326 priorem
1762 5262 1912 5306 eum
1958 5244 2199 5306 librum
2243 5246 2326 5307 ab
2367 5245 2650 5310 Eusebio
2690 5250 3121 5330 compositum
3175 5255 3240 5313 et
3297 5253 3408 5315 ab"
3437 5243 3902 5335 Hieranymo

536 5351 769 5416 Latine
796 5365 1206 5425 conversum,
1234 5346 1354 5409 sed
1377 5347 1572 5409 etiam
1598 5345 1770 5425 quod
1796 5349 1935 5426 ejus
1958 5352 2411 5428 argumentum
2442 5349 2664 5427 fuerit,
2697 5356 2759 5414 et
2786 5353 3030 5432 quecjin
3059 5369 3138 5415 eo
3173 5353 3654 5436 tractabantur},
3705 5352 3908 5426 stri-

544 5457 695 5518 ctim
726 5471 841 5515 nos
869 5452 1105 5514 doceri.
1147 5451 1410 5514 Miseret
1438 5469 1537 5512 me
1569 5449 1707 5530 ejus
1737 5449 2079 5514 levissimae
2101 5454 2703 5530 argumentationis.
2736 5455 2877 5516 Non
2908 5454 3038 5518 alia
3066 5452 3142 5514 de
3171 5468 3371 5516 causa
3400 5455 3635 5534 repetit
3674 5457 3911 5528 Mar-

537 5557 814 5620 collinus
845 5572 1060 5617 comes
1090 5573 1127 5614 a
1151 5552 1371 5616 mundi
1394 5551 1639 5633 fabrica
1665 5552 1922 5615 initium
1957 5550 2341 5615 Eusebianaa
2378 5553 2839 5635 chronologite,
2872 5569 3070 5632 quam
3096 5552 3271 5632 quod
3306 5555 3398 5619 ita
3440 5554 3603 5617 ferat
3634 5574 3913 5625 exor—

539 5660 716 5721 dium
750 5656 923 5731 libri,
968 5660 1038 5717 nt
1073 5657 1379 5737 prologus
1422 5655 1532 5717 ille
1567 5654 1962 5729 inscribitur,
1999 5670 2129 5733 quo
2176 5670 2293 5734 per
2322 5655 2519 5717 unius
2568 5656 2921 5720 alteriusve
2951 5657 3223 5737 pagellaa
3254 5644 3536 5740 spatium
3567 5678 3920 5740 genera-

532 5765 743 5830 tiones
792 5763 874 5830 ab
907 5761 1152 5826 Adamo
1194 5761 1275 5827 ad
1311 5759 1663 5828 Abrahami
1696 5762 1912 5823 ortum
1948 5758 2209 5838 digestae
2255 5764 2432 5840 sunt,
2470 5760 2624 5840 ipsis
2656 5759 2790 5827 fere
2817 5761 3167 5843 Scripturae
3222 5756 3465 5832 divinae
3484 5765 3723 5834 verbis
3746 5816 3774 5851 ,
3819 5794 3872 5842 e
