3996 6316
150 300 191 357 n
1574 294 1965 351 l’RA-ZFATIO.
3354 303 3420 360 τε

145 416 479 494 adprteviw,
522 421 602 479 ut
634 416 1059 491 dicebamus,
1092 424 1432 499 temporum
1488 414 1917 478 ordinationis
1946 421 2009 478 et
2040 416 2328 496 prooemii
2361 418 2599 492 instar,
2636 435 2714 480 ne
2744 419 2851 482 illa
2896 428 3185 501 ἀκέφαλος,
3218 442 3418 504 quam

148 522 593 599 perscripturus
625 524 795 593 erat,
830 520 1097 583 historia
1128 522 1472 583 videretur.
1506 518 1749 581 Laudat
1784 538 1935 581 vero
1966 519 2102 597 ipse
2140 521 2333 580 etiam
2382 519 2796 582 Marcellinus
2844 522 3176 602 singulare
3221 544 3413 605 Opus,

151 628 199 683 et
220 623 511 703 singulari
544 624 1091 705 comprehensum
1118 625 1285 685 libro
1331 624 1565 685 indicat
1604 621 2055 700 complexione
2091 622 2201 683 illa
2232 621 2602 693 verborum,
2632 621 2933 700 afabrica
2970 623 3187 684 mundi
3219 644 3418 705 usque

156 722 206 783 in
225 721 705 784 Constantinum
746 725 1140 804 principem;
1187 729 1248 784 et
1284 741 1550 799 rursus,
1582 722 1657 781 de
1693 722 2202 801 Hieronymiana
2245 721 2667 783 translatione
2713 729 2906 800 atque
2949 724 3411 801 additamenta,

160 843 307 905 usque
334 824 397 884 in
435 825 767 886 Valentem
796 824 1136 893 Cie-sarem;
1171 842 1317 887 nam
1349 826 1401 886 si
1431 823 1653 885 iisdem
1672 828 1864 901 atque
1888 827 2137 895 auctor,
2170 822 2231 883 S.
2258 823 2582 903 Interprcs
2612 826 2897 902 vestigiis
2928 827 3132 901 haesit,
3162 837 3413 892 certum

162 935 231 1001 est
252 945 431 1007 quam
464 926 641 1008 quod
668 928 974 1000 maxime,
1014 927 1186 988 hunc
1223 945 1353 987 non
1383 926 1735 1005 duplicem,
1782 941 1993 1001 neque
2028 925 2218 988 aliam
2258 942 2453 1003 quam
2502 944 2646 1003 quae
2692 934 3011 1007 superest,
3043 926 3416 991 Euscbiano

166 1033 499 1112 syntagmati
534 1033 1098 1094 continuationem
1132 1031 1206 1093 de
1242 1048 1361 1092 suo
1392 1030 1725 1108 adjecisse.
1756 1024 1893 1107 Ego
1925 1029 2141 1091 nullus
2177 1029 2423 1103 dubito,
2451 1029 2924 1101 Marcellinum,
2960 1048 3107 1091 cum
3138 1048 3215 1094 ea
3246 1034 3415 1097 seri-

168 1136 323 1213 heret,
371 1135 708 1215 exemplar
731 1135 968 1196 nostris
996 1151 1126 1195 non
1156 1132 1472 1204 absimile,
1504 1145 1884 1211 germanum
1914 1129 2072 1190 adeo
2100 1136 2295 1208 atque
2322 1130 2672 1208 integrum,
2702 1132 2784 1190 ob
2807 1130 3027 1191 oculos
3060 1132 3361 1195 habuisse
3393 1178 3414 1208 ,

169 1241 213 1299 in
235 1257 344 1316 quo
370 1258 572 1301 unum
602 1238 854 1302 videtur
891 1256 1018 1299 non
1048 1237 1202 1298 satis
1237 1234 1584 1297 attendisse
1622 1237 1840 1303 caute,
1874 1234 2043 1310 quod
2079 1232 2336 1313 proprie
2373 1232 2453 1293 ab
2486 1232 2597 1292 illo
2632 1230 2897 1292 exordio
2932 1230 3104 1304 libri,
3135 1249 3262 1293 non
3303 1252 3417 1314 pa-

170 1342 306 1420 gellis
336 1342 474 1405 inde
504 1343 630 1405 loci
673 1343 923 1422 paucis,
955 1339 1242 1417 incipere
1280 1335 1646 1399 Chronicon
1675 1350 1837 1409 opus
1875 1334 2291 1394 existimavit.
2322 1335 2664 1407 Praetereo,
2695 1332 2867 1411 quod
2921 1338 3243 1410 postremo
3272 1334 3415 1395 loco

171 1443 316 1505 habet
349 1443 651 1523 Scaliger,
682 1448 1141 1524 argumentum
1170 1456 1207 1502 a
1242 1438 1537 1516 Prosperi
1574 1436 1877 1513 Aquitani
1910 1436 2234 1514 exemplo,
2270 1436 2379 1514 qui
2416 1454 2527 1514 per
2562 1436 2779 1498 omnia
2803 1453 2942 1497 sese
2977 1437 3239 1499 Eusebii
3272 1439 3416 1498 imi-

170 1552 390 1606 latorem
424 1544 749 1624 professus
778 1591 794 1618 ,
834 1550 1028 1623 atque
1062 1561 1145 1604 ex
1172 1542 1310 1621 ejus
1343 1538 1715 1601 omnimoda
1748 1537 2016 1600 historia
2051 1539 2417 1601 necessaria
2450 1538 2525 1600 ad
2560 1557 2747 1600 suum
2772 1556 2934 1618 Opus
2964 1541 3416 1602 instruendum

169 1647 451 1727 colligens,
481 1665 516 1710 a
546 1647 735 1727 primi
768 1646 1046 1707 hominis
1077 1645 1408 1706 creatione
1439 1658 1651 1715 orsus,
1683 1645 2032 1701 consecuta
2085 1645 2373 1720 tempora
2432 1640 2508 1701 ad
2547 1644 2800 1719 captam
2837 1658 3047 1717 usque
3082 1658 3119 1703 a
3166 1642 3419 1703 Gensc—

169 1752 273 1811 rico
294 1752 572 1823 Romam,
608 1749 933 1813 Chronico
986 1748 1100 1810 illo
1153 1752 1429 1826 integro,
1480 1750 1549 1806 ut
1598 1750 1857 1817 vocant,
1917 1742 2051 1802 sive
2108 1743 2452 1803 Labbeano
2507 1742 2791 1821 digessit.
2842 1744 3020 1805 Facit
3073 1745 3243 1804 enim
3299 1747 3422 1805 hoc

169 1856 405 1916 maxime
433 1855 795 1933 exemplum
845 1858 1068 1914 contra
1106 1852 1501 1930 Scaligerum
1542 1866 1557 1906 :
1590 1863 1739 1907 nam
1774 1862 1920 1923 qua:
1952 1847 2223 1922 Prosper
2250 1861 2325 1904 eo
2358 1845 2566 1924 spatio
2600 1844 2681 1907 ab
2728 1845 2971 1904 Adamo
3002 1845 3081 1906 ad
3107 1846 3416 1911 Abraha-

168 1975 309 2017 mum
343 1958 802 2037 complectitur,
839 1962 965 2016 tam
1004 1955 1224 2016 brevia
1259 1957 1410 2013 sunt
1448 1956 1508 2011 et
1550 1966 1861 2012 versuum
1913 1948 2481 2025 paucissimorum,
2515 1954 2580 2009 ut
2634 1967 2713 2009 ne
2754 1948 3098 2027 quadranti
3154 1952 3415 2030 quidem

168 2061 547 2122 enarrationis
577 2058 961 2121 Eusebianus
1002 2055 1469 2137 respondeant;
1503 2068 1648 2130 quas
1680 2051 1732 2111 si
1773 2055 1952 2110 tanto
1991 2049 2258 2111 uberius
2311 2048 2567 2111 fuerant
2621 2045 3019 2131 ab_Eusebio
3071 2052 3224 2111 olim
3272 2072 3416 2131 per-

174 2168 423 2235 tractata,
449 2164 600 2242 quid
629 2179 842 2224 causae
869 2166 983 2235 est,
1014 2178 1127 2222 cur
1158 2159 1333 2237 prior
1365 2154 1558 2234 hujus
1584 2151 1873 2214 historiae
1906 2156 2248 2213 contextus
2270 2168 2400 2230 prze
2432 2151 2663 2231 reliqui
2694 2152 2888 2214 etiam
2916 2151 3216 2214 Chronici
3241 2169 3416 2214 com-

175 2265 436 2344 pilatione
464 2264 892 2344 Prosperiana
923 2264 1004 2323 sit
1037 2260 1296 2324 brevior
1316 2261 1344 2318 ‘I

226 2364 474 2426 Omnino
514 2365 717 2445 igitur
746 2362 1223 2425 commentitius
1254 2360 1431 2440 prior
1463 2358 1569 2419 ille
1596 2356 2007 2419 Eusebianus
2045 2357 2210 2417 liber
2259 2363 2390 2431 est;
2432 2375 2549 2419 nec
2596 2357 2941 2436 plusquam
2977 2358 3165 2421 hodie
3204 2359 3417 2421 habe—

159 2485 278 2529 mus
308 2467 759 2531 Chronicorum
795 2468 1131 2530 Canonum
1164 2464 1311 2543 (nisi
1357 2464 1408 2523 si
1460 2461 1612 2539 quid
1655 2461 1923 2534 alicubi,
1963 2460 2133 2539 quod
2182 2466 2471 2523 veterum
2509 2462 2691 2522 libris
2732 2462 3033 2524 omnibus
3085 2465 3413 2541 usuvenit,

157 2576 248 2629 aut
275 2568 674 2631 librariorum
712 2568 1078 2641 oscitantia,
1118 2572 1230 2627 aut
1265 2565 1638 2627 criticorum
1683 2564 2030 2641 dempserit
2068 2581 2374 2643 perversa
2426 2562 2607 2638 cura)
2665 2566 3124 2627 concinnatum
3160 2568 3242 2628 ab
3272 2568 3416 2629 Ca3-

154 2675 404 2733 sareensi
436 2674 775 2754 episcOpo;
808 2672 969 2732 nihil
1018 2670 1185 2733 ultra
1225 2675 1449 2731 notum
1480 2669 1635 2727 olim
1681 2668 2103 2747 Hieronymo,
2142 2668 2223 2729 ab
2256 2685 2461 2746 eoque
2498 2668 2742 2732 Latinis
2789 2670 3057 2731 auribus
3102 2668 3414 2731 donatum

152 2779 247 2830 est.
286 2773 415 2846 Aio,
455 2772 742 2835 futurum
778 2771 972 2832 fuisse
1015 2771 1207 2832 etiam
1248 2770 1539 2831 laborem
1571 2769 1753 2829 illum
1806 2775 2036 2847 praeter
2065 2786 2226 2844 rem,
2268 2768 2466 2829 immo
2520 2774 2583 2831 et
2635 2769 3086 2845 deridiculum,
3127 2773 3179 2831 si
3229 2772 3406 2850 quod

151 2875 356 2934 centies
390 2874 719 2953 professus
768 2878 867 2935 est
908 2878 1157 2944 auctor,
1192 2873 1271 2933 ab
1303 2871 1673 2932 Abrahamo
1700 2888 1866 2948 opus
1903 2889 2093 2932 suum
2126 2872 2477 2949 auspicari,
2512 2873 2861 2952 primordia
2896 2892 3157 2954 quoque
3192 2894 3415 2938 rerum

148 2981 197 3033 et
222 2978 583 3040 vetustiores
632 2976 914 3056 origines
963 2976 1042 3038 ad
1089 2975 1379 3037 eamdem
1433 2974 1738 3051 temporis
1775 2975 2083 3036 amussim
2132 2992 2251 3035 nec
2294 2975 2489 3035 semel
2545 2976 2916 3054 exegisset:
2954 2978 3013 3037 id
3051 2980 3219 3056 quod
3276 2985 3409 3039 tam

146 3075 509 3141 demonstrat
556 3079 823 3139 minime
860 3077 1126 3150 factum,
1170 3083 1239 3137 ut
1276 3095 1487 3153 neque
1531 3076 1667 3136 ﬁeri
1709 3076 1990 3155 potuisse
2032 3092 2070 3137 a
2114 3078 2428 3156 scriptore
2476 3078 2645 3138 haud
2701 3080 2943 3160 inepto,
2988 3081 3144 3159 quin
3199 3084 3414 3159 potius

144 3181 699 3244 consideratissimo
734 3182 1013 3243 evincat.
1058 3182 1221 3240 Tum
1257 3178 1412 3239 illud
1447 3194 1642 3256 quam
1692 3183 2155 3258 preeposterum
2197 3186 2396 3257 atque
2438 3181 2692 3257 inutile,
2724 3183 2820 3243 bis
2866 3183 3112 3257 eadem,
3152 3184 3410 3249 diverso

146 3279 445 3346 dumtaxat
478 3284 733 3361 ordine,
770 3288 881 3345 aut
914 3283 1079 3362 stylo
1116 3282 1459 3360 persequi?
1486 3281 1652 3343 Illud
1684 3298 1833 3341 vero
1864 3297 2061 3358 supra
2097 3298 2352 3343 omnem
2392 3286 2707 3361 quantum
2747 3289 2842 3345 est
2889 3286 3225 3348 hominum
3256 3306 3413 3350 eru-

145 3380 390 3447 ditorum
425 3387 640 3462 ﬁdem,
678 3386 731 3447 si
770 3386 1023 3446 duobus
1058 3384 1367 3463 ejusmodi
1415 3384 1594 3443 libris
1622 3401 1783 3461 opus
1812 3400 2002 3444 omne
2031 3386 2395 3459 constabat,
2429 3389 2516 3450 ita
2554 3405 2697 3465 quae
2730 3388 2945 3466 priore
2977 3392 3411 3453 contineban-

147 3491 256 3560 tur,
289 3496 608 3567 tamquam
641 3504 721 3547 ex
770 3485 1086 3557 condicto,
1117 3491 1177 3545 et
1213 3484 1289 3545 ad
1342 3482 1728 3544 Mithridatis
1784 3485 2055 3559 litteras,
2089 3486 2406 3548 excidisse
2462 3490 2708 3565 pariter
2738 3490 2907 3568 apud
2939 3491 3291 3553 Eusebium
3349 3501 3416 3555 et.

144 3587 607 3670 Hieronymum,
642 3597 715 3649 ut
748 3606 827 3650 ne
870 3587 1295 3667 fragmentum
1344 3587 1628 3664 quidem,
1665 3590 1859 3663 atque
1896 3585 2049 3646 illud
2081 3604 2159 3646 ex
2198 3588 2427 3651 Latina
2466 3590 2691 3651 saltem
2722 3592 3281 3671 interpretatione,
3324 3596 3410 3656 ad

142 3693 471 3755 faciendum
524 3694 800 3773 jacturie
851 3691 1185 3765 indicium,
1229 3690 1398 3767 apud
1445 3707 1646 3748 unum
1682 3687 1964 3765 aliquem
2018 3690 2396 3767 scriptorem
2450 3698 2734 3770 superet.
2785 3694 3130 3755 Enimvero
3167 3697 3217 3757 si
3256 3699 3405 3775 quis

140 3794 274 3854 velit
302 3800 595 3856 auctores
631 3799 906 3865 veteres,
947 3791 1056 3870 qui
1098 3809 1175 3851 ex
1206 3791 1326 3850 isto
1359 3790 1666 3851 chronico
1698 3808 1894 3868 Opere
1930 3790 2323 3870 delibarunt,
2365 3794 2685 3872 conferre,
2719 3797 2950 3857 sentiet
2989 3797 3160 3858 haud
3188 3799 3408 3879 dubie,

137 3904 368 3959 nostros
402 3898 652 3960 codices
690 3913 821 3956 non
851 3895 1055 3971 magis
1094 3911 1232 3953 esse
1263 3893 1617 3965 mutilatos,
1652 3909 1849 3969 quam
1902 3893 2045 3954 illos
2076 3895 2313 3971 quibus
2362 3897 2479 3974 ipsi
2525 3904 2771 3959 veteres
2816 3897 3062 3976 jamdiu
3097 3902 3250 3961 olim
3304 3904 3411 3965 usi

136 4005 290 4059 sunt.
325 4002 480 4062 Tota
515 4005 830 4080 praeterea
860 3997 1053 4058 facies
1083 3996 1322 4076 aperis,
1358 3994 1643 4073 przet‘atio
1672 3994 1734 4053 S.
1766 3995 2139 4073 lnterpretis
2172 4002 2367 4074 atque
2398 3999 2507 4061 illa
2537 4003 2819 4062 auctoris
2854 4003 3413 4083 ipsiusmetquam

137 4103 254 4163 suis
292 4102 545 4164 sedibus
593 4118 713 4179 per
738 4101 871 4163 vim
923 4100 1218 4161 avulsam
1263 4097 1394 4159 alio
1449 4097 1801 4158 transferre
1836 4114 2033 4158 ausus
2084 4105 2180 4160 est
2231 4100 2537 4180 Scaliger,
2594 4107 2685 4164 tot
2710 4103 2938 4167 deinde
2991 4098 3407 4171 collectiones

138 4206 471 4284 temporum
510 4202 589 4264 ad
620 4202 1006 4262 illustriores
1038 4200 1340 4277 epochas,
1374 4199 1677 4279 genuina:
1709 4198 1885 4279 (nam
1924 4217 2051 4262 una
2083 4206 2177 4261 est
2209 4202 2377 4263 inter
2407 4221 2515 4264 eas
2542 4211 2737 4282 atque
2769 4207 2996 4281 altera,
3023 4228 3187 4288 quas
3222 4213 3408 4275 scioli

135 4304 593 4387 interpolatoris
634 4320 870 4366 manus
909 4301 1220 4383 intrusit),
1257 4306 1347 4361 tot
1389 4301 1667 4378 denique
1701 4300 1990 4364 formulas
2023 4304 2443 4364 connectendi
2480 4308 2837 4384 posteriora
2888 4311 3240 4388 prioribus,
3270 4332 3410 4378 uno

133 4410 312 4469 verbo
344 4407 651 4487 quidquid
691 4409 815 4468 hoc
858 4413 952 4466 est
988 4406 1200 4485 Operis
1229 4405 1490 4479 clamat,
1521 4403 1849 4482 singulare
1877 4402 2075 4465 fuisse
2106 4405 2377 4477 librum,
2416 4416 2608 4484 prout
2646 4428 2819 4472 nunc
2854 4419 2973 4489 est,
3018 4416 3100 4477 ab
3125 4416 3412 4481 Eusebio

136 4512 566 4591 conscriptum,
607 4510 901 4587 nihilque
931 4525 1088 4576 esse,
1124 4506 1297 4585 quod
1340 4505 1624 4583 Scaliger
1661 4504 1948 4583 deploret
1979 4506 2295 4568 excisum.
2334 4509 2533 4568 Porro
2568 4516 2783 4572 autem
2821 4513 2988 4576 hanc
3020 4516 3158 4577 viro
3193 4520 3415 4581 erudi-

138 4617 358 4678 tissimo
384 4617 963 4680 hallucinationem
1005 4615 1249 4676 creavit
1284 4614 1418 4686 illa,
1454 4630 1650 4690 quam
1690 4613 1886 4692 paulo
1924 4619 2074 4675 ante
2112 4614 2545 4690 explodimus,
2579 4624 3025 4697 prieconcepta
3064 4622 3283 4700 Opinio
3328 4622 3411 4685 de

140 4717 405 4782 allectata
432 4722 513 4783 ab
543 4724 812 4781 auctore
843 4721 1065 4777 nostro
1102 4714 1383 4776 Africani
1425 4712 1718 4774 methodo

1832 4714 2487 4799 [ui_chronographize
2523 4734 2654 4777 sum
2684 4720 2790 4778 καθ’
2823 4722 3028 4799 ὁμάδας
3056 4729 3263 4802 χρόνων
3292 4742 3410 4783 ex-

145 4823 367 4897 positae,
400 4841 717 4887 canonem
764 4821 1000 4882 dicitur
1046 4818 1461 4881 subtexuisse
1495 4824 1626 4877 κατά
1660 4822 1893 4893 πλάτος,
1932 4818 2064 4879 sive
2100 4817 2167 4876 in
2208 4833 2416 4879 annos
2467 4835 2793 4897 expansos
2839 4820 3179 4900 digestum.
3244 4824 3416 4885 Tum

144 4939 278 4984 vero
324 4926 534 4988 fucum
570 4941 839 5004 quoque
877 4921 1021 4982 fecit
1070 4921 1219 4995 illa,
1255 4919 1489 4997 quibus
1528 4918 1971 4979 Eusebianum
2023 4936 2183 4997 opus
2233 4919 2634 4993 inscribitur,
2686 4922 3021 4984 nominum
3077 4924 3353 4985 varietas
3387 4945 3406 4984 :

140 5041 270 5086 nam
293 5034 350 5089 et
384 5030 728 5091 [ια-ποδαπὴν
764 5033 1025 5105 ἱστορίαν,
1053 5028 1112 5083 et
1145 5029 1372 5102 Χρονικὰ
1401 5028 1718 5100 συγγράμμο

1818 5025 1901 5081 et
1927 5029 2213 5100 Χρονικοὺς
2240 5026 2457 5086 κανόνας
2492 5020 2645 5082 alibi
2671 5022 2988 5086 Eusebius
3014 5026 3149 5104 ipse
3182 5030 3396 5085 vocat:

142 5126 440 5208 Syneellus
472 5139 692 5196 autem
728 5146 899 5206 sape
939 5133 1212 5207 Χρονικὸν,
1254 5131 1316 5186 et
1352 5132 1441 5186 τὸν
1487 5130 1711 5197 Κανόνα,

1828 5140 1855 5183 s
1895 5124 2091 5183 etiam
2138 5129 2216 5181 Τὰ
2244 5130 2380 5181 κατά
2426 5129 2619 5191 πλάτος
2662 5126 2976 5205 appellat;
3015 5126 3294 5203 denique
3342 5130 3406 5189 et

148 5242 347 5303 Κανόνας
372 5245 684 5319 Z‘aomoeg,
708 5241 771 5295 et
792 5234 1085 5312 Ἐπιτομὴ-ι
1106 5236 1312 5310 χρόνων
1348 5228 1480 5289 alii.
1518 5226 1634 5288 Sed
1666 5229 1726 5287 et

1830 5225 1941 5303 pud
1982 5225 2475 5305 Hieronymum,
2521 5231 2590 5288 ut
2634 5228 2897 5289 Latinos
2943 5226 3105 5287 alios
3147 5226 3408 5291 interim

140 5337 378 5411 taceam,
416 5356 587 5400 nunc
622 5333 912 5415 Digestio
958 5340 1326 5409 temporum,
1369 5331 1426 5389 et
1470 5324 1699 5394 Liber,-
1746 5341 1920 5385 uunc
1968 5324 2248 5387 Canones
2290 5332 2664 5405 temporum,
2702 5331 2763 5387 et
2801 5324 3264 5387 Chronicormn
3294 5326 3412 5388 Ca-

136 5452 342 5497 nonum
371 5434 725 5501 omnimodo
754 5432 1057 5500 historia;
1089 5447 1259 5491 nunc
1284 5427 1617 5499 Chronica,
1655 5428 1718 5485 et
1749 5423 2102 5486 Chronicon
2130 5425 2357 5501 audiit,
2408 5426 2543 5488 visa
2581 5427 2731 5485 sunt
2755 5425 3097 5488 confidenti
3130 5428 3409 5492 nimium

135 5537 365 5618 ingenio
391 5559 508 5603 suo
536 5538 823 5614 homini,
861 5553 961 5595 res
998 5533 1289 5595 diversas
1320 5529 1572 5592 diversa
1612 5526 1927 5589 vocabula
1979 5532 2367 5599 conuolare;
2420 5526 2529 5587 sed
2574 5526 2731 5586 illud
2769 5528 3087 5608 prmcipue
3125 5527 3409 5608 Syncelli

126 5648 182 5700 τὰ
201 5651 321 5703 κατὰ
340 5651 529 5711 πλάτος
562 5638 812 5703 erroris
840 5653 1036 5698 causa
1070 5634 1213 5711 fuit,
1249 5637 1319 5693 ut
1344 5635 1700 5710 congruent

1838 5628 1894 5688 ei
1921 5627 2162 5687 librum
2193 5628 2466 5687 alterum
2496 5640 2608 5686 Τῶν
2633 5629 2744 5689 καθ’
2776 5632 2982 5709 ὁμάδας
3019 5632 3402 5693 comminis-

119 5750 384 5808 ceretur:
408 5764 557 5808 cum
588 5758 805 5804 unum
828 5742 1037 5801 tamen
1069 5737 1176 5797 ille
1208 5751 1322 5813 per
1342 5748 1548 5794 annos
1577 5746 1898 5808 expansos
1929 5725 2242 5802 nominet,
2268 5727 2544 5788 alterum
2574 5728 2625 5788 si
2648 5732 3001 5792 exstitisset
3027 5731 3405 5810 aliquando,

111 5850 263 5924 quod
310 5849 701 5913 relationem
753 5841 833 5905 ad
876 5859 1022 5904 eum
1056 5840 1350 5915 haberet,
1399 5834 1663 5895 minimc
1700 5830 2277 5912 praetermissurus.
2332 5831 2645 5909 Imposuit
2688 5834 2887 5911 igitur
2922 5834 3257 5895 nominum
3292 5834 3404 5893 illa
