  <div class='ocr_page' id='page_1' title='image "/cluster/home/n/w/nwhite01/storage/ocr_20150623/27/uva.x000826567/017.png"; bbox 0 0 3980 6314; ppageno 0'>
   <div class='ocr_carea' id='block_1_1' title="bbox 528 261 3822 333">
    <p class='ocr_par' dir='ltr' id='par_1_1' title="bbox 528 261 3822 333">
     <span class='ocr_line' id='line_1_1' title="bbox 528 261 3822 333; baseline -0.003 -6"><span class='ocrx_word' id='word_1_1' title='bbox 528 271 594 327; x_wconf 73' lang='grc'><strong>10</strong></span> <span class='ocrx_word' id='word_1_2' title='bbox 794 327 800 333; x_wconf 88' lang='grc'><strong>,</strong></span> <span class='ocrx_word' id='word_1_3' title='bbox 1972 265 2363 327; x_wconf 68' lang='grc' dir='ltr'><strong>ΡΒΑΞΡΜῊ).</strong></span> <span class='ocrx_word' id='word_1_4' title='bbox 3756 261 3822 318; x_wconf 64' lang='lat' dir='ltr'><strong>Et)</strong></span> 
     </span>
    </p>
   </div>
   <div class='ocr_carea' id='block_1_2' title="bbox 530 376 3815 463">
    <p class='ocr_par' dir='ltr' id='par_1_2' title="bbox 530 376 3815 463">
     <span class='ocr_line' id='line_1_2' title="bbox 530 376 3815 463; baseline -0.002 -17"><span class='ocrx_word' id='word_1_5' title='bbox 530 386 808 449; x_wconf 77' lang='lat' dir='ltr'><strong>varietas</strong></span> <span class='ocrx_word' id='word_1_6' title='bbox 838 383 1161 463; x_wconf 85' lang='lat' dir='ltr'><strong>Scaligero</strong></span> <span class='ocrx_word' id='word_1_7' title='bbox 1193 401 1208 441; x_wconf 88' lang='lat'><strong>:</strong></span> <span class='ocrx_word' id='word_1_8' title='bbox 1242 380 1378 460; x_wconf 88' lang='lat' dir='ltr'><strong>ipse</strong></span> <span class='ocrx_word' id='word_1_9' title='bbox 1409 379 1675 459; x_wconf 81' lang='lat' dir='ltr'><strong>reliquis</strong></span> <span class='ocrx_word' id='word_1_10' title='bbox 1708 383 1849 458; x_wconf 84' lang='lat' dir='ltr'><strong>post</strong></span> <span class='ocrx_word' id='word_1_11' title='bbox 1878 397 1944 441; x_wconf 85' lang='lat' dir='ltr'><strong>se</strong></span> <span class='ocrx_word' id='word_1_12' title='bbox 1977 379 2275 447; x_wconf 73' lang='lat' dir='ltr'><strong>erunibus</strong></span> <span class='ocrx_word' id='word_1_13' title='bbox 2311 379 2455 443; x_wconf 81' lang='lat' dir='ltr'><strong>fecit</strong></span> <span class='ocrx_word' id='word_1_14' title='bbox 2482 382 2862 445; x_wconf 79' lang='lat' dir='ltr'><strong>auctoritate</strong></span> <span class='ocrx_word' id='word_1_15' title='bbox 2893 396 3007 442; x_wconf 82' lang='lat' dir='ltr'><strong>sua</strong></span> <span class='ocrx_word' id='word_1_16' title='bbox 3036 379 3324 443; x_wconf 79' lang='lat' dir='ltr'><strong>otlucias.</strong></span> <span class='ocrx_word' id='word_1_17' title='bbox 3359 379 3435 438; x_wconf 90' lang='lat' dir='ltr'><strong>Et</strong></span> <span class='ocrx_word' id='word_1_18' title='bbox 3465 377 3699 441; x_wconf 87' lang='lat' dir='ltr'><strong>mirum</strong></span> <span class='ocrx_word' id='word_1_19' title='bbox 3730 376 3815 441; x_wconf 86' lang='lat' dir='ltr'><strong>ita</strong></span> 
     </span>
    </p>
   </div>
   <div class='ocr_carea' id='block_1_3' title="bbox 528 479 3824 565">
    <p class='ocr_par' dir='ltr' id='par_1_3' title="bbox 528 479 3824 565">
     <span class='ocr_line' id='line_1_3' title="bbox 528 479 3824 565; baseline -0.003 -15"><span class='ocrx_word' id='word_1_20' title='bbox 528 506 675 550; x_wconf 89' lang='lat' dir='ltr'><strong>eum</strong></span> <span class='ocrx_word' id='word_1_21' title='bbox 715 487 999 565; x_wconf 84' lang='lat' dir='ltr'><strong>potuisse</strong></span> <span class='ocrx_word' id='word_1_22' title='bbox 1034 486 1471 547; x_wconf 86' lang='lat' dir='ltr'><strong>commentum</strong></span> <span class='ocrx_word' id='word_1_23' title='bbox 1502 481 1625 545; x_wconf 91' lang='lat' dir='ltr'><strong>hoc</strong></span> <span class='ocrx_word' id='word_1_24' title='bbox 1669 499 1858 545; x_wconf 91' lang='lat' dir='ltr'><strong>suum</strong></span> <span class='ocrx_word' id='word_1_25' title='bbox 1902 481 2104 545; x_wconf 90' lang='lat' dir='ltr'><strong>doctis</strong></span> <span class='ocrx_word' id='word_1_26' title='bbox 2139 483 2441 560; x_wconf 86' lang='lat' dir='ltr'><strong>probare,</strong></span> <span class='ocrx_word' id='word_1_27' title='bbox 2472 482 2561 544; x_wconf 87' lang='lat' dir='ltr'><strong>ita</strong></span> <span class='ocrx_word' id='word_1_28' title='bbox 2609 484 2899 547; x_wconf 90' lang='lat' dir='ltr'><strong>omnium</strong></span> <span class='ocrx_word' id='word_1_29' title='bbox 2939 482 3289 561; x_wconf 82' lang='lat' dir='ltr'><strong>pervadere</strong></span> <span class='ocrx_word' id='word_1_30' title='bbox 3324 484 3573 543; x_wconf 88' lang='lat' dir='ltr'><strong>mentes</strong></span> <span class='ocrx_word' id='word_1_31' title='bbox 3605 479 3824 542; x_wconf 85' lang='lat' dir='ltr'><strong>homi-</strong></span> 
     </span>
    </p>
   </div>
   <div class='ocr_carea' id='block_1_4' title="bbox 488 579 3822 667">
    <p class='ocr_par' dir='ltr' id='par_1_4' title="bbox 488 579 3822 667">
     <span class='ocr_line' id='line_1_4' title="bbox 488 579 3822 667; baseline -0.004 -12"><span class='ocrx_word' id='word_1_32' title='bbox 488 582 497 591; x_wconf 57' lang='grc'><em>“</em></span> <span class='ocrx_word' id='word_1_33' title='bbox 528 604 715 667; x_wconf 83' lang='lat' dir='ltr'><strong>num,</strong></span> <span class='ocrx_word' id='word_1_34' title='bbox 751 593 826 653; x_wconf 90' lang='lat' dir='ltr'><strong>ut</strong></span> <span class='ocrx_word' id='word_1_35' title='bbox 856 606 1046 653; x_wconf 89' lang='lat' dir='ltr'><strong>nemo</strong></span> <span class='ocrx_word' id='word_1_36' title='bbox 1077 586 1297 662; x_wconf 78' lang='lat' dir='ltr'><strong>fuerit,</strong></span> <span class='ocrx_word' id='word_1_37' title='bbox 1344 589 1457 651; x_wconf 84' lang='lat' dir='ltr'><strong>aut</strong></span> <span class='ocrx_word' id='word_1_38' title='bbox 1504 602 1679 645; x_wconf 91' lang='lat' dir='ltr'><strong>nunc</strong></span> <span class='ocrx_word' id='word_1_39' title='bbox 1711 583 1820 660; x_wconf 87' lang='lat' dir='ltr'><strong>sit,</strong></span> <span class='ocrx_word' id='word_1_40' title='bbox 1855 583 1966 662; x_wconf 85' lang='lat' dir='ltr'><strong>qui</strong></span> <span class='ocrx_word' id='word_1_41' title='bbox 2004 599 2130 647; x_wconf 88' lang='lat' dir='ltr'><strong>non</strong></span> <span class='ocrx_word' id='word_1_42' title='bbox 2179 582 2402 645; x_wconf 86' lang='lat' dir='ltr'><strong>iisdem</strong></span> <span class='ocrx_word' id='word_1_43' title='bbox 2433 590 2627 663; x_wconf 85' lang='lat' dir='ltr'><strong>atque</strong></span> <span class='ocrx_word' id='word_1_44' title='bbox 2660 584 2766 645; x_wconf 89' lang='lat' dir='ltr'><strong>ille</strong></span> <span class='ocrx_word' id='word_1_45' title='bbox 2817 584 3029 647; x_wconf 79' lang='lat' dir='ltr'><strong>verbis</strong></span> <span class='ocrx_word' id='word_1_46' title='bbox 3070 581 3445 662; x_wconf 80' lang='lat' dir='ltr'><strong>pronuntiet</strong></span> <span class='ocrx_word' id='word_1_47' title='bbox 3477 598 3555 644; x_wconf 89' lang='lat' dir='ltr'><strong>ac</strong></span> <span class='ocrx_word' id='word_1_48' title='bbox 3586 579 3822 656; x_wconf 79' lang='lat' dir='ltr'><strong>doleat,</strong></span> 
     </span>
    </p>
   </div>
   <div class='ocr_carea' id='block_1_5' title="bbox 527 680 3828 777">
    <p class='ocr_par' dir='ltr' id='par_1_5' title="bbox 527 680 3828 777">
     <span class='ocr_line' id='line_1_5' title="bbox 527 680 3828 777; baseline -0.004 -22"><span class='ocrx_word' id='word_1_49' title='bbox 527 692 812 777; x_wconf 85' lang='lat' dir='ltr'><strong>priorem</strong></span> <span class='ocrx_word' id='word_1_50' title='bbox 849 689 1148 755; x_wconf 88' lang='lat' dir='ltr'><strong>Chronici</strong></span> <span class='ocrx_word' id='word_1_51' title='bbox 1175 685 1313 765; x_wconf 93' lang='lat' dir='ltr'><strong>ejus</strong></span> <span class='ocrx_word' id='word_1_52' title='bbox 1348 683 1633 769; x_wconf 82' lang='lat' dir='ltr'><strong>thesauri</strong></span> <span class='ocrx_word' id='word_1_53' title='bbox 1668 689 1911 764; x_wconf 79' lang='lat' dir='ltr'><strong>partem</strong></span> <span class='ocrx_word' id='word_1_54' title='bbox 1940 686 1999 747; x_wconf 88' lang='lat' dir='ltr'><strong>et</strong></span> <span class='ocrx_word' id='word_1_55' title='bbox 2031 682 2269 745; x_wconf 86' lang='lat' dir='ltr'><strong>librum</strong></span> <span class='ocrx_word' id='word_1_56' title='bbox 2301 688 2428 744; x_wconf 90' lang='lat' dir='ltr'><strong>lam</strong></span> <span class='ocrx_word' id='word_1_57' title='bbox 2459 682 2522 745; x_wconf 90' lang='lat' dir='ltr'><strong>in</strong></span> <span class='ocrx_word' id='word_1_58' title='bbox 2552 682 2803 761; x_wconf 72' lang='lat' dir='ltr'><strong>Grmco,</strong></span> <span class='ocrx_word' id='word_1_59' title='bbox 2838 699 3034 762; x_wconf 88' lang='lat' dir='ltr'><strong>quam</strong></span> <span class='ocrx_word' id='word_1_60' title='bbox 3065 700 3150 744; x_wconf 74' lang='lat' dir='ltr'><strong>ex</strong></span> <span class='ocrx_word' id='word_1_61' title='bbox 3180 680 3691 761; x_wconf 84' lang='lat' dir='ltr'><strong>Hieronymiana</strong></span> <span class='ocrx_word' id='word_1_62' title='bbox 3725 680 3828 743; x_wconf 88' lang='lat' dir='ltr'><strong>in-</strong></span> 
     </span>
    </p>
   </div>
   <div class='ocr_carea' id='block_1_6' title="bbox 529 779 3827 870">
    <p class='ocr_par' dir='ltr' id='par_1_6' title="bbox 529 779 3827 870">
     <span class='ocr_line' id='line_1_6' title="bbox 529 779 3827 870; baseline -0.005 -14"><span class='ocrx_word' id='word_1_63' title='bbox 529 789 992 870; x_wconf 83' lang='lat' dir='ltr'><strong>terpretatione</strong></span> <span class='ocrx_word' id='word_1_64' title='bbox 1045 783 1265 867; x_wconf 89' lang='lat' dir='ltr'><strong>putido</strong></span> <span class='ocrx_word' id='word_1_65' title='bbox 1309 782 1831 867; x_wconf 81' lang='lat' dir='ltr'><strong>antiquariorum</strong></span> <span class='ocrx_word' id='word_1_66' title='bbox 1888 779 2141 842; x_wconf 81' lang='lat' dir='ltr'><strong>fastidio</strong></span> <span class='ocrx_word' id='word_1_67' title='bbox 2175 779 2550 861; x_wconf 84' lang='lat' dir='ltr'><strong>deperiisse.</strong></span> <span class='ocrx_word' id='word_1_68' title='bbox 2588 779 2895 844; x_wconf 80' lang='lat' dir='ltr'><strong>Laudabo</strong></span> <span class='ocrx_word' id='word_1_69' title='bbox 2944 796 3062 861; x_wconf 89' lang='lat' dir='ltr'><strong>par</strong></span> <span class='ocrx_word' id='word_1_70' title='bbox 3103 787 3495 863; x_wconf 74' lang='grc' dir='ltr'><strong>βιϐλιογράφων</strong></span> <span class='ocrx_word' id='word_1_71' title='bbox 3537 779 3827 846; x_wconf 85' lang='lat' dir='ltr'><strong>omnium</strong></span> 
     </span>
    </p>
   </div>
   <div class='ocr_carea' id='block_1_7' title="bbox 525 880 3826 967">
    <p class='ocr_par' dir='ltr' id='par_1_7' title="bbox 525 880 3826 967">
     <span class='ocr_line' id='line_1_7' title="bbox 525 880 3826 967; baseline -0.007 -11"><span class='ocrx_word' id='word_1_72' title='bbox 525 891 1044 956; x_wconf 87' lang='lat' dir='ltr'><strong>recentissimum</strong></span> <span class='ocrx_word' id='word_1_73' title='bbox 1065 932 1083 964; x_wconf 90' lang='lat'><strong>,</strong></span> <span class='ocrx_word' id='word_1_74' title='bbox 1111 892 1174 949; x_wconf 90' lang='lat' dir='ltr'><strong>et</strong></span> <span class='ocrx_word' id='word_1_75' title='bbox 1208 886 1423 967; x_wconf 88' lang='lat' dir='ltr'><strong>magni</strong></span> <span class='ocrx_word' id='word_1_76' title='bbox 1455 883 1757 947; x_wconf 86' lang='lat' dir='ltr'><strong>nominis.</strong></span> <span class='ocrx_word' id='word_1_77' title='bbox 1789 883 1882 946; x_wconf 88' lang='lat' dir='ltr'><strong>Ct.</strong></span> <span class='ocrx_word' id='word_1_78' title='bbox 1924 883 2262 947; x_wconf 86' lang='lat' dir='ltr'><strong>Fabricius</strong></span> <span class='ocrx_word' id='word_1_79' title='bbox 2302 883 2713 945; x_wconf 60' lang='lat' dir='ltr'><strong>Bibliotheca:</strong></span> <span class='ocrx_word' id='word_1_80' title='bbox 2751 883 2986 946; x_wconf 54' lang='lat' dir='ltr'><strong>Graecas</strong></span> <span class='ocrx_word' id='word_1_81' title='bbox 3015 883 3125 944; x_wconf 91' lang='lat' dir='ltr'><strong>lib.</strong></span> <span class='ocrx_word' id='word_1_82' title='bbox 3162 901 3224 961; x_wconf 89' lang='lat' dir='ltr'><strong>v,</strong></span> <span class='ocrx_word' id='word_1_83' title='bbox 3256 900 3398 962; x_wconf 85' lang='lat' dir='ltr'><strong>cap.</strong></span> <span class='ocrx_word' id='word_1_84' title='bbox 3429 880 3490 955; x_wconf 73' lang='grc' dir='ltr'><strong>ιι,</strong></span> <span class='ocrx_word' id='word_1_85' title='bbox 3519 882 3598 945; x_wconf 88' lang='lat' dir='ltr'><strong>de</strong></span> <span class='ocrx_word' id='word_1_86' title='bbox 3622 882 3826 945; x_wconf 84' lang='lat' dir='ltr'><strong>Ense.</strong></span> 
     </span>
    </p>
   </div>
   <div class='ocr_carea' id='block_1_8' title="bbox 526 983 3828 1069">
    <p class='ocr_par' dir='ltr' id='par_1_8' title="bbox 526 983 3828 1069">
     <span class='ocr_line' id='line_1_8' title="bbox 526 983 3828 1069; baseline -0.003 -12"><span class='ocrx_word' id='word_1_87' title='bbox 526 995 725 1057; x_wconf 84' lang='lat' dir='ltr'><strong>biano</strong></span> <span class='ocrx_word' id='word_1_88' title='bbox 748 992 871 1054; x_wconf 87' lang='lat' dir='ltr'><strong>hoc</strong></span> <span class='ocrx_word' id='word_1_89' title='bbox 896 990 1199 1052; x_wconf 85' lang='lat' dir='ltr'><strong>nimirum</strong></span> <span class='ocrx_word' id='word_1_90' title='bbox 1232 1004 1428 1069; x_wconf 77' lang='lat' dir='ltr'><strong>Opere</strong></span> <span class='ocrx_word' id='word_1_91' title='bbox 1456 1006 1472 1047; x_wconf 86' lang='lat'><strong>:</strong></span> <span class='ocrx_word' id='word_1_92' title='bbox 1505 986 1588 1047; x_wconf 89' lang='lat' dir='ltr'><strong>In</strong></span> <span class='ocrx_word' id='word_1_93' title='bbox 1632 983 1853 1060; x_wconf 75' lang='lat' dir='ltr'><strong>libros,</strong></span> <span class='ocrx_word' id='word_1_94' title='bbox 1882 985 2120 1065; x_wconf 82' lang='lat' dir='ltr'><strong>inquit,</strong></span> <span class='ocrx_word' id='word_1_95' title='bbox 2149 983 2308 1046; x_wconf 81' lang='lat' dir='ltr'><strong>duos</strong></span> <span class='ocrx_word' id='word_1_96' title='bbox 2336 983 2607 1047; x_wconf 84' lang='lat' dir='ltr'><strong>divisum</strong></span> <span class='ocrx_word' id='word_1_97' title='bbox 2633 985 2764 1067; x_wconf 79' lang='lat' dir='ltr'><strong>fuit</strong></span> <span class='ocrx_word' id='word_1_98' title='bbox 2808 984 2882 1046; x_wconf 84' lang='lat' dir='ltr'><strong>ab</strong></span> <span class='ocrx_word' id='word_1_99' title='bbox 2937 992 3214 1059; x_wconf 85' lang='lat' dir='ltr'><strong>auctore,</strong></span> <span class='ocrx_word' id='word_1_100' title='bbox 3243 1002 3514 1066; x_wconf 79' lang='lat' dir='ltr'><strong>quorum</strong></span> <span class='ocrx_word' id='word_1_101' title='bbox 3547 984 3828 1065; x_wconf 76' lang='lat' dir='ltr'><strong>priorem</strong></span> 
     </span>
    </p>
   </div>
   <div class='ocr_carea' id='block_1_9' title="bbox 526 1085 2098 1179">
    <p class='ocr_par' dir='ltr' id='par_1_9' title="bbox 526 1085 2098 1179">
     <span class='ocr_line' id='line_1_9' title="bbox 526 1085 2098 1179; baseline -0.01 -19"><span class='ocrx_word' id='word_1_102' title='bbox 526 1102 945 1179; x_wconf 74' lang='grc' dir='ltr'><strong>Χρονογραφίαν,</strong></span> <span class='ocrx_word' id='word_1_103' title='bbox 964 1089 1377 1171; x_wconf 65' lang='lat' dir='ltr'><strong>posteriorem</strong></span> <span class='ocrx_word' id='word_1_104' title='bbox 1391 1095 1642 1172; x_wconf 77' lang='grc' dir='ltr'><strong>Χρονικὸν</strong></span> <span class='ocrx_word' id='word_1_105' title='bbox 1668 1093 1892 1151; x_wconf 80' lang='grc' dir='ltr'><strong>Κανόνα.</strong></span> <span class='ocrx_word' id='word_1_106' title='bbox 1915 1085 2098 1168; x_wconf 62' lang='grc' dir='ltr'><strong>Λιᾳιω</strong></span> 
     </span>
    </p>
   </div>
   <div class='ocr_carea' id='block_1_10' title="bbox 2258 1085 3830 1179">
    <p class='ocr_par' dir='ltr' id='par_1_10' title="bbox 2258 1085 3830 1169">
     <span class='ocr_line' id='line_1_10' title="bbox 2258 1085 3830 1169; baseline -0.001 -22"><span class='ocrx_word' id='word_1_107' title='bbox 2258 1104 2310 1148; x_wconf 80' lang='grc' dir='ltr'><strong>ιο</strong></span> <span class='ocrx_word' id='word_1_108' title='bbox 2338 1086 2680 1169; x_wconf 85' lang='lat' dir='ltr'><strong>Epitomen</strong></span> <span class='ocrx_word' id='word_1_109' title='bbox 2717 1094 2898 1149; x_wconf 77' lang='lat' dir='ltr'><strong>vocat</strong></span> <span class='ocrx_word' id='word_1_110' title='bbox 2925 1086 3383 1167; x_wconf 74' lang='lat' dir='ltr'><strong>Hieronymus,</strong></span> <span class='ocrx_word' id='word_1_111' title='bbox 3410 1091 3533 1149; x_wconf 87' lang='lat' dir='ltr'><strong>etc.</strong></span> <span class='ocrx_word' id='word_1_112' title='bbox 3557 1085 3830 1148; x_wconf 87' lang='lat' dir='ltr'><strong>Scburz-</strong></span> 
     </span>
    </p>
   </div>
   <div class='ocr_carea' id='block_1_11' title="bbox 528 1187 3831 1272">
    <p class='ocr_par' dir='ltr' id='par_1_11' title="bbox 528 1187 3831 1272">
     <span class='ocr_line' id='line_1_11' title="bbox 528 1187 3831 1272; baseline -0.003 -10"><span class='ocrx_word' id='word_1_113' title='bbox 528 1198 860 1262; x_wconf 64' lang='lat' dir='ltr'><strong>ﬂeeischius</strong></span> <span class='ocrx_word' id='word_1_114' title='bbox 899 1202 1115 1257; x_wconf 89' lang='lat' dir='ltr'><strong>autem</strong></span> <span class='ocrx_word' id='word_1_115' title='bbox 1168 1196 1230 1256; x_wconf 90' lang='lat' dir='ltr'><strong>in</strong></span> <span class='ocrx_word' id='word_1_116' title='bbox 1265 1194 1503 1256; x_wconf 88' lang='lat' dir='ltr'><strong>Notitia</strong></span> <span class='ocrx_word' id='word_1_117' title='bbox 1548 1193 1963 1255; x_wconf 60' lang='lat' dir='ltr'><strong>Bibliotheca!</strong></span> <span class='ocrx_word' id='word_1_118' title='bbox 1997 1192 2277 1272; x_wconf 81' lang='lat' dir='ltr'><strong>Princip.</strong></span> <span class='ocrx_word' id='word_1_119' title='bbox 2312 1191 2720 1255; x_wconf 87' lang='lat' dir='ltr'><strong>Vinarieusis</strong></span> <span class='ocrx_word' id='word_1_120' title='bbox 2763 1213 2779 1253; x_wconf 90' lang='lat'><strong>:</strong></span> <span class='ocrx_word' id='word_1_121' title='bbox 2818 1192 3108 1267; x_wconf 75' lang='lat' dir='ltr'><strong>Constat,</strong></span> <span class='ocrx_word' id='word_1_122' title='bbox 3166 1191 3416 1269; x_wconf 86' lang='lat' dir='ltr'><strong>inquit,</strong></span> <span class='ocrx_word' id='word_1_123' title='bbox 3466 1187 3631 1255; x_wconf 81' lang='lat' dir='ltr'><strong>illud</strong></span> <span class='ocrx_word' id='word_1_124' title='bbox 3661 1187 3831 1271; x_wconf 78' lang='lat' dir='ltr'><strong>quod</strong></span> 
     </span>
    </p>
   </div>
   <div class='ocr_carea' id='block_1_12' title="bbox 523 1290 3830 1374">
    <p class='ocr_par' dir='ltr' id='par_1_12' title="bbox 523 1290 3830 1374">
     <span class='ocr_line' id='line_1_12' title="bbox 523 1290 3830 1374; baseline -0.005 -10"><span class='ocrx_word' id='word_1_125' title='bbox 523 1318 699 1365; x_wconf 80' lang='lat' dir='ltr'><strong>nemo</strong></span> <span class='ocrx_word' id='word_1_126' title='bbox 727 1297 951 1366; x_wconf 86' lang='lat' dir='ltr'><strong>nescit,</strong></span> <span class='ocrx_word' id='word_1_127' title='bbox 989 1294 1256 1368; x_wconf 82' lang='lat' dir='ltr'><strong>duabus,</strong></span> <span class='ocrx_word' id='word_1_128' title='bbox 1288 1302 1360 1356; x_wconf 83' lang='lat' dir='ltr'><strong>ut</strong></span> <span class='ocrx_word' id='word_1_129' title='bbox 1386 1292 1633 1374; x_wconf 84' lang='lat' dir='ltr'><strong>quidem</strong></span> <span class='ocrx_word' id='word_1_130' title='bbox 1659 1291 1838 1355; x_wconf 81' lang='lat' dir='ltr'><strong>hodie</strong></span> <span class='ocrx_word' id='word_1_131' title='bbox 1869 1290 2104 1353; x_wconf 80' lang='lat' dir='ltr'><strong>eruditi</strong></span> <span class='ocrx_word' id='word_1_132' title='bbox 2139 1291 2383 1360; x_wconf 80' lang='lat' dir='ltr'><strong>volunt,</strong></span> <span class='ocrx_word' id='word_1_133' title='bbox 2424 1291 2741 1372; x_wconf 81' lang='lat' dir='ltr'><strong>partibus,</strong></span> <span class='ocrx_word' id='word_1_134' title='bbox 2790 1308 3057 1373; x_wconf 81' lang='lat' dir='ltr'><strong>quorum</strong></span> <span class='ocrx_word' id='word_1_135' title='bbox 3088 1291 3274 1371; x_wconf 87' lang='lat' dir='ltr'><strong>prior</strong></span> <span class='ocrx_word' id='word_1_136' title='bbox 3318 1299 3565 1373; x_wconf 64' lang='lat' dir='ltr'><strong>xpoviaoi</strong></span> <span class='ocrx_word' id='word_1_137' title='bbox 3606 1295 3830 1361; x_wconf 74' lang='grc' dir='ltr'><strong>κανόνες</strong></span> 
     </span>
    </p>
   </div>
   <div class='ocr_carea' id='block_1_13' title="bbox 527 1384 2099 1480">
    <p class='ocr_par' dir='ltr' id='par_1_13' title="bbox 527 1398 2095 1480">
     <span class='ocr_line' id='line_1_13' title="bbox 527 1398 2095 1480; baseline -0.007 -13"><span class='ocrx_word' id='word_1_138' title='bbox 527 1406 874 1469; x_wconf 78' lang='grc' dir='ltr'><strong>παντοδαπῆς</strong></span> <span class='ocrx_word' id='word_1_139' title='bbox 914 1408 1147 1480; x_wconf 73' lang='grc' dir='ltr'><strong>ἱστορίας</strong></span> <span class='ocrx_word' id='word_1_140' title='bbox 1189 1398 1520 1478; x_wconf 86' lang='lat' dir='ltr'><strong>inscripta,</strong></span> <span class='ocrx_word' id='word_1_141' title='bbox 1553 1398 1666 1458; x_wconf 79' lang='grc' dir='ltr'><strong>καθ’</strong></span> <span class='ocrx_word' id='word_1_142' title='bbox 1697 1398 1873 1478; x_wconf 79' lang='grc' dir='ltr'>ὁμὰδα</span> <span class='ocrx_word' id='word_1_143' title='bbox 1900 1417 1919 1457; x_wconf 90' lang='lat'><strong><em>:</em></strong></span> <span class='ocrx_word' id='word_1_144' title='bbox 1949 1403 2095 1477; x_wconf 86' lang='lat' dir='ltr'><strong>post</strong></span> 
     </span>
    </p>
   </div>
   <div class='ocr_carea' id='block_1_14' title="bbox 2258 1384 3830 1480">
    <p class='ocr_par' dir='ltr' id='par_1_14' title="bbox 2258 1391 3830 1477">
     <span class='ocr_line' id='line_1_14' title="bbox 2258 1391 3830 1477; baseline -0.005 -18"><span class='ocrx_word' id='word_1_145' title='bbox 2258 1414 2269 1426; x_wconf 90' lang='lat'><strong>&#39;</strong></span> <span class='ocrx_word' id='word_1_146' title='bbox 2303 1405 2482 1459; x_wconf 72' lang='grc' dir='ltr'><strong>Κανών</strong></span> <span class='ocrx_word' id='word_1_147' title='bbox 2514 1403 2789 1477; x_wconf 78' lang='grc' dir='ltr'><strong>Χρονικός.</strong></span> <span class='ocrx_word' id='word_1_148' title='bbox 2820 1404 2978 1477; x_wconf 82' lang='lat' dir='ltr'><strong>puta</strong></span> <span class='ocrx_word' id='word_1_149' title='bbox 3041 1401 3173 1459; x_wconf 81' lang='grc' dir='ltr'><strong>κατὰ</strong></span> <span class='ocrx_word' id='word_1_150' title='bbox 3202 1399 3427 1473; x_wconf 78' lang='grc' dir='ltr'><strong>πλάτος,</strong></span> <span class='ocrx_word' id='word_1_151' title='bbox 3456 1398 3530 1459; x_wconf 75' lang='lat' dir='ltr'><strong>ut</strong></span> <span class='ocrx_word' id='word_1_152' title='bbox 3552 1391 3830 1474; x_wconf 77' lang='lat' dir='ltr'><strong>loquun—</strong></span> 
     </span>
    </p>
   </div>
   <div class='ocr_carea' id='block_1_15' title="bbox 529 1494 3830 1584">
    <p class='ocr_par' dir='ltr' id='par_1_15' title="bbox 529 1494 3830 1584">
     <span class='ocr_line' id='line_1_15' title="bbox 529 1494 3830 1584; baseline -0.005 -16"><span class='ocrx_word' id='word_1_153' title='bbox 529 1516 665 1584; x_wconf 74' lang='lat' dir='ltr'><strong>tur,</strong></span> <span class='ocrx_word' id='word_1_154' title='bbox 702 1511 1097 1583; x_wconf 81' lang='grc' dir='ltr'><strong>ἐστοιχείωται.</strong></span> <span class='ocrx_word' id='word_1_155' title='bbox 1139 1501 1281 1578; x_wconf 82' lang='lat' dir='ltr'><strong>Qua</strong></span> <span class='ocrx_word' id='word_1_156' title='bbox 1314 1499 1387 1562; x_wconf 88' lang='lat' dir='ltr'><strong>de</strong></span> <span class='ocrx_word' id='word_1_157' title='bbox 1418 1517 1512 1574; x_wconf 83' lang='lat' dir='ltr'><strong>re,</strong></span> <span class='ocrx_word' id='word_1_158' title='bbox 1540 1498 1596 1560; x_wconf 86' lang='lat' dir='ltr'><strong>si</strong></span> <span class='ocrx_word' id='word_1_159' title='bbox 1619 1507 1765 1579; x_wconf 86' lang='lat' dir='ltr'><strong>post</strong></span> <span class='ocrx_word' id='word_1_160' title='bbox 1800 1499 2216 1579; x_wconf 84' lang='lat' dir='ltr'><strong>Scaligerum,</strong></span> <span class='ocrx_word' id='word_1_161' title='bbox 2239 1497 2435 1578; x_wconf 82' lang='lat' dir='ltr'><strong>plura</strong></span> <span class='ocrx_word' id='word_1_162' title='bbox 2465 1497 2756 1573; x_wconf 81' lang='lat' dir='ltr'><strong>dicerem,</strong></span> <span class='ocrx_word' id='word_1_163' title='bbox 2790 1514 3037 1578; x_wconf 78' lang='lat' dir='ltr'><strong>operam</strong></span> <span class='ocrx_word' id='word_1_164' title='bbox 3071 1495 3319 1561; x_wconf 83' lang='lat' dir='ltr'><strong>omnino</strong></span> <span class='ocrx_word' id='word_1_165' title='bbox 3356 1501 3415 1557; x_wconf 80' lang='lat' dir='ltr'><strong>et</strong></span> <span class='ocrx_word' id='word_1_166' title='bbox 3451 1494 3654 1559; x_wconf 83' lang='lat' dir='ltr'><strong>oleum</strong></span> <span class='ocrx_word' id='word_1_167' title='bbox 3678 1509 3830 1574; x_wconf 81' lang='lat' dir='ltr'><strong>per-</strong></span> 
     </span>
    </p>
   </div>
   <div class='ocr_carea' id='block_1_16' title="bbox 514 1595 3829 1679">
    <p class='ocr_par' dir='ltr' id='par_1_16' title="bbox 514 1595 3829 1679">
     <span class='ocr_line' id='line_1_16' title="bbox 514 1595 3829 1679; baseline -0.004 -12"><span class='ocrx_word' id='word_1_168' title='bbox 514 1610 755 1672; x_wconf 53' lang='lat' dir='ltr'><strong>.derem.</strong></span> <span class='ocrx_word' id='word_1_169' title='bbox 794 1607 1028 1667; x_wconf 85' lang='lat' dir='ltr'><strong>Saltem</strong></span> <span class='ocrx_word' id='word_1_170' title='bbox 1059 1603 1442 1667; x_wconf 85' lang='lat' dir='ltr'><strong>successerit</strong></span> <span class='ocrx_word' id='word_1_171' title='bbox 1468 1621 1503 1666; x_wconf 90' lang='lat' dir='ltr'><strong>e</strong></span> <span class='ocrx_word' id='word_1_172' title='bbox 1534 1602 1853 1665; x_wconf 89' lang='lat' dir='ltr'><strong>sententia</strong></span> <span class='ocrx_word' id='word_1_173' title='bbox 1887 1602 2095 1673; x_wconf 90' lang='lat' dir='ltr'><strong>nobis,</strong></span> <span class='ocrx_word' id='word_1_174' title='bbox 2135 1600 2248 1679; x_wconf 90' lang='lat' dir='ltr'><strong>qui</strong></span> <span class='ocrx_word' id='word_1_175' title='bbox 2271 1607 2495 1665; x_wconf 88' lang='lat' dir='ltr'><strong>contra</strong></span> <span class='ocrx_word' id='word_1_176' title='bbox 2528 1598 2925 1679; x_wconf 88' lang='lat' dir='ltr'><strong>Scaligerum</strong></span> <span class='ocrx_word' id='word_1_177' title='bbox 2955 1597 3354 1663; x_wconf 77' lang='lat' dir='ltr'><strong>diximus:et</strong></span> <span class='ocrx_word' id='word_1_178' title='bbox 3384 1596 3551 1675; x_wconf 90' lang='lat' dir='ltr'><strong>quod</strong></span> <span class='ocrx_word' id='word_1_179' title='bbox 3581 1595 3829 1659; x_wconf 85' lang='lat' dir='ltr'><strong>certum</strong></span> 
     </span>
    </p>
   </div>
   <div class='ocr_carea' id='block_1_17' title="bbox 527 1696 3831 1780">
    <p class='ocr_par' dir='ltr' id='par_1_17' title="bbox 527 1696 3831 1780">
     <span class='ocr_line' id='line_1_17' title="bbox 527 1696 3831 1780; baseline -0.004 -8"><span class='ocrx_word' id='word_1_180' title='bbox 527 1712 844 1773; x_wconf 81' lang='lat' dir='ltr'><strong>hactenus</strong></span> <span class='ocrx_word' id='word_1_181' title='bbox 881 1708 1085 1769; x_wconf 88' lang='lat' dir='ltr'><strong>visum</strong></span> <span class='ocrx_word' id='word_1_182' title='bbox 1119 1710 1217 1768; x_wconf 88' lang='lat' dir='ltr'><strong>est</strong></span> <span class='ocrx_word' id='word_1_183' title='bbox 1256 1705 1408 1767; x_wconf 91' lang='lat' dir='ltr'><strong>viris</strong></span> <span class='ocrx_word' id='word_1_184' title='bbox 1462 1704 1875 1779; x_wconf 87' lang='lat' dir='ltr'><strong>doctissimis,</strong></span> <span class='ocrx_word' id='word_1_185' title='bbox 1927 1721 2069 1767; x_wconf 82' lang='lat' dir='ltr'><strong>esse</strong></span> <span class='ocrx_word' id='word_1_186' title='bbox 2101 1702 2548 1779; x_wconf 76' lang='lat' dir='ltr'><strong>falsissimum,</strong></span> <span class='ocrx_word' id='word_1_187' title='bbox 2594 1702 2877 1780; x_wconf 84' lang='lat' dir='ltr'><strong>invictis,</strong></span> <span class='ocrx_word' id='word_1_188' title='bbox 2925 1707 2994 1763; x_wconf 92' lang='lat' dir='ltr'><strong>ut</strong></span> <span class='ocrx_word' id='word_1_189' title='bbox 3029 1699 3213 1765; x_wconf 87' lang='lat' dir='ltr'><strong>nobis</strong></span> <span class='ocrx_word' id='word_1_190' title='bbox 3247 1698 3505 1778; x_wconf 87' lang='lat' dir='ltr'><strong>quidem</strong></span> <span class='ocrx_word' id='word_1_191' title='bbox 3554 1696 3831 1772; x_wconf 87' lang='lat' dir='ltr'><strong>videtur,</strong></span> 
     </span>
    </p>
   </div>
   <div class='ocr_carea' id='block_1_18' title="bbox 529 1807 1383 1890">
    <p class='ocr_par' dir='ltr' id='par_1_18' title="bbox 529 1807 1383 1890">
     <span class='ocr_line' id='line_1_18' title="bbox 529 1807 1383 1890; baseline -0.011 -16"><span class='ocrx_word' id='word_1_192' title='bbox 529 1810 930 1890; x_wconf 80' lang='lat' dir='ltr'><strong>argumentis</strong></span> <span class='ocrx_word' id='word_1_193' title='bbox 961 1807 1383 1870; x_wconf 85' lang='lat' dir='ltr'><strong>ostendimus.</strong></span> 
     </span>
    </p>
   </div>
   <div class='ocr_carea' id='block_1_19' title="bbox 612 1903 3837 1995">
    <p class='ocr_par' dir='ltr' id='par_1_19' title="bbox 612 1903 3837 1995">
     <span class='ocr_line' id='line_1_19' title="bbox 612 1903 3837 1995; baseline -0.005 -15"><span class='ocrx_word' id='word_1_194' title='bbox 612 1919 821 1995; x_wconf 87' lang='lat' dir='ltr'><strong>Atque</strong></span> <span class='ocrx_word' id='word_1_195' title='bbox 854 1915 987 1976; x_wconf 69' lang='lat' dir='ltr'><strong>base</strong></span> <span class='ocrx_word' id='word_1_196' title='bbox 1014 1914 1092 1975; x_wconf 89' lang='lat' dir='ltr'><strong>de</strong></span> <span class='ocrx_word' id='word_1_197' title='bbox 1120 1913 1409 1975; x_wconf 85' lang='lat' dir='ltr'><strong>Eusebio</strong></span> <span class='ocrx_word' id='word_1_198' title='bbox 1431 1908 1702 1990; x_wconf 86' lang='lat' dir='ltr'><strong>ejusque</strong></span> <span class='ocrx_word' id='word_1_199' title='bbox 1729 1924 1924 1987; x_wconf 81' lang='lat' dir='ltr'><strong>Opere</strong></span> <span class='ocrx_word' id='word_1_200' title='bbox 1956 1907 2078 1969; x_wconf 91' lang='lat' dir='ltr'><strong>isto</strong></span> <span class='ocrx_word' id='word_1_201' title='bbox 2110 1906 2415 1969; x_wconf 89' lang='lat' dir='ltr'><strong>chronico</strong></span> <span class='ocrx_word' id='word_1_202' title='bbox 2460 1907 2629 1969; x_wconf 88' lang='lat' dir='ltr'><strong>dicta</strong></span> <span class='ocrx_word' id='word_1_203' title='bbox 2669 1904 3017 1981; x_wconf 74' lang='lat' dir='ltr'><strong>sufﬁciant,</strong></span> <span class='ocrx_word' id='word_1_204' title='bbox 3075 1911 3143 1968; x_wconf 94' lang='lat' dir='ltr'><strong>ut</strong></span> <span class='ocrx_word' id='word_1_205' title='bbox 3174 1922 3292 1967; x_wconf 87' lang='lat' dir='ltr'><strong>sua</strong></span> <span class='ocrx_word' id='word_1_206' title='bbox 3329 1903 3384 1965; x_wconf 91' lang='lat' dir='ltr'><strong>ei</strong></span> <span class='ocrx_word' id='word_1_207' title='bbox 3421 1903 3587 1966; x_wconf 88' lang='lat' dir='ltr'><strong>ratio</strong></span> <span class='ocrx_word' id='word_1_208' title='bbox 3634 1907 3837 1980; x_wconf 88' lang='lat' dir='ltr'><strong>atque</strong></span> 
     </span>
    </p>
   </div>
   <div class='ocr_carea' id='block_1_20' title="bbox 529 2005 3839 2102">
    <p class='ocr_par' dir='ltr' id='par_1_20' title="bbox 529 2005 3839 2102">
     <span class='ocr_line' id='line_1_20' title="bbox 529 2005 3839 2102; baseline -0.005 -19"><span class='ocrx_word' id='word_1_209' title='bbox 529 2022 863 2102; x_wconf 77' lang='lat' dir='ltr'><strong>integritas</strong></span> <span class='ocrx_word' id='word_1_210' title='bbox 897 2025 1213 2081; x_wconf 87' lang='lat' dir='ltr'><strong>constent.</strong></span> <span class='ocrx_word' id='word_1_211' title='bbox 1268 2019 1341 2078; x_wconf 89' lang='lat' dir='ltr'><strong>lu</strong></span> <span class='ocrx_word' id='word_1_212' title='bbox 1396 2015 1687 2093; x_wconf 86' lang='lat' dir='ltr'><strong>reliquis,</strong></span> <span class='ocrx_word' id='word_1_213' title='bbox 1719 2030 1863 2091; x_wconf 73' lang='lat' dir='ltr'><strong>quae</strong></span> <span class='ocrx_word' id='word_1_214' title='bbox 1916 2029 2073 2074; x_wconf 89' lang='lat' dir='ltr'><strong>sane</strong></span> <span class='ocrx_word' id='word_1_215' title='bbox 2124 2014 2324 2077; x_wconf 86' lang='lat' dir='ltr'><strong>multa</strong></span> <span class='ocrx_word' id='word_1_216' title='bbox 2358 2011 2648 2091; x_wconf 84' lang='lat' dir='ltr'><strong>Scaliger</strong></span> <span class='ocrx_word' id='word_1_217' title='bbox 2681 2016 2878 2089; x_wconf 89' lang='lat' dir='ltr'><strong>atque</strong></span> <span class='ocrx_word' id='word_1_218' title='bbox 2915 2011 2980 2077; x_wconf 92' lang='lat' dir='ltr'><strong>in</strong></span> <span class='ocrx_word' id='word_1_219' title='bbox 3024 2028 3225 2073; x_wconf 87' lang='lat' dir='ltr'><strong>unum</strong></span> <span class='ocrx_word' id='word_1_220' title='bbox 3280 2008 3549 2073; x_wconf 84' lang='lat' dir='ltr'><strong>collecta</strong></span> <span class='ocrx_word' id='word_1_221' title='bbox 3606 2005 3839 2089; x_wconf 79' lang='lat' dir='ltr'><strong>grandi</strong></span> 
     </span>
    </p>
   </div>
   <div class='ocr_carea' id='block_1_21' title="bbox 528 2109 3841 2204">
    <p class='ocr_par' dir='ltr' id='par_1_21' title="bbox 528 2109 3841 2204">
     <span class='ocr_line' id='line_1_21' title="bbox 528 2109 3841 2204; baseline -0.006 -15"><span class='ocrx_word' id='word_1_222' title='bbox 528 2127 720 2204; x_wconf 90' lang='lat' dir='ltr'><strong>quasi</strong></span> <span class='ocrx_word' id='word_1_223' title='bbox 759 2128 1075 2204; x_wconf 86' lang='lat' dir='ltr'><strong>apparatu</strong></span> <span class='ocrx_word' id='word_1_224' title='bbox 1113 2120 1177 2182; x_wconf 92' lang='lat' dir='ltr'><strong>in</strong></span> <span class='ocrx_word' id='word_1_225' title='bbox 1210 2117 1581 2197; x_wconf 63' lang='lat' dir='ltr'><strong>praefatione</strong></span> <span class='ocrx_word' id='word_1_226' title='bbox 1612 2116 1917 2194; x_wconf 79' lang='lat' dir='ltr'><strong>explicat,</strong></span> <span class='ocrx_word' id='word_1_227' title='bbox 1975 2122 2040 2179; x_wconf 87' lang='lat' dir='ltr'><strong>et</strong></span> <span class='ocrx_word' id='word_1_228' title='bbox 2088 2116 2298 2194; x_wconf 59' lang='lat' dir='ltr'><strong>culpa;</strong></span> <span class='ocrx_word' id='word_1_229' title='bbox 2349 2115 2533 2179; x_wconf 84' lang='lat' dir='ltr'><strong>vertit</strong></span> <span class='ocrx_word' id='word_1_230' title='bbox 2584 2114 2888 2191; x_wconf 87' lang='lat' dir='ltr'><strong>Eusebio,</strong></span> <span class='ocrx_word' id='word_1_231' title='bbox 2944 2112 3235 2175; x_wconf 78' lang='lat' dir='ltr'><strong>conferre</strong></span> <span class='ocrx_word' id='word_1_232' title='bbox 3289 2111 3393 2179; x_wconf 85' lang='lat' dir='ltr'><strong>hic</strong></span> <span class='ocrx_word' id='word_1_233' title='bbox 3438 2109 3661 2189; x_wconf 81' lang='lat' dir='ltr'><strong>pedem</strong></span> <span class='ocrx_word' id='word_1_234' title='bbox 3719 2126 3841 2173; x_wconf 87' lang='lat' dir='ltr'><strong>nec</strong></span> 
     </span>
    </p>
   </div>
   <div class='ocr_carea' id='block_1_22' title="bbox 530 2217 3842 2305">
    <p class='ocr_par' dir='ltr' id='par_1_22' title="bbox 530 2217 3842 2305">
     <span class='ocr_line' id='line_1_22' title="bbox 530 2217 3842 2305; baseline -0.004 -13"><span class='ocrx_word' id='word_1_235' title='bbox 530 2234 714 2302; x_wconf 83' lang='lat' dir='ltr'><strong>libet,</strong></span> <span class='ocrx_word' id='word_1_236' title='bbox 764 2248 879 2291; x_wconf 89' lang='lat' dir='ltr'><strong>nec</strong></span> <span class='ocrx_word' id='word_1_237' title='bbox 936 2243 1149 2305; x_wconf 87' lang='lat' dir='ltr'><strong>operae</strong></span> <span class='ocrx_word' id='word_1_238' title='bbox 1186 2226 1463 2304; x_wconf 88' lang='lat' dir='ltr'><strong>pretium</strong></span> <span class='ocrx_word' id='word_1_239' title='bbox 1515 2230 1635 2299; x_wconf 89' lang='lat' dir='ltr'><strong>est,</strong></span> <span class='ocrx_word' id='word_1_240' title='bbox 1673 2220 1933 2300; x_wconf 91' lang='lat' dir='ltr'><strong>quando</strong></span> <span class='ocrx_word' id='word_1_241' title='bbox 1988 2222 2367 2302; x_wconf 87' lang='lat' dir='ltr'><strong>singillatim</strong></span> <span class='ocrx_word' id='word_1_242' title='bbox 2424 2223 2488 2281; x_wconf 93' lang='lat' dir='ltr'><strong>in</strong></span> <span class='ocrx_word' id='word_1_243' title='bbox 2529 2221 2706 2283; x_wconf 89' lang='lat' dir='ltr'><strong>Notis</strong></span> <span class='ocrx_word' id='word_1_244' title='bbox 2741 2222 2876 2283; x_wconf 87' lang='lat' dir='ltr'><strong>suis</strong></span> <span class='ocrx_word' id='word_1_245' title='bbox 2908 2236 3186 2300; x_wconf 74' lang='lat' dir='ltr'><strong>qumque</strong></span> <span class='ocrx_word' id='word_1_246' title='bbox 3239 2219 3394 2285; x_wconf 88' lang='lat' dir='ltr'><strong>locis</strong></span> <span class='ocrx_word' id='word_1_247' title='bbox 3441 2217 3842 2281; x_wconf 78' lang='lat' dir='ltr'><strong>eventilavi-</strong></span> 
     </span>
    </p>
   </div>
   <div class='ocr_carea' id='block_1_23' title="bbox 534 2317 3840 2409">
    <p class='ocr_par' dir='ltr' id='par_1_23' title="bbox 534 2317 3840 2409">
     <span class='ocr_line' id='line_1_23' title="bbox 534 2317 3840 2409; baseline -0.005 -16"><span class='ocrx_word' id='word_1_248' title='bbox 534 2349 707 2403; x_wconf 86' lang='lat' dir='ltr'><strong>mus,</strong></span> <span class='ocrx_word' id='word_1_249' title='bbox 744 2347 890 2409; x_wconf 57' lang='lat' dir='ltr'><strong>quas</strong></span> <span class='ocrx_word' id='word_1_250' title='bbox 922 2328 1026 2391; x_wconf 90' lang='lat' dir='ltr'><strong>ille</strong></span> <span class='ocrx_word' id='word_1_251' title='bbox 1054 2329 1182 2391; x_wconf 90' lang='lat' dir='ltr'><strong>huc</strong></span> <span class='ocrx_word' id='word_1_252' title='bbox 1219 2324 1467 2388; x_wconf 88' lang='lat' dir='ltr'><strong>videtur</strong></span> <span class='ocrx_word' id='word_1_253' title='bbox 1495 2323 1572 2385; x_wconf 87' lang='lat' dir='ltr'><strong>ad</strong></span> <span class='ocrx_word' id='word_1_254' title='bbox 1620 2324 1925 2386; x_wconf 84' lang='lat' dir='ltr'><strong>invidiam</strong></span> <span class='ocrx_word' id='word_1_255' title='bbox 1960 2322 2347 2387; x_wconf 74' lang='lat' dir='ltr'><strong>Eusebiante</strong></span> <span class='ocrx_word' id='word_1_256' title='bbox 2409 2321 2743 2385; x_wconf 59' lang='lat' dir='ltr'><strong>industria;</strong></span> <span class='ocrx_word' id='word_1_257' title='bbox 2797 2321 3142 2384; x_wconf 87' lang='lat' dir='ltr'><strong>creandam</strong></span> <span class='ocrx_word' id='word_1_258' title='bbox 3184 2319 3399 2385; x_wconf 90' lang='lat' dir='ltr'><strong>denuo</strong></span> <span class='ocrx_word' id='word_1_259' title='bbox 3455 2317 3840 2381; x_wconf 85' lang='lat' dir='ltr'><strong>contulisse.</strong></span> 
     </span>
    </p>
   </div>
   <div class='ocr_carea' id='block_1_24' title="bbox 537 2423 2109 2512">
    <p class='ocr_par' dir='ltr' id='par_1_24' title="bbox 537 2427 2109 2512">
     <span class='ocr_line' id='line_1_24' title="bbox 537 2427 2109 2512; baseline -0.009 -11"><span class='ocrx_word' id='word_1_260' title='bbox 537 2434 700 2501; x_wconf 88' lang='lat' dir='ltr'><strong>Sunt</strong></span> <span class='ocrx_word' id='word_1_261' title='bbox 741 2434 995 2512; x_wconf 87' lang='lat' dir='ltr'><strong>quidem</strong></span> <span class='ocrx_word' id='word_1_262' title='bbox 1034 2452 1114 2495; x_wconf 76' lang='lat' dir='ltr'><strong>ex</strong></span> <span class='ocrx_word' id='word_1_263' title='bbox 1155 2432 1259 2508; x_wconf 90' lang='lat' dir='ltr'><strong>iis,</strong></span> <span class='ocrx_word' id='word_1_264' title='bbox 1289 2446 1435 2508; x_wconf 67' lang='lat' dir='ltr'><strong>quae</strong></span> <span class='ocrx_word' id='word_1_265' title='bbox 1466 2427 1571 2491; x_wconf 85' lang='lat' dir='ltr'><strong>ille</strong></span> <span class='ocrx_word' id='word_1_266' title='bbox 1607 2434 1955 2508; x_wconf 77' lang='grc' dir='ltr'><strong>παροράματα</strong></span> <span class='ocrx_word' id='word_1_267' title='bbox 1987 2431 2051 2488; x_wconf 90' lang='lat' dir='ltr'><strong>et</strong></span> <span class='ocrx_word' id='word_1_268' title='bbox 2090 2454 2109 2487; x_wconf 70' lang='grc' dir='ltr'><em>ο</em></span> 
     </span>
    </p>
   </div>
   <div class='ocr_carea' id='block_1_25' title="bbox 2272 2423 3844 2512">
    <p class='ocr_par' dir='ltr' id='par_1_25' title="bbox 2272 2423 3844 2497">
     <span class='ocr_line' id='line_1_25' title="bbox 2272 2423 3844 2497; baseline -0.003 -11"><span class='ocrx_word' id='word_1_269' title='bbox 2272 2452 2398 2497; x_wconf 68' lang='lat' dir='ltr'><strong>mra,</strong></span> <span class='ocrx_word' id='word_1_270' title='bbox 2435 2423 2975 2487; x_wconf 86' lang='lat' dir='ltr'><strong>hallucinationes</strong></span> <span class='ocrx_word' id='word_1_271' title='bbox 3027 2429 3085 2485; x_wconf 92' lang='lat' dir='ltr'><strong>et</strong></span> <span class='ocrx_word' id='word_1_272' title='bbox 3128 2440 3380 2485; x_wconf 89' lang='lat' dir='ltr'><strong>errores</strong></span> <span class='ocrx_word' id='word_1_273' title='bbox 3419 2428 3630 2495; x_wconf 87' lang='lat' dir='ltr'><strong>vocat,</strong></span> <span class='ocrx_word' id='word_1_274' title='bbox 3677 2437 3844 2481; x_wconf 83' lang='lat' dir='ltr'><strong>non-</strong></span> 
     </span>
    </p>
   </div>
   <div class='ocr_carea' id='block_1_26' title="bbox 537 2521 3850 2613">
    <p class='ocr_par' dir='ltr' id='par_1_26' title="bbox 537 2521 3850 2613">
     <span class='ocr_line' id='line_1_26' title="bbox 537 2521 3850 2613; baseline -0.003 -17"><span class='ocrx_word' id='word_1_275' title='bbox 537 2536 747 2612; x_wconf 88' lang='lat' dir='ltr'><strong>nulla,</strong></span> <span class='ocrx_word' id='word_1_276' title='bbox 774 2552 919 2613; x_wconf 65' lang='lat' dir='ltr'><strong>quae</strong></span> <span class='ocrx_word' id='word_1_277' title='bbox 946 2522 1110 2597; x_wconf 77' lang='lat' dir='ltr'><strong>tueri</strong></span> <span class='ocrx_word' id='word_1_278' title='bbox 1164 2529 1484 2592; x_wconf 87' lang='lat' dir='ltr'><strong>mordicus</strong></span> <span class='ocrx_word' id='word_1_279' title='bbox 1532 2528 1730 2595; x_wconf 87' lang='lat' dir='ltr'><strong>nolim</strong></span> <span class='ocrx_word' id='word_1_280' title='bbox 1764 2548 1779 2588; x_wconf 90' lang='lat'><strong>:</strong></span> <span class='ocrx_word' id='word_1_281' title='bbox 1813 2542 2213 2605; x_wconf 86' lang='lat' dir='ltr'><strong>quamquam</strong></span> <span class='ocrx_word' id='word_1_282' title='bbox 2260 2528 2431 2591; x_wconf 88' lang='lat' dir='ltr'><strong>enim</strong></span> <span class='ocrx_word' id='word_1_283' title='bbox 2477 2525 2826 2591; x_wconf 86' lang='lat' dir='ltr'><strong>Eusebium</strong></span> <span class='ocrx_word' id='word_1_284' title='bbox 2873 2524 3206 2605; x_wconf 87' lang='lat' dir='ltr'><strong>egregium</strong></span> <span class='ocrx_word' id='word_1_285' title='bbox 3246 2521 3474 2585; x_wconf 88' lang='lat' dir='ltr'><strong>veteris</strong></span> <span class='ocrx_word' id='word_1_286' title='bbox 3513 2521 3850 2585; x_wconf 72' lang='lat' dir='ltr'><strong>memoriae</strong></span> 
     </span>
    </p>
   </div>
   <div class='ocr_carea' id='block_1_27' title="bbox 536 2623 3853 2713">
    <p class='ocr_par' dir='ltr' id='par_1_27' title="bbox 536 2623 3853 2713">
     <span class='ocr_line' id='line_1_27' title="bbox 536 2623 3853 2713; baseline -0.003 -19"><span class='ocrx_word' id='word_1_287' title='bbox 536 2633 1060 2712; x_wconf 84' lang='lat' dir='ltr'><strong>investigatorem</strong></span> <span class='ocrx_word' id='word_1_288' title='bbox 1119 2628 1530 2710; x_wconf 86' lang='lat' dir='ltr'><strong>suspicimus,</strong></span> <span class='ocrx_word' id='word_1_289' title='bbox 1584 2626 1823 2713; x_wconf 82' lang='lat' dir='ltr'><strong>scimus</strong></span> <span class='ocrx_word' id='word_1_290' title='bbox 1874 2631 2083 2689; x_wconf 86' lang='lat' dir='ltr'><strong>tamen</strong></span> <span class='ocrx_word' id='word_1_291' title='bbox 2134 2625 2433 2688; x_wconf 73' lang='lat' dir='ltr'><strong>humanae</strong></span> <span class='ocrx_word' id='word_1_292' title='bbox 2470 2625 2734 2689; x_wconf 64' lang='lat' dir='ltr'><strong>incuriae</strong></span> <span class='ocrx_word' id='word_1_293' title='bbox 2787 2623 3119 2689; x_wconf 86' lang='lat' dir='ltr'><strong>erroribus</strong></span> <span class='ocrx_word' id='word_1_294' title='bbox 3173 2640 3356 2707; x_wconf 65' lang='lat' dir='ltr'><strong>asque</strong></span> <span class='ocrx_word' id='word_1_295' title='bbox 3406 2640 3483 2686; x_wconf 89' lang='lat' dir='ltr'><strong>ac</strong></span> <span class='ocrx_word' id='word_1_296' title='bbox 3542 2640 3658 2689; x_wconf 86' lang='lat' dir='ltr'><strong>nos</strong></span> <span class='ocrx_word' id='word_1_297' title='bbox 3714 2623 3853 2687; x_wconf 89' lang='lat' dir='ltr'><strong>ob-</strong></span> 
     </span>
    </p>
   </div>
   <div class='ocr_carea' id='block_1_28' title="bbox 538 2727 2656 2811">
    <p class='ocr_par' dir='ltr' id='par_1_28' title="bbox 538 2727 2656 2811">
     <span class='ocr_line' id='line_1_28' title="bbox 538 2727 2656 2811; baseline -0.004 -13"><span class='ocrx_word' id='word_1_298' title='bbox 538 2736 811 2798; x_wconf 80' lang='lat' dir='ltr'><strong>noxium</strong></span> <span class='ocrx_word' id='word_1_299' title='bbox 847 2756 862 2796; x_wconf 93' lang='lat'><strong>:</strong></span> <span class='ocrx_word' id='word_1_300' title='bbox 903 2734 968 2795; x_wconf 90' lang='lat' dir='ltr'><strong>in</strong></span> <span class='ocrx_word' id='word_1_301' title='bbox 997 2731 1323 2811; x_wconf 86' lang='lat' dir='ltr'><strong>plerisque</strong></span> <span class='ocrx_word' id='word_1_302' title='bbox 1354 2737 1568 2795; x_wconf 86' lang='lat' dir='ltr'><strong>autem</strong></span> <span class='ocrx_word' id='word_1_303' title='bbox 1598 2727 1739 2791; x_wconf 88' lang='lat' dir='ltr'><strong>aliis</strong></span> <span class='ocrx_word' id='word_1_304' title='bbox 1770 2728 1851 2788; x_wconf 91' lang='lat' dir='ltr'><strong>ab</strong></span> <span class='ocrx_word' id='word_1_305' title='bbox 1897 2728 2035 2807; x_wconf 86' lang='lat' dir='ltr'><strong>ejus</strong></span> <span class='ocrx_word' id='word_1_306' title='bbox 2071 2727 2359 2806; x_wconf 89' lang='lat' dir='ltr'><strong>partibus</strong></span> <span class='ocrx_word' id='word_1_307' title='bbox 2387 2735 2656 2791; x_wconf 85' lang='lat' dir='ltr'><strong>stamus.</strong></span> 
     </span>
    </p>
   </div>
   <div class='ocr_carea' id='block_1_29' title="bbox 622 2829 3856 2915">
    <p class='ocr_par' dir='ltr' id='par_1_29' title="bbox 622 2829 3856 2915">
     <span class='ocr_line' id='line_1_29' title="bbox 622 2829 3856 2915; baseline -0.001 -19"><span class='ocrx_word' id='word_1_308' title='bbox 622 2836 975 2899; x_wconf 86' lang='lat' dir='ltr'><strong>Veniamus</strong></span> <span class='ocrx_word' id='word_1_309' title='bbox 1015 2833 1091 2897; x_wconf 90' lang='lat' dir='ltr'><strong>ad</strong></span> <span class='ocrx_word' id='word_1_310' title='bbox 1128 2852 1305 2909; x_wconf 90' lang='lat' dir='ltr'><strong>eum,</strong></span> <span class='ocrx_word' id='word_1_311' title='bbox 1330 2832 1516 2915; x_wconf 87' lang='lat' dir='ltr'><strong>cujus</strong></span> <span class='ocrx_word' id='word_1_312' title='bbox 1545 2832 1680 2895; x_wconf 70' lang='lat' dir='ltr'><strong>hinc</strong></span> <span class='ocrx_word' id='word_1_313' title='bbox 1707 2831 1990 2897; x_wconf 83' lang='lat' dir='ltr'><strong>maxime</strong></span> <span class='ocrx_word' id='word_1_314' title='bbox 2020 2846 2220 2894; x_wconf 89' lang='lat' dir='ltr'><strong>causa</strong></span> <span class='ocrx_word' id='word_1_315' title='bbox 2249 2829 2574 2909; x_wconf 89' lang='lat' dir='ltr'><strong>disputata</strong></span> <span class='ocrx_word' id='word_1_316' title='bbox 2602 2838 2776 2903; x_wconf 86' lang='lat' dir='ltr'><strong>sunt,</strong></span> <span class='ocrx_word' id='word_1_317' title='bbox 2800 2837 3093 2894; x_wconf 88' lang='lat' dir='ltr'><strong>sanctum</strong></span> <span class='ocrx_word' id='word_1_318' title='bbox 3114 2830 3371 2899; x_wconf 87' lang='lat' dir='ltr'><strong>Eusebii</strong></span> <span class='ocrx_word' id='word_1_319' title='bbox 3401 2831 3856 2909; x_wconf 81' lang='lat' dir='ltr'><strong>interpretem,</strong></span> 
     </span>
    </p>
   </div>
   <div class='ocr_carea' id='block_1_30' title="bbox 540 2904 3980 3021">
    <p class='ocr_par' dir='ltr' id='par_1_30' title="bbox 540 2904 3980 3021">
     <span class='ocr_line' id='line_1_30' title="bbox 540 2904 3980 3021; baseline -0.002 -19"><span class='ocrx_word' id='word_1_320' title='bbox 540 2948 739 3021; x_wconf 88' lang='lat' dir='ltr'><strong>atque</strong></span> <span class='ocrx_word' id='word_1_321' title='bbox 767 2939 979 3018; x_wconf 84' lang='lat' dir='ltr'><strong>cperis</strong></span> <span class='ocrx_word' id='word_1_322' title='bbox 1018 2937 1093 2998; x_wconf 91' lang='lat' dir='ltr'><strong>ad</strong></span> <span class='ocrx_word' id='word_1_323' title='bbox 1124 2954 1242 2999; x_wconf 86' lang='lat' dir='ltr'><strong>sua</strong></span> <span class='ocrx_word' id='word_1_324' title='bbox 1289 2904 1501 3014; x_wconf 61' lang='lat' dir='ltr'><strong>usque</strong></span> <span class='ocrx_word' id='word_1_325' title='bbox 1547 2939 1838 3011; x_wconf 86' lang='lat' dir='ltr'><strong>tempora</strong></span> <span class='ocrx_word' id='word_1_326' title='bbox 1866 2904 2389 2997; x_wconf 81' lang='lat' dir='ltr'><strong>continuatorem</strong></span> <span class='ocrx_word' id='word_1_327' title='bbox 2434 2932 2906 3013; x_wconf 86' lang='lat' dir='ltr'><strong>Hieronymum</strong></span> <span class='ocrx_word' id='word_1_328' title='bbox 2944 2953 2959 2997; x_wconf 88' lang='lat'><strong>:</strong></span> <span class='ocrx_word' id='word_1_329' title='bbox 2998 2952 3190 3012; x_wconf 87' lang='lat' dir='ltr'><strong>quem</strong></span> <span class='ocrx_word' id='word_1_330' title='bbox 3232 2933 3490 3012; x_wconf 82' lang='lat' dir='ltr'><strong>quidem</strong></span> <span class='ocrx_word' id='word_1_331' title='bbox 3530 2904 3612 2993; x_wconf 56' lang='lat' dir='ltr'><strong>es</strong></span> <span class='ocrx_word' id='word_1_332' title='bbox 3650 2932 3857 3011; x_wconf 84' lang='lat' dir='ltr'><strong>hujus</strong></span> <span class='ocrx_word' id='word_1_333' title='bbox 3978 2904 3980 3019; x_wconf 57' lang='lat'>‘</span> 
     </span>
    </p>
   </div>
   <div class='ocr_carea' id='block_1_31' title="bbox 539 3034 3980 3123">
    <p class='ocr_par' dir='ltr' id='par_1_31' title="bbox 539 3034 3980 3123">
     <span class='ocr_line' id='line_1_31' title="bbox 539 3034 3980 3123; baseline -0.003 -16"><span class='ocrx_word' id='word_1_334' title='bbox 539 3043 1071 3123; x_wconf 88' lang='lat' dir='ltr'><strong>interpretatione</strong></span> <span class='ocrx_word' id='word_1_335' title='bbox 1103 3040 1279 3113; x_wconf 87' lang='lat' dir='ltr'><strong>libri,</strong></span> <span class='ocrx_word' id='word_1_336' title='bbox 1319 3046 1387 3101; x_wconf 88' lang='lat' dir='ltr'><strong>ut</strong></span> <span class='ocrx_word' id='word_1_337' title='bbox 1423 3043 1485 3099; x_wconf 90' lang='lat' dir='ltr'><strong>et</strong></span> <span class='ocrx_word' id='word_1_338' title='bbox 1536 3035 1803 3101; x_wconf 87' lang='lat' dir='ltr'><strong>alterius</strong></span> <span class='ocrx_word' id='word_1_339' title='bbox 1840 3034 2193 3098; x_wconf 85' lang='lat' dir='ltr'><strong>Eusebiani</strong></span> <span class='ocrx_word' id='word_1_340' title='bbox 2228 3035 2305 3097; x_wconf 89' lang='lat' dir='ltr'><strong>de</strong></span> <span class='ocrx_word' id='word_1_341' title='bbox 2350 3036 2738 3099; x_wconf 89' lang='lat' dir='ltr'><strong>Nominibus</strong></span> <span class='ocrx_word' id='word_1_342' title='bbox 2798 3036 3117 3108; x_wconf 85' lang='lat' dir='ltr'><strong>locorum,</strong></span> <span class='ocrx_word' id='word_1_343' title='bbox 3171 3035 3437 3099; x_wconf 75' lang='lat' dir='ltr'><strong>Eusebii</strong></span> <span class='ocrx_word' id='word_1_344' title='bbox 3475 3052 3859 3116; x_wconf 69' lang='lat' dir='ltr'><strong>prmnomen</strong></span> 
     </span>
    </p>
   </div>
   <div class='ocr_carea' id='block_1_32' title="bbox 540 3094 3980 3223">
    <p class='ocr_par' dir='ltr' id='par_1_32' title="bbox 540 3094 3980 3223">
     <span class='ocr_line' id='line_1_32' title="bbox 540 3094 3980 3223; baseline 0 -16"><span class='ocrx_word' id='word_1_345' title='bbox 540 3094 840 3211; x_wconf 50' lang='lat' dir='ltr'><strong>sortitum</strong></span> <span class='ocrx_word' id='word_1_346' title='bbox 865 3143 1060 3205; x_wconf 76' lang='lat' dir='ltr'><strong>fuisse</strong></span> <span class='ocrx_word' id='word_1_347' title='bbox 1089 3142 1243 3223; x_wconf 90' lang='lat' dir='ltr'><strong>(non</strong></span> <span class='ocrx_word' id='word_1_348' title='bbox 1264 3094 1451 3221; x_wconf 48' lang='lat' dir='ltr'><strong>,quod</strong></span> <span class='ocrx_word' id='word_1_349' title='bbox 1487 3143 1718 3207; x_wconf 87' lang='lat' dir='ltr'><strong>scitum</strong></span> <span class='ocrx_word' id='word_1_350' title='bbox 1761 3144 1956 3223; x_wconf 80' lang='lat' dir='ltr'><strong>vulgo</strong></span> <span class='ocrx_word' id='word_1_351' title='bbox 1981 3145 2105 3216; x_wconf 88' lang='lat' dir='ltr'><strong>est,</strong></span> <span class='ocrx_word' id='word_1_352' title='bbox 2139 3158 2175 3209; x_wconf 87' lang='lat' dir='ltr'><strong>a</strong></span> <span class='ocrx_word' id='word_1_353' title='bbox 2213 3144 2401 3209; x_wconf 90' lang='lat' dir='ltr'><strong>Patre</strong></span> <span class='ocrx_word' id='word_1_354' title='bbox 2436 3143 2741 3223; x_wconf 84' lang='lat' dir='ltr'><strong>Eusebio)</strong></span> <span class='ocrx_word' id='word_1_355' title='bbox 2783 3143 3122 3223; x_wconf 83' lang='lat' dir='ltr'><strong>Menagius</strong></span> <span class='ocrx_word' id='word_1_356' title='bbox 3154 3143 3231 3205; x_wconf 89' lang='lat' dir='ltr'><strong>ad</strong></span> <span class='ocrx_word' id='word_1_357' title='bbox 3274 3094 3604 3209; x_wconf 70' lang='lat' dir='ltr'><strong>Laertium</strong></span> <span class='ocrx_word' id='word_1_358' title='bbox 3643 3146 3868 3209; x_wconf 62' lang='grc' dir='ltr'><strong>θυίαν-</strong></span> <span class='ocrx_word' id='word_1_359' title='bbox 3978 3094 3980 3179; x_wconf 33' lang='grc' dir='ltr'>ι</span> 
     </span>
    </p>
   </div>
   <div class='ocr_carea' id='block_1_33' title="bbox 540 3242 3980 3322">
    <p class='ocr_par' dir='ltr' id='par_1_33' title="bbox 540 3242 3980 3322">
     <span class='ocr_line' id='line_1_33' title="bbox 540 3242 3980 3322; baseline -0.002 -13"><span class='ocrx_word' id='word_1_360' title='bbox 540 3253 715 3309; x_wconf 87' lang='lat' dir='ltr'><strong>mat:</strong></span> <span class='ocrx_word' id='word_1_361' title='bbox 748 3246 931 3309; x_wconf 89' lang='lat' dir='ltr'><strong>nobis</strong></span> <span class='ocrx_word' id='word_1_362' title='bbox 967 3251 1182 3311; x_wconf 89' lang='lat' dir='ltr'><strong>autem</strong></span> <span class='ocrx_word' id='word_1_363' title='bbox 1213 3243 1470 3322; x_wconf 88' lang='lat' dir='ltr'><strong>nugari,</strong></span> <span class='ocrx_word' id='word_1_364' title='bbox 1525 3244 1733 3321; x_wconf 86' lang='lat' dir='ltr'><strong>potius</strong></span> <span class='ocrx_word' id='word_1_365' title='bbox 1771 3261 1967 3316; x_wconf 90' lang='lat' dir='ltr'><strong>quam</strong></span> <span class='ocrx_word' id='word_1_366' title='bbox 2002 3245 2174 3306; x_wconf 89' lang='lat' dir='ltr'><strong>serio</strong></span> <span class='ocrx_word' id='word_1_367' title='bbox 2216 3242 2427 3305; x_wconf 86' lang='lat' dir='ltr'><strong>dicere</strong></span> <span class='ocrx_word' id='word_1_368' title='bbox 2479 3242 2653 3310; x_wconf 88' lang='lat' dir='ltr'><strong>visus</strong></span> <span class='ocrx_word' id='word_1_369' title='bbox 2685 3249 2780 3307; x_wconf 86' lang='lat' dir='ltr'><strong>est</strong></span> <span class='ocrx_word' id='word_1_370' title='bbox 2815 3264 2829 3306; x_wconf 93' lang='lat'><strong>:</strong></span> <span class='ocrx_word' id='word_1_371' title='bbox 2868 3242 2988 3304; x_wconf 86' lang='lat' dir='ltr'><strong>Sed</strong></span> <span class='ocrx_word' id='word_1_372' title='bbox 3026 3243 3163 3306; x_wconf 71' lang='lat' dir='ltr'><strong>hinc</strong></span> <span class='ocrx_word' id='word_1_373' title='bbox 3190 3243 3374 3313; x_wconf 84' lang='lat' dir='ltr'><strong>alias.</strong></span> <span class='ocrx_word' id='word_1_374' title='bbox 3430 3242 3862 3322; x_wconf 80' lang='lat' dir='ltr'><strong>Pmpositum</strong></span> <span class='ocrx_word' id='word_1_375' title='bbox 3978 3290 3980 3301; x_wconf 94' lang='lat'><strong>.</strong></span> 
     </span>
    </p>
   </div>
   <div class='ocr_carea' id='block_1_34' title="bbox 540 3330 3980 3428">
    <p class='ocr_par' dir='ltr' id='par_1_34' title="bbox 540 3330 3980 3428">
     <span class='ocr_line' id='line_1_34' title="bbox 540 3330 3980 3428; baseline -0.002 -18"><span class='ocrx_word' id='word_1_376' title='bbox 540 3351 718 3417; x_wconf 84' lang='lat' dir='ltr'><strong>hunc</strong></span> <span class='ocrx_word' id='word_1_377' title='bbox 747 3349 886 3428; x_wconf 81' lang='lat' dir='ltr'><strong>ejus</strong></span> <span class='ocrx_word' id='word_1_378' title='bbox 927 3348 1212 3411; x_wconf 87' lang='lat' dir='ltr'><strong>laborem</strong></span> <span class='ocrx_word' id='word_1_379' title='bbox 1245 3346 1415 3427; x_wconf 89' lang='lat' dir='ltr'><strong>quod</strong></span> <span class='ocrx_word' id='word_1_380' title='bbox 1463 3354 1729 3425; x_wconf 82' lang='lat' dir='ltr'><strong>spectat,</strong></span> <span class='ocrx_word' id='word_1_381' title='bbox 1774 3346 2006 3411; x_wconf 82' lang='lat' dir='ltr'><strong>fatetur</strong></span> <span class='ocrx_word' id='word_1_382' title='bbox 2056 3346 2193 3425; x_wconf 87' lang='lat' dir='ltr'><strong>ipse</strong></span> <span class='ocrx_word' id='word_1_383' title='bbox 2233 3330 2429 3411; x_wconf 85' lang='lat' dir='ltr'><strong>etiam</strong></span> <span class='ocrx_word' id='word_1_384' title='bbox 2466 3344 2778 3424; x_wconf 74' lang='lat' dir='ltr'><strong>Scaliger,</strong></span> <span class='ocrx_word' id='word_1_385' title='bbox 2816 3344 3066 3407; x_wconf 89' lang='lat' dir='ltr'><strong>nullum</strong></span> <span class='ocrx_word' id='word_1_386' title='bbox 3102 3345 3180 3408; x_wconf 91' lang='lat' dir='ltr'><strong>de</strong></span> <span class='ocrx_word' id='word_1_387' title='bbox 3227 3343 3470 3411; x_wconf 81' lang='lat' dir='ltr'><strong>Latinis</strong></span> <span class='ocrx_word' id='word_1_388' title='bbox 3515 3342 3869 3422; x_wconf 78' lang='lat' dir='ltr'><strong>scriptori-</strong></span> <span class='ocrx_word' id='word_1_389' title='bbox 3978 3336 3980 3359; x_wconf 92' lang='lat'>&#39;</span> 
     </span>
    </p>
   </div>
   <div class='ocr_carea' id='block_1_35' title="bbox 541 3446 3867 3528">
    <p class='ocr_par' dir='ltr' id='par_1_35' title="bbox 541 3446 3867 3528">
     <span class='ocr_line' id='line_1_35' title="bbox 541 3446 3867 3528; baseline -0.002 -13"><span class='ocrx_word' id='word_1_390' title='bbox 541 3453 665 3515; x_wconf 81' lang='lat' dir='ltr'><strong>bus</strong></span> <span class='ocrx_word' id='word_1_391' title='bbox 707 3456 992 3523; x_wconf 81' lang='lat' dir='ltr'><strong>exstare,</strong></span> <span class='ocrx_word' id='word_1_392' title='bbox 1032 3449 1133 3510; x_wconf 89' lang='lat' dir='ltr'><strong>cui</strong></span> <span class='ocrx_word' id='word_1_393' title='bbox 1179 3448 1320 3527; x_wconf 88' lang='lat' dir='ltr'><strong>plus</strong></span> <span class='ocrx_word' id='word_1_394' title='bbox 1370 3465 1565 3527; x_wconf 88' lang='lat' dir='ltr'><strong>quam</strong></span> <span class='ocrx_word' id='word_1_395' title='bbox 1601 3446 1999 3528; x_wconf 85' lang='lat' dir='ltr'><strong>Hieronymo</strong></span> <span class='ocrx_word' id='word_1_396' title='bbox 2049 3447 2324 3511; x_wconf 87' lang='lat' dir='ltr'><strong>debeant</strong></span> <span class='ocrx_word' id='word_1_397' title='bbox 2356 3448 2813 3513; x_wconf 69' lang='lat' dir='ltr'><strong>ecclesiasticas</strong></span> <span class='ocrx_word' id='word_1_398' title='bbox 2838 3448 3092 3515; x_wconf 72' lang='lat' dir='ltr'><strong>litteras.</strong></span> <span class='ocrx_word' id='word_1_399' title='bbox 3132 3456 3261 3513; x_wconf 87' lang='lat' dir='ltr'><strong>tam</strong></span> <span class='ocrx_word' id='word_1_400' title='bbox 3297 3447 3364 3509; x_wconf 91' lang='lat' dir='ltr'><strong>in</strong></span> <span class='ocrx_word' id='word_1_401' title='bbox 3407 3446 3530 3518; x_wconf 90' lang='lat' dir='ltr'><strong>his,</strong></span> <span class='ocrx_word' id='word_1_402' title='bbox 3576 3464 3725 3524; x_wconf 70' lang='lat' dir='ltr'><strong>qum</strong></span> <span class='ocrx_word' id='word_1_403' title='bbox 3772 3446 3867 3511; x_wconf 83' lang='lat' dir='ltr'><strong>ad</strong></span> 
     </span>
    </p>
   </div>
   <div class='ocr_carea' id='block_1_36' title="bbox 538 3548 3980 3631">
    <p class='ocr_par' dir='ltr' id='par_1_36' title="bbox 538 3548 3980 3631">
     <span class='ocr_line' id='line_1_36' title="bbox 538 3548 3980 3631; baseline -0.001 -18"><span class='ocrx_word' id='word_1_404' title='bbox 538 3551 823 3630; x_wconf 79' lang='lat' dir='ltr'><strong>origines</strong></span> <span class='ocrx_word' id='word_1_405' title='bbox 851 3565 1097 3623; x_wconf 79' lang='lat' dir='ltr'><strong>sacras,</strong></span> <span class='ocrx_word' id='word_1_406' title='bbox 1132 3566 1331 3628; x_wconf 83' lang='lat' dir='ltr'><strong>quam</strong></span> <span class='ocrx_word' id='word_1_407' title='bbox 1363 3565 1509 3627; x_wconf 80' lang='lat' dir='ltr'><strong>quae</strong></span> <span class='ocrx_word' id='word_1_408' title='bbox 1548 3548 1626 3613; x_wconf 89' lang='lat' dir='ltr'><strong>ad</strong></span> <span class='ocrx_word' id='word_1_409' title='bbox 1667 3549 2269 3627; x_wconf 84' lang='lat' dir='ltr'><strong>interpretationem</strong></span> <span class='ocrx_word' id='word_1_410' title='bbox 2300 3548 2669 3613; x_wconf 88' lang='lat' dir='ltr'><strong>divinorum</strong></span> <span class='ocrx_word' id='word_1_411' title='bbox 2706 3549 3024 3619; x_wconf 88' lang='lat' dir='ltr'><strong>librorum</strong></span> <span class='ocrx_word' id='word_1_412' title='bbox 3070 3552 3394 3629; x_wconf 85' lang='lat' dir='ltr'><strong>pertinent</strong></span> <span class='ocrx_word' id='word_1_413' title='bbox 3428 3570 3442 3611; x_wconf 89' lang='lat'><strong>:</strong></span> <span class='ocrx_word' id='word_1_414' title='bbox 3481 3566 3689 3626; x_wconf 81' lang='lat' dir='ltr'><strong>neque</strong></span> <span class='ocrx_word' id='word_1_415' title='bbox 3736 3549 3870 3617; x_wconf 84' lang='lat' dir='ltr'><strong>illo</strong></span> <span class='ocrx_word' id='word_1_416' title='bbox 3978 3628 3980 3631; x_wconf 19' lang='grc' dir='ltr'>ι</span> 
     </span>
    </p>
   </div>
   <div class='ocr_carea' id='block_1_37' title="bbox 426 3649 3868 3732">
    <p class='ocr_par' dir='ltr' id='par_1_37' title="bbox 426 3649 3868 3732">
     <span class='ocr_line' id='line_1_37' title="bbox 426 3649 3868 3732; baseline 0 -21"><span class='ocrx_word' id='word_1_417' title='bbox 426 3700 439 3711; x_wconf 86' lang='grc'><strong><em>,</em></strong></span> <span class='ocrx_word' id='word_1_418' title='bbox 535 3652 774 3716; x_wconf 62' lang='lat' dir='ltr'><strong>saeculo</strong></span> <span class='ocrx_word' id='word_1_419' title='bbox 807 3651 1089 3717; x_wconf 89' lang='lat' dir='ltr'><strong>Eusebio</strong></span> <span class='ocrx_word' id='word_1_420' title='bbox 1145 3649 1346 3731; x_wconf 85' lang='lat' dir='ltr'><strong>magis</strong></span> <span class='ocrx_word' id='word_1_421' title='bbox 1385 3651 1685 3716; x_wconf 87' lang='lat' dir='ltr'><strong>idoneum</strong></span> <span class='ocrx_word' id='word_1_422' title='bbox 1740 3651 2158 3729; x_wconf 85' lang='lat' dir='ltr'><strong>interpretem</strong></span> <span class='ocrx_word' id='word_1_423' title='bbox 2214 3650 2590 3731; x_wconf 86' lang='lat' dir='ltr'><strong>contingere</strong></span> <span class='ocrx_word' id='word_1_424' title='bbox 2629 3652 2941 3732; x_wconf 84' lang='lat' dir='ltr'><strong>potuisse,</strong></span> <span class='ocrx_word' id='word_1_425' title='bbox 2989 3668 3184 3731; x_wconf 86' lang='lat' dir='ltr'><strong>quam</strong></span> <span class='ocrx_word' id='word_1_426' title='bbox 3226 3669 3371 3713; x_wconf 90' lang='lat' dir='ltr'><strong>eum</strong></span> <span class='ocrx_word' id='word_1_427' title='bbox 3420 3650 3529 3728; x_wconf 91' lang='lat' dir='ltr'><strong>qui</strong></span> <span class='ocrx_word' id='word_1_428' title='bbox 3579 3649 3868 3713; x_wconf 86' lang='lat' dir='ltr'><strong>Eusebii</strong></span> 
     </span>
    </p>
   </div>
   <div class='ocr_carea' id='block_1_38' title="bbox 539 3751 3869 3831">
    <p class='ocr_par' dir='ltr' id='par_1_38' title="bbox 539 3751 3869 3831">
     <span class='ocr_line' id='line_1_38' title="bbox 539 3751 3869 3831; baseline -0.001 -14"><span class='ocrx_word' id='word_1_429' title='bbox 539 3754 1074 3831; x_wconf 84' lang='lat' dir='ltr'><strong>studiosissimus,</strong></span> <span class='ocrx_word' id='word_1_430' title='bbox 1112 3759 1176 3815; x_wconf 87' lang='lat' dir='ltr'><strong>et</strong></span> <span class='ocrx_word' id='word_1_431' title='bbox 1208 3770 1434 3817; x_wconf 88' lang='lat' dir='ltr'><strong>eorum</strong></span> <span class='ocrx_word' id='word_1_432' title='bbox 1465 3770 1610 3831; x_wconf 76' lang='lat' dir='ltr'><strong>qute</strong></span> <span class='ocrx_word' id='word_1_433' title='bbox 1656 3753 1738 3819; x_wconf 90' lang='lat' dir='ltr'><strong>ab</strong></span> <span class='ocrx_word' id='word_1_434' title='bbox 1772 3752 2059 3819; x_wconf 80' lang='lat' dir='ltr'><strong>Eusebio</strong></span> <span class='ocrx_word' id='word_1_435' title='bbox 2108 3757 2494 3825; x_wconf 84' lang='lat' dir='ltr'><strong>tractantur,</strong></span> <span class='ocrx_word' id='word_1_436' title='bbox 2531 3754 2962 3830; x_wconf 87' lang='lat' dir='ltr'><strong>peritissimus</strong></span> <span class='ocrx_word' id='word_1_437' title='bbox 2994 3751 3135 3814; x_wconf 84' lang='lat' dir='ltr'><strong>fuit.</strong></span> <span class='ocrx_word' id='word_1_438' title='bbox 3177 3753 3387 3830; x_wconf 83' lang='lat' dir='ltr'><strong>Atque</strong></span> <span class='ocrx_word' id='word_1_439' title='bbox 3431 3752 3699 3826; x_wconf 80' lang='lat' dir='ltr'><strong>utinam,</strong></span> <span class='ocrx_word' id='word_1_440' title='bbox 3742 3753 3869 3815; x_wconf 85' lang='lat' dir='ltr'><strong>in-</strong></span> 
     </span>
    </p>
   </div>
   <div class='ocr_carea' id='block_1_39' title="bbox 534 3852 3865 3933">
    <p class='ocr_par' dir='ltr' id='par_1_39' title="bbox 534 3852 3865 3933">
     <span class='ocr_line' id='line_1_39' title="bbox 534 3852 3865 3933; baseline 0.001 -18"><span class='ocrx_word' id='word_1_441' title='bbox 534 3854 704 3933; x_wconf 89' lang='lat' dir='ltr'><strong>quit,</strong></span> <span class='ocrx_word' id='word_1_442' title='bbox 738 3871 850 3931; x_wconf 88' lang='lat' dir='ltr'><strong>per</strong></span> <span class='ocrx_word' id='word_1_443' title='bbox 878 3852 1020 3931; x_wconf 88' lang='lat' dir='ltr'><strong>ejus</strong></span> <span class='ocrx_word' id='word_1_444' title='bbox 1053 3854 1532 3933; x_wconf 81' lang='lat' dir='ltr'><strong>occupationes,</strong></span> <span class='ocrx_word' id='word_1_445' title='bbox 1554 3853 1682 3915; x_wconf 82' lang='lat' dir='ltr'><strong>ista</strong></span> <span class='ocrx_word' id='word_1_446' title='bbox 1714 3870 1842 3918; x_wconf 92' lang='lat' dir='ltr'><strong>non</strong></span> <span class='ocrx_word' id='word_1_447' title='bbox 1869 3853 2111 3917; x_wconf 86' lang='lat' dir='ltr'><strong>dictare</strong></span> <span class='ocrx_word' id='word_1_448' title='bbox 2135 3854 2415 3927; x_wconf 88' lang='lat' dir='ltr'><strong>notario,</strong></span> <span class='ocrx_word' id='word_1_449' title='bbox 2453 3853 2562 3915; x_wconf 87' lang='lat' dir='ltr'><strong>sed</strong></span> <span class='ocrx_word' id='word_1_450' title='bbox 2596 3854 2879 3917; x_wconf 88' lang='lat' dir='ltr'><strong>scribere</strong></span> <span class='ocrx_word' id='word_1_451' title='bbox 2914 3854 3002 3915; x_wconf 91' lang='lat' dir='ltr'><strong>illi</strong></span> <span class='ocrx_word' id='word_1_452' title='bbox 3043 3861 3355 3921; x_wconf 83' lang='lat' dir='ltr'><strong>vacasset.</strong></span> <span class='ocrx_word' id='word_1_453' title='bbox 3385 3854 3567 3930; x_wconf 84' lang='lat' dir='ltr'><strong>Quod</strong></span> <span class='ocrx_word' id='word_1_454' title='bbox 3599 3856 3781 3925; x_wconf 83' lang='lat' dir='ltr'><strong>enim</strong></span> <span class='ocrx_word' id='word_1_455' title='bbox 3816 3873 3865 3921; x_wconf 76' lang='grc' dir='ltr'><strong>ει</strong></span> 
     </span>
    </p>
   </div>
   <div class='ocr_carea' id='block_1_40' title="bbox 535 3950 3867 4034">
    <p class='ocr_par' dir='ltr' id='par_1_40' title="bbox 535 3950 3867 4034">
     <span class='ocr_line' id='line_1_40' title="bbox 535 3950 3867 4034; baseline 0.001 -19"><span class='ocrx_word' id='word_1_456' title='bbox 535 3954 760 4027; x_wconf 82' lang='lat' dir='ltr'><strong>multis</strong></span> <span class='ocrx_word' id='word_1_457' title='bbox 801 3952 899 4015; x_wconf 90' lang='lat' dir='ltr'><strong>vel</strong></span> <span class='ocrx_word' id='word_1_458' title='bbox 928 3953 1233 4017; x_wconf 85' lang='lat' dir='ltr'><strong>invitatus</strong></span> <span class='ocrx_word' id='word_1_459' title='bbox 1261 3954 1363 4014; x_wconf 89' lang='lat' dir='ltr'><strong>vel</strong></span> <span class='ocrx_word' id='word_1_460' title='bbox 1395 3953 1731 4015; x_wconf 88' lang='lat' dir='ltr'><strong>lacessitus</strong></span> <span class='ocrx_word' id='word_1_461' title='bbox 1766 3956 2155 4034; x_wconf 88' lang='lat' dir='ltr'><strong>respondere</strong></span> <span class='ocrx_word' id='word_1_462' title='bbox 2184 3962 2549 4034; x_wconf 87' lang='lat' dir='ltr'><strong>cogeretur,</strong></span> <span class='ocrx_word' id='word_1_463' title='bbox 2598 3974 2807 4034; x_wconf 89' lang='lat' dir='ltr'><strong>neque</strong></span> <span class='ocrx_word' id='word_1_464' title='bbox 2843 3955 2977 4019; x_wconf 90' lang='lat' dir='ltr'><strong>ulla</strong></span> <span class='ocrx_word' id='word_1_465' title='bbox 3004 3954 3062 4017; x_wconf 90' lang='lat' dir='ltr'><strong>ei</strong></span> <span class='ocrx_word' id='word_1_466' title='bbox 3094 3950 3135 4017; x_wconf 81' lang='lat' dir='ltr'><strong>a</strong></span> <span class='ocrx_word' id='word_1_467' title='bbox 3162 3955 3385 4020; x_wconf 88' lang='lat' dir='ltr'><strong>labore</strong></span> <span class='ocrx_word' id='word_1_468' title='bbox 3422 3955 3678 4034; x_wconf 86' lang='lat' dir='ltr'><strong>requies</strong></span> <span class='ocrx_word' id='word_1_469' title='bbox 3709 3955 3867 4020; x_wconf 71' lang='lat' dir='ltr'><strong>(la-</strong></span> 
     </span>
    </p>
   </div>
   <div class='ocr_carea' id='block_1_41' title="bbox 537 4052 3867 4138">
    <p class='ocr_par' dir='ltr' id='par_1_41' title="bbox 537 4052 3867 4138">
     <span class='ocr_line' id='line_1_41' title="bbox 537 4052 3867 4138; baseline 0.002 -22"><span class='ocrx_word' id='word_1_470' title='bbox 537 4058 746 4126; x_wconf 79' lang='lat' dir='ltr'><strong>retur,</strong></span> <span class='ocrx_word' id='word_1_471' title='bbox 788 4052 1093 4134; x_wconf 83' lang='lat' dir='ltr'><strong>temporis</strong></span> <span class='ocrx_word' id='word_1_472' title='bbox 1123 4058 1340 4119; x_wconf 84' lang='lat' dir='ltr'><strong>autem</strong></span> <span class='ocrx_word' id='word_1_473' title='bbox 1369 4053 1689 4131; x_wconf 87' lang='lat' dir='ltr'><strong>jacturam</strong></span> <span class='ocrx_word' id='word_1_474' title='bbox 1731 4055 1828 4116; x_wconf 87' lang='lat' dir='ltr'><strong>vel</strong></span> <span class='ocrx_word' id='word_1_475' title='bbox 1869 4056 2202 4121; x_wconf 86' lang='lat' dir='ltr'><strong>minimam</strong></span> <span class='ocrx_word' id='word_1_476' title='bbox 2250 4055 2461 4118; x_wconf 84' lang='lat' dir='ltr'><strong>facere</strong></span> <span class='ocrx_word' id='word_1_477' title='bbox 2502 4073 2710 4137; x_wconf 88' lang='lat' dir='ltr'><strong>neque</strong></span> <span class='ocrx_word' id='word_1_478' title='bbox 2747 4059 2996 4138; x_wconf 86' lang='lat' dir='ltr'><strong>posset,</strong></span> <span class='ocrx_word' id='word_1_479' title='bbox 3041 4075 3250 4136; x_wconf 90' lang='lat' dir='ltr'><strong>neque</strong></span> <span class='ocrx_word' id='word_1_480' title='bbox 3302 4059 3526 4129; x_wconf 87' lang='lat' dir='ltr'><strong>vellet;</strong></span> <span class='ocrx_word' id='word_1_481' title='bbox 3563 4065 3867 4138; x_wconf 83' lang='lat' dir='ltr'><strong>apparet</strong></span> 
     </span>
    </p>
   </div>
   <div class='ocr_carea' id='block_1_42' title="bbox 542 4151 3859 4235">
    <p class='ocr_par' dir='ltr' id='par_1_42' title="bbox 542 4151 3859 4235">
     <span class='ocr_line' id='line_1_42' title="bbox 542 4151 3859 4235; baseline 0.001 -19"><span class='ocrx_word' id='word_1_482' title='bbox 542 4171 729 4227; x_wconf 86' lang='lat' dir='ltr'><strong>eum,</strong></span> <span class='ocrx_word' id='word_1_483' title='bbox 763 4171 907 4215; x_wconf 90' lang='lat' dir='ltr'><strong>cum</strong></span> <span class='ocrx_word' id='word_1_484' title='bbox 937 4151 1133 4234; x_wconf 87' lang='lat' dir='ltr'><strong>hujus</strong></span> <span class='ocrx_word' id='word_1_485' title='bbox 1162 4151 1461 4215; x_wconf 87' lang='lat' dir='ltr'><strong>Chronici</strong></span> <span class='ocrx_word' id='word_1_486' title='bbox 1496 4153 2091 4234; x_wconf 83' lang='lat' dir='ltr'><strong>interpretationem</strong></span> <span class='ocrx_word' id='word_1_487' title='bbox 2119 4152 2413 4231; x_wconf 86' lang='lat' dir='ltr'><strong>dictaret,</strong></span> <span class='ocrx_word' id='word_1_488' title='bbox 2446 4156 2781 4235; x_wconf 87' lang='lat' dir='ltr'><strong>scriptioni</strong></span> <span class='ocrx_word' id='word_1_489' title='bbox 2820 4158 3098 4222; x_wconf 90' lang='lat' dir='ltr'><strong>aliarum</strong></span> <span class='ocrx_word' id='word_1_490' title='bbox 3137 4176 3352 4221; x_wconf 90' lang='lat' dir='ltr'><strong>rerum</strong></span> <span class='ocrx_word' id='word_1_491' title='bbox 3382 4158 3575 4223; x_wconf 88' lang='lat' dir='ltr'><strong>simul</strong></span> <span class='ocrx_word' id='word_1_492' title='bbox 3624 4166 3686 4219; x_wconf 90' lang='lat' dir='ltr'><strong>et</strong></span> <span class='ocrx_word' id='word_1_493' title='bbox 3717 4178 3859 4220; x_wconf 82' lang='lat' dir='ltr'><strong>no-</strong></span> 
     </span>
    </p>
   </div>
   <div class='ocr_carea' id='block_1_43' title="bbox 539 4254 3873 4337">
    <p class='ocr_par' dir='ltr' id='par_1_43' title="bbox 539 4254 3873 4337">
     <span class='ocr_line' id='line_1_43' title="bbox 539 4254 3873 4337; baseline 0.001 -18"><span class='ocrx_word' id='word_1_494' title='bbox 539 4257 712 4319; x_wconf 84' lang='lat' dir='ltr'><strong>tario</strong></span> <span class='ocrx_word' id='word_1_495' title='bbox 737 4254 957 4319; x_wconf 89' lang='lat' dir='ltr'><strong>eodem</strong></span> <span class='ocrx_word' id='word_1_496' title='bbox 985 4260 1268 4337; x_wconf 85' lang='lat' dir='ltr'><strong>tempore</strong></span> <span class='ocrx_word' id='word_1_497' title='bbox 1301 4269 1565 4334; x_wconf 86' lang='lat' dir='ltr'><strong>operam</strong></span> <span class='ocrx_word' id='word_1_498' title='bbox 1587 4254 1860 4329; x_wconf 81' lang='lat' dir='ltr'><strong>dedisse,</strong></span> <span class='ocrx_word' id='word_1_499' title='bbox 1892 4259 1961 4319; x_wconf 90' lang='lat' dir='ltr'><strong>ut</strong></span> <span class='ocrx_word' id='word_1_500' title='bbox 1984 4260 2325 4337; x_wconf 88' lang='lat' dir='ltr'><strong>pr0pterea</strong></span> <span class='ocrx_word' id='word_1_501' title='bbox 2358 4273 2620 4318; x_wconf 86' lang='lat' dir='ltr'><strong>necesse</strong></span> <span class='ocrx_word' id='word_1_502' title='bbox 2653 4258 2871 4336; x_wconf 78' lang='lat' dir='ltr'><strong>fuerit,</strong></span> <span class='ocrx_word' id='word_1_503' title='bbox 2907 4259 3228 4336; x_wconf 66' lang='lat' dir='ltr'><strong>quaedam,</strong></span> <span class='ocrx_word' id='word_1_504' title='bbox 3268 4257 3438 4337; x_wconf 91' lang='lat' dir='ltr'><strong>quod</strong></span> <span class='ocrx_word' id='word_1_505' title='bbox 3480 4258 3677 4319; x_wconf 87' lang='lat' dir='ltr'><strong>vetari</strong></span> <span class='ocrx_word' id='word_1_506' title='bbox 3710 4276 3873 4325; x_wconf 87' lang='lat' dir='ltr'><strong>non</strong></span> 
     </span>
    </p>
   </div>
   <div class='ocr_carea' id='block_1_44' title="bbox 544 4358 3884 4442">
    <p class='ocr_par' dir='ltr' id='par_1_44' title="bbox 544 4358 3884 4442">
     <span class='ocr_line' id='line_1_44' title="bbox 544 4358 3884 4442; baseline 0.001 -23"><span class='ocrx_word' id='word_1_507' title='bbox 544 4364 828 4441; x_wconf 89' lang='lat' dir='ltr'><strong>poterat,</strong></span> <span class='ocrx_word' id='word_1_508' title='bbox 861 4361 1037 4421; x_wconf 90' lang='lat' dir='ltr'><strong>tanto</strong></span> <span class='ocrx_word' id='word_1_509' title='bbox 1069 4359 1208 4421; x_wconf 87' lang='lat' dir='ltr'><strong>viro</strong></span> <span class='ocrx_word' id='word_1_510' title='bbox 1237 4358 1610 4421; x_wconf 86' lang='lat' dir='ltr'><strong>humanitus</strong></span> <span class='ocrx_word' id='word_1_511' title='bbox 1636 4360 1971 4427; x_wconf 78' lang='lat' dir='ltr'><strong>excidisse.</strong></span> <span class='ocrx_word' id='word_1_512' title='bbox 2008 4360 2151 4427; x_wconf 88' lang='lat' dir='ltr'><strong>Non</strong></span> <span class='ocrx_word' id='word_1_513' title='bbox 2201 4364 2299 4424; x_wconf 86' lang='lat' dir='ltr'><strong>est</strong></span> <span class='ocrx_word' id='word_1_514' title='bbox 2345 4362 2606 4425; x_wconf 88' lang='lat' dir='ltr'><strong>animus</strong></span> <span class='ocrx_word' id='word_1_515' title='bbox 2638 4378 2741 4440; x_wconf 88' lang='lat' dir='ltr'><strong>ea,</strong></span> <span class='ocrx_word' id='word_1_516' title='bbox 2776 4378 2921 4442; x_wconf 60' lang='lat' dir='ltr'><strong>quas</strong></span> <span class='ocrx_word' id='word_1_517' title='bbox 2958 4362 3056 4422; x_wconf 89' lang='lat' dir='ltr'><strong>his</strong></span> <span class='ocrx_word' id='word_1_518' title='bbox 3100 4362 3301 4425; x_wconf 79' lang='lat' dir='ltr'><strong>inulta</strong></span> <span class='ocrx_word' id='word_1_519' title='bbox 3350 4359 3635 4439; x_wconf 87' lang='lat' dir='ltr'><strong>Scaliger</strong></span> <span class='ocrx_word' id='word_1_520' title='bbox 3681 4362 3884 4422; x_wconf 63' lang='lat' dir='ltr'><strong>sub-</strong></span> 
     </span>
    </p>
   </div>
   <div class='ocr_carea' id='block_1_45' title="bbox 542 4459 3882 4542">
    <p class='ocr_par' dir='ltr' id='par_1_45' title="bbox 542 4459 3882 4542">
     <span class='ocr_line' id='line_1_45' title="bbox 542 4459 3882 4542; baseline -0.001 -17"><span class='ocrx_word' id='word_1_521' title='bbox 542 4462 744 4525; x_wconf 88' lang='lat' dir='ltr'><strong>nectit</strong></span> <span class='ocrx_word' id='word_1_522' title='bbox 774 4462 841 4525; x_wconf 90' lang='lat' dir='ltr'><strong>in</strong></span> <span class='ocrx_word' id='word_1_523' title='bbox 873 4460 936 4523; x_wconf 89' lang='lat' dir='ltr'><strong>S.</strong></span> <span class='ocrx_word' id='word_1_524' title='bbox 971 4461 1263 4527; x_wconf 88' lang='lat' dir='ltr'><strong>Doctoris</strong></span> <span class='ocrx_word' id='word_1_525' title='bbox 1292 4460 1887 4542; x_wconf 87' lang='lat' dir='ltr'><strong>reprehensionem,</strong></span> <span class='ocrx_word' id='word_1_526' title='bbox 1929 4478 2159 4525; x_wconf 87' lang='lat' dir='ltr'><strong>vocare</strong></span> <span class='ocrx_word' id='word_1_527' title='bbox 2195 4463 2430 4525; x_wconf 90' lang='lat' dir='ltr'><strong>iterum</strong></span> <span class='ocrx_word' id='word_1_528' title='bbox 2463 4465 2526 4523; x_wconf 92' lang='lat' dir='ltr'><strong>in</strong></span> <span class='ocrx_word' id='word_1_529' title='bbox 2558 4470 2771 4541; x_wconf 86' lang='lat' dir='ltr'><strong>partes</strong></span> <span class='ocrx_word' id='word_1_530' title='bbox 2808 4480 2824 4523; x_wconf 90' lang='lat'><strong>:</strong></span> <span class='ocrx_word' id='word_1_531' title='bbox 2872 4461 3190 4541; x_wconf 84' lang='lat' dir='ltr'><strong>siquidem</strong></span> <span class='ocrx_word' id='word_1_532' title='bbox 3220 4461 3353 4523; x_wconf 85' lang='lat' dir='ltr'><strong>suis</strong></span> <span class='ocrx_word' id='word_1_533' title='bbox 3386 4478 3659 4541; x_wconf 78' lang='lat' dir='ltr'><strong>quasque</strong></span> <span class='ocrx_word' id='word_1_534' title='bbox 3681 4459 3882 4541; x_wconf 61' lang='lat' dir='ltr'><strong>locis</strong></span> 
     </span>
    </p>
   </div>
   <div class='ocr_carea' id='block_1_46' title="bbox 547 4560 3885 4642">
    <p class='ocr_par' dir='ltr' id='par_1_46' title="bbox 547 4560 3885 4642">
     <span class='ocr_line' id='line_1_46' title="bbox 547 4560 3885 4642; baseline 0.002 -22"><span class='ocrx_word' id='word_1_535' title='bbox 547 4561 1001 4640; x_wconf 86' lang='lat' dir='ltr'><strong>expendimus,</strong></span> <span class='ocrx_word' id='word_1_536' title='bbox 1033 4577 1201 4639; x_wconf 72' lang='lat' dir='ltr'><strong>saepe</strong></span> <span class='ocrx_word' id='word_1_537' title='bbox 1229 4561 1423 4627; x_wconf 89' lang='lat' dir='ltr'><strong>etiam</strong></span> <span class='ocrx_word' id='word_1_538' title='bbox 1455 4561 1719 4642; x_wconf 62' lang='lat' dir='ltr'><strong>sapius,</strong></span> <span class='ocrx_word' id='word_1_539' title='bbox 1756 4566 1974 4641; x_wconf 86' lang='lat' dir='ltr'><strong>utpote</strong></span> <span class='ocrx_word' id='word_1_540' title='bbox 1999 4560 2190 4624; x_wconf 88' lang='lat' dir='ltr'><strong>falsas</strong></span> <span class='ocrx_word' id='word_1_541' title='bbox 2234 4562 2740 4637; x_wconf 84' lang='lat' dir='ltr'><strong>criminationes,</strong></span> <span class='ocrx_word' id='word_1_542' title='bbox 2770 4565 2884 4627; x_wconf 89' lang='lat' dir='ltr'><strong>aut</strong></span> <span class='ocrx_word' id='word_1_543' title='bbox 2910 4562 3074 4629; x_wconf 89' lang='lat' dir='ltr'><strong>levia</strong></span> <span class='ocrx_word' id='word_1_544' title='bbox 3104 4564 3306 4626; x_wconf 90' lang='lat' dir='ltr'><strong>critici</strong></span> <span class='ocrx_word' id='word_1_545' title='bbox 3340 4562 3685 4642; x_wconf 86' lang='lat' dir='ltr'><strong>vitilitigia,</strong></span> <span class='ocrx_word' id='word_1_546' title='bbox 3727 4581 3885 4628; x_wconf 74' lang='lat' dir='ltr'><strong>re-</strong></span> 
     </span>
    </p>
   </div>
   <div class='ocr_carea' id='block_1_47' title="bbox 550 4662 3887 4744">
    <p class='ocr_par' dir='ltr' id='par_1_47' title="bbox 550 4662 3887 4744">
     <span class='ocr_line' id='line_1_47' title="bbox 550 4662 3887 4744; baseline 0.001 -19"><span class='ocrx_word' id='word_1_547' title='bbox 550 4663 856 4725; x_wconf 79' lang='lat' dir='ltr'><strong>fellimus.</strong></span> <span class='ocrx_word' id='word_1_548' title='bbox 888 4662 1064 4725; x_wconf 89' lang='lat' dir='ltr'><strong>Unus</strong></span> <span class='ocrx_word' id='word_1_549' title='bbox 1100 4669 1314 4731; x_wconf 88' lang='lat' dir='ltr'><strong>autem</strong></span> <span class='ocrx_word' id='word_1_550' title='bbox 1359 4664 1536 4725; x_wconf 92' lang='lat' dir='ltr'><strong>locus</strong></span> <span class='ocrx_word' id='word_1_551' title='bbox 1573 4670 1695 4741; x_wconf 89' lang='lat' dir='ltr'><strong>est,</strong></span> <span class='ocrx_word' id='word_1_552' title='bbox 1745 4680 1939 4743; x_wconf 88' lang='lat' dir='ltr'><strong>quem</strong></span> <span class='ocrx_word' id='word_1_553' title='bbox 1972 4668 2037 4727; x_wconf 89' lang='lat' dir='ltr'><strong>et</strong></span> <span class='ocrx_word' id='word_1_554' title='bbox 2069 4664 2193 4725; x_wconf 92' lang='lat' dir='ltr'><strong>sibi</strong></span> <span class='ocrx_word' id='word_1_555' title='bbox 2223 4668 2495 4727; x_wconf 87' lang='lat' dir='ltr'><strong>testatur</strong></span> <span class='ocrx_word' id='word_1_556' title='bbox 2527 4664 2816 4744; x_wconf 88' lang='lat' dir='ltr'><strong>Scaliger</strong></span> <span class='ocrx_word' id='word_1_557' title='bbox 2842 4663 2997 4725; x_wconf 90' lang='lat' dir='ltr'><strong>olim</strong></span> <span class='ocrx_word' id='word_1_558' title='bbox 3039 4664 3449 4744; x_wconf 79' lang='lat' dir='ltr'><strong>imposuisse,</strong></span> <span class='ocrx_word' id='word_1_559' title='bbox 3480 4672 3541 4726; x_wconf 92' lang='lat' dir='ltr'><strong>et</strong></span> <span class='ocrx_word' id='word_1_560' title='bbox 3577 4665 3751 4727; x_wconf 83' lang='lat' dir='ltr'><strong>alios</strong></span> <span class='ocrx_word' id='word_1_561' title='bbox 3798 4669 3887 4735; x_wconf 84' lang='lat' dir='ltr'><strong>in</strong></span> 
     </span>
    </p>
   </div>
   <div class='ocr_carea' id='block_1_48' title="bbox 539 4762 3889 4850">
    <p class='ocr_par' dir='ltr' id='par_1_48' title="bbox 539 4762 3889 4850">
     <span class='ocr_line' id='line_1_48' title="bbox 539 4762 3889 4850; baseline 0 -17"><span class='ocrx_word' id='word_1_562' title='bbox 539 4762 674 4833; x_wconf 79' lang='lat' dir='ltr'><strong>alia</strong></span> <span class='ocrx_word' id='word_1_563' title='bbox 707 4762 925 4831; x_wconf 88' lang='lat' dir='ltr'><strong>omnia</strong></span> <span class='ocrx_word' id='word_1_564' title='bbox 956 4763 1107 4845; x_wconf 82' lang='lat' dir='ltr'><strong>egit,</strong></span> <span class='ocrx_word' id='word_1_565' title='bbox 1138 4780 1331 4842; x_wconf 86' lang='lat' dir='ltr'><strong>quem</strong></span> <span class='ocrx_word' id='word_1_566' title='bbox 1363 4764 1671 4827; x_wconf 85' lang='lat' dir='ltr'><strong>intactum</strong></span> <span class='ocrx_word' id='word_1_567' title='bbox 1711 4762 2197 4844; x_wconf 70' lang='lat' dir='ltr'><strong>printermittere</strong></span> <span class='ocrx_word' id='word_1_568' title='bbox 2231 4764 2402 4831; x_wconf 84' lang='lat' dir='ltr'><strong>haud</strong></span> <span class='ocrx_word' id='word_1_569' title='bbox 2437 4766 2605 4830; x_wconf 88' lang='lat' dir='ltr'><strong>licet.</strong></span> <span class='ocrx_word' id='word_1_570' title='bbox 2651 4766 2810 4831; x_wconf 89' lang='lat' dir='ltr'><strong>Cum</strong></span> <span class='ocrx_word' id='word_1_571' title='bbox 2848 4766 3086 4850; x_wconf 85' lang='lat' dir='ltr'><strong>passim</strong></span> <span class='ocrx_word' id='word_1_572' title='bbox 3117 4766 3269 4831; x_wconf 87' lang='lat' dir='ltr'><strong>alibi</strong></span> <span class='ocrx_word' id='word_1_573' title='bbox 3313 4766 3375 4831; x_wconf 91' lang='lat' dir='ltr'><strong>S.</strong></span> <span class='ocrx_word' id='word_1_574' title='bbox 3416 4768 3599 4830; x_wconf 88' lang='lat' dir='ltr'><strong>Pater</strong></span> <span class='ocrx_word' id='word_1_575' title='bbox 3624 4766 3889 4833; x_wconf 49' lang='lat' dir='ltr'><strong>Chron</strong></span> 
     </span>
    </p>
   </div>
   <div class='ocr_carea' id='block_1_49' title="bbox 537 4862 3891 4953">
    <p class='ocr_par' dir='ltr' id='par_1_49' title="bbox 537 4862 3891 4953">
     <span class='ocr_line' id='line_1_49' title="bbox 537 4862 3891 4953; baseline 0.002 -28"><span class='ocrx_word' id='word_1_576' title='bbox 537 4866 787 4941; x_wconf 81' lang='lat' dir='ltr'><strong>nicum,</strong></span> <span class='ocrx_word' id='word_1_577' title='bbox 821 4869 933 4927; x_wconf 88' lang='lat' dir='ltr'><strong>aut</strong></span> <span class='ocrx_word' id='word_1_578' title='bbox 959 4862 1253 4929; x_wconf 87' lang='lat' dir='ltr'><strong>Canones</strong></span> <span class='ocrx_word' id='word_1_579' title='bbox 1282 4864 1638 4928; x_wconf 88' lang='lat' dir='ltr'><strong>Chronicos</strong></span> <span class='ocrx_word' id='word_1_580' title='bbox 1672 4872 1849 4936; x_wconf 81' lang='grc' dir='ltr'><strong>ἁπλῶς</strong></span> <span class='ocrx_word' id='word_1_581' title='bbox 1889 4867 2058 4931; x_wconf 88' lang='lat' dir='ltr'><strong>dicat</strong></span> <span class='ocrx_word' id='word_1_582' title='bbox 2089 4867 2288 4931; x_wconf 85' lang='lat' dir='ltr'><strong>fuisse</strong></span> <span class='ocrx_word' id='word_1_583' title='bbox 2319 4874 2402 4932; x_wconf 88' lang='lat' dir='ltr'><strong>ab</strong></span> <span class='ocrx_word' id='word_1_584' title='bbox 2430 4869 2714 4933; x_wconf 89' lang='lat' dir='ltr'><strong>Eusebio</strong></span> <span class='ocrx_word' id='word_1_585' title='bbox 2744 4869 3185 4943; x_wconf 89' lang='lat' dir='ltr'><strong>elucubratos,</strong></span> <span class='ocrx_word' id='word_1_586' title='bbox 3231 4871 3295 4931; x_wconf 89' lang='lat' dir='ltr'><strong>in</strong></span> <span class='ocrx_word' id='word_1_587' title='bbox 3333 4887 3435 4943; x_wconf 90' lang='lat' dir='ltr'><strong>eo,</strong></span> <span class='ocrx_word' id='word_1_588' title='bbox 3470 4887 3663 4953; x_wconf 87' lang='lat' dir='ltr'><strong>quem</strong></span> <span class='ocrx_word' id='word_1_589' title='bbox 3697 4883 3891 4949; x_wconf 66' lang='lat' dir='ltr'><strong>post</strong></span> 
     </span>
    </p>
   </div>
   <div class='ocr_carea' id='block_1_50' title="bbox 536 4963 3894 5054">
    <p class='ocr_par' dir='ltr' id='par_1_50' title="bbox 536 4963 3894 5054">
     <span class='ocr_line' id='line_1_50' title="bbox 536 4963 3894 5054; baseline 0.002 -28"><span class='ocrx_word' id='word_1_590' title='bbox 536 4965 909 5027; x_wconf 82' lang='lat' dir='ltr'><strong>versionem</strong></span> <span class='ocrx_word' id='word_1_591' title='bbox 945 4963 1113 5029; x_wconf 87' lang='lat' dir='ltr'><strong>hanc</strong></span> <span class='ocrx_word' id='word_1_592' title='bbox 1161 4980 1347 5026; x_wconf 90' lang='lat' dir='ltr'><strong>suam</strong></span> <span class='ocrx_word' id='word_1_593' title='bbox 1387 4965 1671 5051; x_wconf 88' lang='lat' dir='ltr'><strong>scripsit,</strong></span> <span class='ocrx_word' id='word_1_594' title='bbox 1726 4966 1893 5035; x_wconf 79' lang='lat' dir='ltr'><strong>libro</strong></span> <span class='ocrx_word' id='word_1_595' title='bbox 1923 4967 1998 5031; x_wconf 90' lang='lat' dir='ltr'><strong>de</strong></span> <span class='ocrx_word' id='word_1_596' title='bbox 2029 4967 2204 5032; x_wconf 88' lang='lat' dir='ltr'><strong>Viris</strong></span> <span class='ocrx_word' id='word_1_597' title='bbox 2235 4968 2630 5045; x_wconf 83' lang='lat' dir='ltr'><strong>lllustribus,</strong></span> <span class='ocrx_word' id='word_1_598' title='bbox 2669 4969 2879 5048; x_wconf 88' lang='lat' dir='ltr'><strong>capite</strong></span> <span class='ocrx_word' id='word_1_599' title='bbox 2908 4967 3009 5042; x_wconf 85' lang='grc'><strong>81,</strong></span> <span class='ocrx_word' id='word_1_600' title='bbox 3036 4986 3168 5054; x_wconf 84' lang='lat' dir='ltr'><strong>quo</strong></span> <span class='ocrx_word' id='word_1_601' title='bbox 3199 4967 3527 5048; x_wconf 86' lang='lat' dir='ltr'><strong>hujusmet</strong></span> <span class='ocrx_word' id='word_1_602' title='bbox 3554 4975 3894 5047; x_wconf 81' lang='lat' dir='ltr'><strong>auctoris</strong></span> 
     </span>
    </p>
   </div>
   <div class='ocr_carea' id='block_1_51' title="bbox 539 5065 3905 5149">
    <p class='ocr_par' dir='ltr' id='par_1_51' title="bbox 539 5065 3905 5149">
     <span class='ocr_line' id='line_1_51' title="bbox 539 5065 3905 5149; baseline 0.001 -20"><span class='ocrx_word' id='word_1_603' title='bbox 539 5084 740 5149; x_wconf 85' lang='lat' dir='ltr'><strong>opera</strong></span> <span class='ocrx_word' id='word_1_604' title='bbox 766 5065 1141 5147; x_wconf 87' lang='lat' dir='ltr'><strong>singillatim</strong></span> <span class='ocrx_word' id='word_1_605' title='bbox 1174 5073 1487 5140; x_wconf 89' lang='lat' dir='ltr'><strong>recenset,</strong></span> <span class='ocrx_word' id='word_1_606' title='bbox 1512 5085 1658 5135; x_wconf 87' lang='lat' dir='ltr'><strong>eum</strong></span> <span class='ocrx_word' id='word_1_607' title='bbox 1682 5066 1903 5144; x_wconf 80' lang='lat' dir='ltr'><strong>refert,</strong></span> <span class='ocrx_word' id='word_1_608' title='bbox 1928 5067 2382 5133; x_wconf 80' lang='lat' dir='ltr'><strong>Chronicorum</strong></span> <span class='ocrx_word' id='word_1_609' title='bbox 2395 5067 2720 5137; x_wconf 85' lang='lat' dir='ltr'><strong>Canonum</strong></span> <span class='ocrx_word' id='word_1_610' title='bbox 2746 5067 3165 5133; x_wconf 85' lang='lat' dir='ltr'><strong>omnimodam</strong></span> <span class='ocrx_word' id='word_1_611' title='bbox 3190 5067 3543 5142; x_wconf 81' lang='lat' dir='ltr'><strong>historiam,</strong></span> <span class='ocrx_word' id='word_1_612' title='bbox 3561 5076 3905 5143; x_wconf 77' lang='lat' dir='ltr'><strong>eteorum</strong></span> 
     </span>
    </p>
   </div>
   <div class='ocr_carea' id='block_1_52' title="bbox 549 5167 3903 5251">
    <p class='ocr_par' dir='ltr' id='par_1_52' title="bbox 549 5167 3903 5251">
     <span class='ocr_line' id='line_1_52' title="bbox 549 5167 3903 5251; baseline 0.001 -22"><span class='ocrx_word' id='word_1_613' title='bbox 549 5179 828 5249; x_wconf 75' lang='grc' dir='ltr'><strong>Επιτομήν</strong></span> <span class='ocrx_word' id='word_1_614' title='bbox 865 5167 1351 5248; x_wconf 85' lang='lat' dir='ltr'><strong>conscripsisse.</strong></span> <span class='ocrx_word' id='word_1_615' title='bbox 1413 5169 1716 5235; x_wconf 87' lang='lat' dir='ltr'><strong>Notatum</strong></span> <span class='ocrx_word' id='word_1_616' title='bbox 1766 5172 1952 5235; x_wconf 87' lang='lat' dir='ltr'><strong>nobis</strong></span> <span class='ocrx_word' id='word_1_617' title='bbox 1982 5171 2057 5232; x_wconf 90' lang='lat' dir='ltr'><strong>ad</strong></span> <span class='ocrx_word' id='word_1_618' title='bbox 2090 5189 2242 5234; x_wconf 89' lang='lat' dir='ltr'><strong>eum</strong></span> <span class='ocrx_word' id='word_1_619' title='bbox 2296 5173 2534 5245; x_wconf 87' lang='lat' dir='ltr'><strong>locum,</strong></span> <span class='ocrx_word' id='word_1_620' title='bbox 2567 5189 2709 5237; x_wconf 89' lang='lat' dir='ltr'><strong>eam</strong></span> <span class='ocrx_word' id='word_1_621' title='bbox 2752 5169 2975 5242; x_wconf 89' lang='lat' dir='ltr'><strong>videri.</strong></span> <span class='ocrx_word' id='word_1_622' title='bbox 3030 5171 3081 5233; x_wconf 90' lang='lat' dir='ltr'><strong>si</strong></span> <span class='ocrx_word' id='word_1_623' title='bbox 3123 5189 3430 5251; x_wconf 86' lang='lat' dir='ltr'><strong>umquam</strong></span> <span class='ocrx_word' id='word_1_624' title='bbox 3467 5171 3746 5250; x_wconf 84' lang='lat' dir='ltr'><strong>exstitit,</strong></span> <span class='ocrx_word' id='word_1_625' title='bbox 3815 5191 3903 5243; x_wconf 59' lang='lat' dir='ltr'><strong>ei</strong></span> 
     </span>
    </p>
   </div>
   <div class='ocr_carea' id='block_1_53' title="bbox 527 5271 3903 5358">
    <p class='ocr_par' dir='ltr' id='par_1_53' title="bbox 527 5271 3903 5358">
     <span class='ocr_line' id='line_1_53' title="bbox 527 5271 3903 5358; baseline 0.002 -24"><span class='ocrx_word' id='word_1_626' title='bbox 527 5274 850 5353; x_wconf 87' lang='lat' dir='ltr'><strong>cujusque</strong></span> <span class='ocrx_word' id='word_1_627' title='bbox 887 5272 1053 5338; x_wconf 90' lang='lat' dir='ltr'><strong>modi</strong></span> <span class='ocrx_word' id='word_1_628' title='bbox 1093 5271 1311 5347; x_wconf 82' lang='lat' dir='ltr'><strong>fuerit,</strong></span> <span class='ocrx_word' id='word_1_629' title='bbox 1347 5271 1688 5352; x_wconf 89' lang='lat' dir='ltr'><strong>Epitomen</strong></span> <span class='ocrx_word' id='word_1_630' title='bbox 1740 5291 1870 5339; x_wconf 88' lang='lat' dir='ltr'><strong>non</strong></span> <span class='ocrx_word' id='word_1_631' title='bbox 1904 5274 2129 5341; x_wconf 86' lang='lat' dir='ltr'><strong>tulisse</strong></span> <span class='ocrx_word' id='word_1_632' title='bbox 2173 5280 2449 5340; x_wconf 64' lang='lat' dir='ltr'><strong>aetatem.</strong></span> <span class='ocrx_word' id='word_1_633' title='bbox 2514 5275 2633 5338; x_wconf 88' lang='lat' dir='ltr'><strong>Sed</strong></span> <span class='ocrx_word' id='word_1_634' title='bbox 2674 5293 2803 5339; x_wconf 87' lang='lat' dir='ltr'><strong>non</strong></span> <span class='ocrx_word' id='word_1_635' title='bbox 2856 5276 3279 5339; x_wconf 86' lang='lat' dir='ltr'><strong>succurrebat</strong></span> <span class='ocrx_word' id='word_1_636' title='bbox 3325 5283 3477 5339; x_wconf 90' lang='lat' dir='ltr'><strong>tunc</strong></span> <span class='ocrx_word' id='word_1_637' title='bbox 3535 5281 3903 5358; x_wconf 71' lang='lat' dir='ltr'><strong>temporis</strong></span> 
     </span>
    </p>
   </div>
   <div class='ocr_carea' id='block_1_54' title="bbox 523 5375 3905 5458">
    <p class='ocr_par' dir='ltr' id='par_1_54' title="bbox 523 5375 3905 5458">
     <span class='ocr_line' id='line_1_54' title="bbox 523 5375 3905 5458; baseline 0.003 -24"><span class='ocrx_word' id='word_1_638' title='bbox 523 5375 757 5451; x_wconf 85' lang='lat' dir='ltr'><strong>menti,</strong></span> <span class='ocrx_word' id='word_1_639' title='bbox 787 5390 980 5455; x_wconf 86' lang='lat' dir='ltr'><strong>quam</strong></span> <span class='ocrx_word' id='word_1_640' title='bbox 1014 5377 1290 5441; x_wconf 75' lang='lat' dir='ltr'><strong>vexatus</strong></span> <span class='ocrx_word' id='word_1_641' title='bbox 1320 5375 1503 5439; x_wconf 87' lang='lat' dir='ltr'><strong>locus</strong></span> <span class='ocrx_word' id='word_1_642' title='bbox 1533 5375 1642 5437; x_wconf 90' lang='lat' dir='ltr'><strong>ille</strong></span> <span class='ocrx_word' id='word_1_643' title='bbox 1669 5375 2039 5443; x_wconf 88' lang='lat' dir='ltr'><strong>criticorum</strong></span> <span class='ocrx_word' id='word_1_644' title='bbox 2065 5375 2645 5458; x_wconf 87' lang='lat' dir='ltr'><strong>disceptationibus</strong></span> <span class='ocrx_word' id='word_1_645' title='bbox 2677 5378 2891 5441; x_wconf 86' lang='lat' dir='ltr'><strong>fuerit.</strong></span> <span class='ocrx_word' id='word_1_646' title='bbox 2946 5377 3236 5455; x_wconf 83' lang='lat' dir='ltr'><strong>Scaliger</strong></span> <span class='ocrx_word' id='word_1_647' title='bbox 3267 5394 3447 5457; x_wconf 88' lang='lat' dir='ltr'><strong>ergo,</strong></span> <span class='ocrx_word' id='word_1_648' title='bbox 3482 5382 3547 5439; x_wconf 89' lang='lat' dir='ltr'><strong>ut</strong></span> <span class='ocrx_word' id='word_1_649' title='bbox 3570 5375 3905 5449; x_wconf 81' lang='lat' dir='ltr'><strong>diceba—</strong></span> 
     </span>
    </p>
   </div>
   <div class='ocr_carea' id='block_1_55' title="bbox 522 5473 3905 5558">
    <p class='ocr_par' dir='ltr' id='par_1_55' title="bbox 522 5473 3905 5558">
     <span class='ocr_line' id='line_1_55' title="bbox 522 5473 3905 5558; baseline 0.001 -21"><span class='ocrx_word' id='word_1_650' title='bbox 522 5474 699 5549; x_wconf 79' lang='lat' dir='ltr'><strong>mus,</strong></span> <span class='ocrx_word' id='word_1_651' title='bbox 734 5490 881 5542; x_wconf 84' lang='lat' dir='ltr'><strong>cum</strong></span> <span class='ocrx_word' id='word_1_652' title='bbox 920 5473 1041 5534; x_wconf 89' lang='lat' dir='ltr'><strong>sibi</strong></span> <span class='ocrx_word' id='word_1_653' title='bbox 1067 5475 1142 5539; x_wconf 87' lang='lat' dir='ltr'><strong>iis</strong></span> <span class='ocrx_word' id='word_1_654' title='bbox 1172 5475 1383 5541; x_wconf 86' lang='lat' dir='ltr'><strong>verbis</strong></span> <span class='ocrx_word' id='word_1_655' title='bbox 1417 5474 1793 5558; x_wconf 89' lang='lat' dir='ltr'><strong>persuaderi</strong></span> <span class='ocrx_word' id='word_1_656' title='bbox 1828 5493 2057 5557; x_wconf 88' lang='lat' dir='ltr'><strong>passus</strong></span> <span class='ocrx_word' id='word_1_657' title='bbox 2091 5483 2261 5541; x_wconf 86' lang='lat' dir='ltr'><strong>esset</strong></span> <span class='ocrx_word' id='word_1_658' title='bbox 2301 5478 2683 5556; x_wconf 81' lang='lat' dir='ltr'><strong>aliquando.</strong></span> <span class='ocrx_word' id='word_1_659' title='bbox 2718 5480 2954 5543; x_wconf 89' lang='lat' dir='ltr'><strong>librum</strong></span> <span class='ocrx_word' id='word_1_660' title='bbox 2996 5477 3470 5540; x_wconf 88' lang='lat' dir='ltr'><strong>Chronicorum</strong></span> <span class='ocrx_word' id='word_1_661' title='bbox 3522 5485 3905 5558; x_wconf 79' lang='lat' dir='ltr'><strong>poster-io-</strong></span> 
     </span>
    </p>
   </div>
   <div class='ocr_carea' id='block_1_56' title="bbox 514 5574 3901 5665">
    <p class='ocr_par' dir='ltr' id='par_1_56' title="bbox 514 5574 3901 5665">
     <span class='ocr_line' id='line_1_56' title="bbox 514 5574 3901 5665; baseline 0.005 -27"><span class='ocrx_word' id='word_1_662' title='bbox 514 5592 657 5638; x_wconf 83' lang='lat' dir='ltr'><strong>rem</strong></span> <span class='ocrx_word' id='word_1_663' title='bbox 694 5574 890 5639; x_wconf 83' lang='lat' dir='ltr'><strong>fuisse</strong></span> <span class='ocrx_word' id='word_1_664' title='bbox 925 5577 1007 5637; x_wconf 92' lang='lat' dir='ltr'><strong>ab</strong></span> <span class='ocrx_word' id='word_1_665' title='bbox 1038 5576 1319 5644; x_wconf 83' lang='lat' dir='ltr'><strong>Eusebio</strong></span> <span class='ocrx_word' id='word_1_666' title='bbox 1359 5579 1422 5640; x_wconf 91' lang='lat' dir='ltr'><strong>in</strong></span> <span class='ocrx_word' id='word_1_667' title='bbox 1462 5580 1803 5661; x_wconf 88' lang='lat' dir='ltr'><strong>Epitomen</strong></span> <span class='ocrx_word' id='word_1_668' title='bbox 1833 5580 2191 5655; x_wconf 82' lang='lat' dir='ltr'><strong>redactum,</strong></span> <span class='ocrx_word' id='word_1_669' title='bbox 2219 5580 2343 5644; x_wconf 86' lang='lat' dir='ltr'><strong>hoc</strong></span> <span class='ocrx_word' id='word_1_670' title='bbox 2390 5582 2468 5645; x_wconf 88' lang='lat' dir='ltr'><strong>de</strong></span> <span class='ocrx_word' id='word_1_671' title='bbox 2498 5599 2721 5663; x_wconf 79' lang='lat' dir='ltr'><strong>errore</strong></span> <span class='ocrx_word' id='word_1_672' title='bbox 2749 5585 2810 5644; x_wconf 90' lang='lat' dir='ltr'><strong>in</strong></span> <span class='ocrx_word' id='word_1_673' title='bbox 2846 5581 3218 5663; x_wconf 65' lang='lat' dir='ltr'><strong>praefatione</strong></span> <span class='ocrx_word' id='word_1_674' title='bbox 3257 5582 3474 5647; x_wconf 86' lang='lat' dir='ltr'><strong>multis</strong></span> <span class='ocrx_word' id='word_1_675' title='bbox 3506 5603 3573 5651; x_wconf 86' lang='lat' dir='ltr'><strong>se</strong></span> <span class='ocrx_word' id='word_1_676' title='bbox 3616 5588 3901 5665; x_wconf 42' lang='lat' dir='ltr'><strong>“verbis</strong></span> 
     </span>
    </p>
   </div>
   <div class='ocr_carea' id='block_1_57' title="bbox 518 5670 3911 5778">
    <p class='ocr_par' dir='ltr' id='par_1_57' title="bbox 518 5670 3911 5778">
     <span class='ocr_line' id='line_1_57' title="bbox 518 5670 3911 5778; baseline 0.004 -39"><span class='ocrx_word' id='word_1_677' title='bbox 518 5676 720 5739; x_wconf 77' lang='lat' dir='ltr'><strong>doctis</strong></span> <span class='ocrx_word' id='word_1_678' title='bbox 757 5679 1109 5741; x_wconf 82' lang='lat' dir='ltr'><strong>excusavit.</strong></span> <span class='ocrx_word' id='word_1_679' title='bbox 1147 5679 1541 5759; x_wconf 84' lang='lat' dir='ltr'><strong>Imposuisse</strong></span> <span class='ocrx_word' id='word_1_680' title='bbox 1571 5688 1786 5745; x_wconf 88' lang='lat' dir='ltr'><strong>autem</strong></span> <span class='ocrx_word' id='word_1_681' title='bbox 1814 5670 2556 5765; x_wconf 82' lang='lat' dir='ltr'><strong>contenditHieronymo</strong></span> <span class='ocrx_word' id='word_1_682' title='bbox 2607 5684 2866 5745; x_wconf 89' lang='lat' dir='ltr'><strong>Eusebii</strong></span> <span class='ocrx_word' id='word_1_683' title='bbox 2897 5683 3113 5747; x_wconf 89' lang='lat' dir='ltr'><strong>locum</strong></span> <span class='ocrx_word' id='word_1_684' title='bbox 3150 5701 3293 5767; x_wconf 87' lang='lat' dir='ltr'><strong>cap.</strong></span> <span class='ocrx_word' id='word_1_685' title='bbox 3326 5684 3359 5746; x_wconf 83' lang='lat'><strong>1</strong></span> <span class='ocrx_word' id='word_1_686' title='bbox 3403 5703 3518 5751; x_wconf 89' lang='lat' dir='ltr'><strong>seu</strong></span> <span class='ocrx_word' id='word_1_687' title='bbox 3567 5687 3911 5778; x_wconf 76' lang='lat' dir='ltr'><strong>pl‘Olqu</strong></span> 
     </span>
    </p>
   </div>
   <div class='ocr_carea' id='block_1_58' title="bbox 519 5779 2091 5880">
    <p class='ocr_par' dir='ltr' id='par_1_58' title="bbox 519 5779 2091 5866">
     <span class='ocr_line' id='line_1_58' title="bbox 519 5779 2091 5866; baseline 0.005 -25"><span class='ocrx_word' id='word_1_688' title='bbox 519 5779 820 5845; x_wconf 66' lang='lat' dir='ltr'><strong>Historias</strong></span> <span class='ocrx_word' id='word_1_689' title='bbox 848 5780 1308 5846; x_wconf 79' lang='lat' dir='ltr'><strong>Ecclesiastij</strong></span> <span class='ocrx_word' id='word_1_690' title='bbox 1342 5792 1729 5865; x_wconf 60' lang='lat' dir='ltr'><strong>praepostere</strong></span> <span class='ocrx_word' id='word_1_691' title='bbox 1763 5792 2091 5866; x_wconf 87' lang='lat' dir='ltr'><strong>acceptum</strong></span> 
     </span>
    </p>
   </div>
   <div class='ocr_carea' id='block_1_59' title="bbox 2338 5779 3910 5880">
    <p class='ocr_par' dir='ltr' id='par_1_59' title="bbox 2338 5788 3910 5880">
     <span class='ocr_line' id='line_1_59' title="bbox 2338 5788 3910 5880; baseline 0.004 -30"><span class='ocrx_word' id='word_1_692' title='bbox 2338 5799 2386 5850; x_wconf 73' lang='lat' dir='ltr'><strong>iv</strong></span> <span class='ocrx_word' id='word_1_693' title='bbox 2417 5788 2509 5850; x_wconf 73' lang='grc' dir='ltr'><strong>οὖν</strong></span> <span class='ocrx_word' id='word_1_694' title='bbox 2549 5798 2739 5848; x_wconf 77' lang='grc' dir='ltr'><strong>τοῦτον</strong></span> <span class='ocrx_word' id='word_1_695' title='bbox 2772 5796 2861 5849; x_wconf 71' lang='grc' dir='ltr'><strong>καὶ</strong></span> <span class='ocrx_word' id='word_1_696' title='bbox 2893 5791 3179 5871; x_wconf 73' lang='grc' dir='ltr'><strong>πρότερον,</strong></span> <span class='ocrx_word' id='word_1_697' title='bbox 3214 5797 3266 5852; x_wconf 76' lang='grc' dir='ltr'><strong>ἐν</strong></span> <span class='ocrx_word' id='word_1_698' title='bbox 3313 5791 3395 5860; x_wconf 77' lang='grc' dir='ltr'><strong>οἷς</strong></span> <span class='ocrx_word' id='word_1_699' title='bbox 3425 5790 3910 5880; x_wconf 66' lang='grc' dir='ltr'><strong>διςτυπωσάμην</strong></span> 
     </span>
    </p>
   </div>
  </div>
