3996 6290
173 204 220 260 ει
1623 213 2014 275 PREFATIO.
3409 223 3480 283 Ξῖ

181 334 419 400 χρονικοῖς
435 329 690 398 κανόσιν,
725 333 986 409 ἐπιτομήν
1007 339 1433 411 merome-oian
1467 339 1828 414 πληρεστάτην
1855 332 1904 390 δ’
1927 332 2018 391 οὖν
2048 333 2191 411 ὅμως
2217 339 2388 392 αὐτῶν
2421 341 2507 394 ἐπὶ
2533 346 2625 396 τοῦ
2657 342 2914 416 παρόντος
2946 346 3192 421 ὡρμήθην
3222 350 3315 405 τήν
3344 349 3481 420 ἁφή·

183 453 311 506 prima
334 437 696 492 ποιήσασθαι.
741 432 806 492 ld
837 443 956 507 est,
993 438 1083 497 Ac
1110 446 1290 497 antea
1319 437 1567 518 quidem
1600 440 1664 499 in
1699 439 1761 499 ii:

1898 457 1989 497 tos
2022 439 2373 518 conscripsi
2407 438 2749 502 Chronicos
2779 443 3094 521 Cnnones,
3126 465 3338 521 eorum
3362 467 3473 508 re-

189 547 308 589 rum
335 530 502 608 quasi
539 536 990 613 compendium
1024 538 1289 618 quodam
1326 541 1600 620 confeci:
1638 557 1791 621 quos
1824 556 1991 602 nunc
2022 539 2303 600 uberiori
2329 544 2699 605 narratione
2741 549 3058 628 explicare
3109 551 3469 632 aggredior.

195 637 427 698 Ruﬁnus
459 658 736 720 quoque
771 652 1076 718 verterat,
1128 644 1427 720 Quamvis
1445 646 1583 725 jam
1615 644 1686 706 de
1719 643 1819 705 his
1847 644 2002 724 ipsis
2046 643 2359 706 nonnulla
2409 646 2690 710 etiamin
2733 647 3168 714 Chronicis....
3203 653 3474 716 breviter

205 741 600 822 succincteque
647 745 1166 822 perstrinxerim.
1200 746 1390 808 Nulla
1438 763 1597 808 sane
1634 746 1736 808 hic
1773 746 2014 807 mentio
2047 745 2404 824 Epitomes,
2445 763 2520 807 eo
2565 750 2828 826 saltem,
2865 771 2994 830 quo
3029 754 3469 835 Hieronymus

211 860 368 904 sensu
397 844 641 924 accepit
673 866 688 904 :
732 851 799 905 ut
839 849 887 907 si
919 844 1079 909 adeo
1113 848 1441 928 Scaligero
1461 847 1810 921 credimus,
1843 866 1960 911 nec
1991 850 2259 912 exstarit
2288 868 2596 930 umquam
2625 851 2936 932 ejusmodi
2966 859 3469 938 scriptio,quam

213 944 307 1005 sibi
337 945 580 1017 Noster,
622 947 1201 1012 hallucinationem
1258 952 1536 1012 nominis
1573 949 1996 1030 ambiguitate
2035 967 2290 1030 passus,
2329 950 2664 1016 conﬁnxit.
2718 954 3055 1019 Fabricius
3094 963 3312 1022 autem
3352 959 3473 1020 Bi-

215 1048 504 1110 bliolhecm
537 1049 777 1111 Graecae
822 1051 964 1112 loco
1015 1051 1254 1114 dudum
1289 1053 1575 1126 laudato,
1626 1053 1799 1115 hunc
1849 1055 2063 1132 ipsum
2101 1055 2855 1118 contendit-Chronicum
2888 1058 3240 1133 Cononem,
3273 1078 3468 1139 quem

215 1167 377 1228 porro
405 1151 646 1212 edimus
674 1199 690 1228 ,
724 1152 1064 1230 Epitomcn
1105 1154 1321 1216 vocari
1373 1156 1453 1215 ab
1499 1153 1788 1233 Hierony

1887 1172 1923 1222 ι,
1959 1154 2382 1232 posteriorem
2424 1155 2668 1216 scilicet
2711 1159 3052 1225 παντοδαπῆς
3090 1166 3324 1240 ἱστορίας
3377 1159 3465 1219 li-

215 1253 393 1326 brum,
421 1268 550 1330 quo
583 1261 761 1334 gesta
792 1252 869 1313 ad
900 1271 1054 1315 suos
1086 1272 1361 1334 quasque
1389 1272 1595 1318 annos
1631 1273 1761 1318 una
1791 1256 1961 1318 serie
1989 1256 2072 1318 ab
2103 1255 2454 1318 Abrahami
2495 1259 2832 1320 vocatione
2865 1259 3240 1342 referuntur
3270 1283 3283 1322 :
3312 1280 3462 1326 cum

214 1354 413 1432 priore,
472 1361 540 1416 ut
577 1354 902 1416 somniare
953 1372 1064 1416 eos
1119 1362 1292 1416 certo
1339 1355 1648 1433 diximus,
1705 1354 1920 1416 omnia
1957 1355 2038 1416 ab
2083 1354 2240 1414 orbe
2295 1353 2578 1429 condito,
2622 1373 2734 1433 per
2777 1359 2961 1420 varia
3012 1360 3247 1439 capita,
3279 1361 3469 1438 juxta

218 1472 525 1532 regnorum
575 1458 859 1536 origines
899 1463 961 1518 et
998 1461 1438 1520 successiones
1483 1457 1952 1537 digererentur.
2005 1455 2123 1517 Sed
2181 1473 2335 1534 pace
2380 1454 2656 1516 dixerim
2703 1457 2820 1519 viri
2867 1457 3247 1538 doctissimi,
3303 1461 3467 1523 nihil

220 1568 431 1638 poterat
461 1563 744 1640 ineptum
797 1562 1002 1643 magis
1031 1570 1225 1641 atque
1275 1564 1593 1626 absonum
1646 1579 1801 1623 vero
1851 1559 2282 1636 comminisci,
2319 1576 2444 1619 non
2497 1577 2640 1620 eam
2683 1558 3030 1622 dumtaxat
3057 1562 3139 1622 ob
3174 1578 3471 1638 causam,

217 1661 358 1742 quod
389 1664 552 1739 prior
604 1663 710 1723 ille
750 1663 1007 1724 Eusebii
1066 1664 1257 1743 plane
1315 1663 1795 1725 commentitius
1842 1661 1923 1722 sit
1958 1661 2146 1732 liber,
2194 1677 2422 1721 verum
2477 1663 2668 1721 etiam
2697 1659 2868 1738 quod
2929 1661 3064 1740 ipse
3121 1663 3184 1722 in
3243 1664 3465 1725 eadem

218 1763 534 1842 prmjudicia
591 1782 707 1824 sua
751 1771 987 1843 peccet.
1049 1765 1204 1825 Nam
1260 1765 1313 1826 si
1364 1764 2203 1828 ChronicorumCanonum
2259 1760 2598 1840 Epitomen
2657 1763 2972 1824 Eusebius
3024 1765 3468 1845 concinnavit,

213 1870 324 1946 jam
377 1887 490 1929 non
549 1869 681 1931 hmo
745 1870 954 1948 potuit
1012 1869 1117 1930 ille
1173 1867 1339 1930 idem
1387 1868 1551 1928 liber
1607 1885 1746 1928 esse
1799 1866 1911 1944 qui
1980 1867 2247 1942 ipsomet
2294 1863 2509 1940 judice
2561 1861 2861 1924 Fabricio
2932 1863 3277 1926 Chronicus
3343 1868 3469 1930 Ca-

217 1985 324 2027 non
366 1969 601 2048 proprio
648 1969 838 2031 titulo
877 1977 1311 2050 nuncupatur.
1367 1969 1531 2029 Tum
1587 1986 1736 2028 vero
1779 1983 1925 2043 quas
1977 1965 2231 2027 tandem
2287 1964 2396 2026 illa
2440 1965 2686 2026 exstitit
2730 1965 2981 2027 conficti
3032 1967 3178 2029 libri
3227 1971 3462 2047 prioris

218 2072 586 2144 immensitas,
619 2074 668 2132 si
726 2091 871 2151 qum
927 2091 1097 2133 nunc
1137 2077 1266 2132 toto
1297 2080 1358 2132 et
1382 2071 1555 2149 justo
1591 2069 1956 2131 Eusebiano
1996 2074 2399 2146 syntagmate
2431 2066 2826 2139 conlinetur,
2859 2067 3154 2146 Epitome
3193 2067 3462 2136 dicenda

215 2172 330 2230 est?
353 2172 552 2232 Peccat
581 2170 1154 2233 Schurzlleiscliius
1187 2187 1447 2250 quoque
1476 2169 1761 2232 eamdem
1787 2167 2043 2247 quidem
2077 2169 2160 2226 ob
2189 2183 2478 2236 causam,
2512 2166 2619 2225 sed
2652 2167 2917 2246 prepius
2947 2175 3158 2230 tamen
3199 2169 3276 2230 ad
3328 2175 3462 2235 veri

210 2273 444 2348 speciem
478 2272 826 2350 contendit,
856 2279 1079 2336 contra
1109 2279 1302 2351 atque
1336 2273 1697 2345 Fabricius,
1728 2271 2009 2350 priorem
2039 2269 2246 2348 potius
2279 2269 2540 2343 librum,
2588 2286 2746 2347 quo,
2778 2276 2934 2332 teste
2963 2270 3354 2354 Hieronymo
3394 2278 3456 2338 in

206 2374 552 2452 pmfatione,
586 2377 903 2437 Eusebius
939 2377 1123 2456 quasi
1156 2357 1487 2457 quamdam.
1516 2373 1841 2434 materiam
1865 2373 2090 2451 futuro
2129 2369 2304 2448 operi
2328 2375 2750 2449 prwnotm'at,
2793 2367 2988 2431 fuisse
3026 2371 3179 2432 olim
3213 2371 3456 2436 dictum

203 2479 453 2559 Ἐπιτομὴν
474 2490 736 2560 Χρονικῶν
779 2484 1014 2538 Κανόνων
1046 2500 1066 2540 :
1105 2477 1164 2538 id
1199 2478 1366 2558 quod
1422 2476 1629 2537 Suitlm
1666 2478 1781 2536 test

1885 2474 2034 2534 onio
2064 2473 2488 2550 comprobare
2543 2471 2794 2548 nititur,
2843 2471 2952 2570 qui
3007 2490 3133 2532 non
3183 2475 3458 2536 duarum

200 2580 456 2642 Chronici
497 2582 772 2659 partium
804 2581 1119 2654 meminit,
1149 2581 1255 2639 sed
1291 2579 1507 2653 refert,
1537 2576 1768 2638 Eusebi

1882 2615 1885 2634 ι
1921 2587 2183 2654 Χρονικῶν
2222 2580 2458 2636 Κανόνων
2489 2578 2827 2637 παντοδαπὴν
2858 2583 3117 2656 ἱστορίαν,
3143 2587 3228 2640 καὶ
3260 2589 3460 2642 τούτων

197 2691 414 2763 ἐπιτομήν
455 2683 754 2747 edidisse.
793 2683 909 2743 Sed
945 2684 1116 2743 enim
1165 2699 1358 2762 quam
1388 2683 1468 2742 sit
1502 2681 1685 2759 pa'uci
1718 2679 1837 2739 hoc
1863 2681 2090 2738 saltem
2122 2679 2263 2738 loco
2300 2677 2591 2741 facienda
2621 2678 2828 2740 Suidae
2874 2682 3253 2757 auctoritas,
3289 2683 3461 2745 haud

198 2787 334 2847 satis
369 2789 493 2866 ipse
525 2787 872 2862 intellexit,
911 2786 1151 2866 quippe
1177 2786 1286 2866 qui
1319 2803 1443 2846 non
1478 2783 1954 2857 animadvertit,
1991 2782 2212 2844 eadem
2263 2782 2370 2844 illa
2419 2784 2498 2844 ab
2526 2783 3018 2861 Hieronymiani
3051 2785 3322 2863 catalogi
3362 2786 3463 2847 in-
3513 2781 3524 2784 ’

201 2895 444 2967 terprele
485 2890 849 2970 Sephronio
891 2889 1082 2949 verba
1122 2888 1396 2950 describi
1444 2909 1457 2946 :
1503 2904 1646 2965 qua:
1683 2885 1842 2948 adeo
1879 2904 1994 2946 nec
2044 2884 2310 2962 majoris
2346 2884 2751 2945 auctoritatis
2786 2902 2925 2946 esse
2961 2885 3231 2964 debent,
3259 2904 3458 2964 quam

196 2991 314 3070 ipsa
336 2993 407 3052 sit
431 2993 593 3071 apud
626 2991 911 3052 eruditos
963 2990 1186 3052 Graeca
1245 2989 1611 3059 translatio,
1648 3004 1776 3048 non
1813 3005 1967 3050 sane
2017 2984 2361 3046 admodum
2393 2988 2690 3064 antiqua,
2724 3003 2842 3046 nec
2867 2983 2944 3047 de
2978 2987 3242 3050 meliore
3279 2997 3457 3066 nota,

196 3102 250 3154 ut
280 3097 441 3157 nobis
473 3097 622 3158 olim
655 3101 720 3160 in
746 3100 886 3178 ejus
915 3099 1210 3162 editionis
1236 3098 1612 3179 praefatione
1639 3098 2052 3157 observatum
2083 3099 2198 3154 est.
2231 3093 2324 3154 Ad
2352 3093 2484 3154 haec
2514 3093 2620 3153 ille
2649 3100 2710 3154 et
2738 3094 3123 3172 secumipsis
3161 3113 3457 3175 pugnan-

196 3198 265 3258 tia
296 3201 591 3279 loquitur;
621 3221 769 3264 nam
800 3205 852 3265 si
879 3209 1018 3266 erat
1043 3204 1220 3284 prior
1250 3203 1356 3262 ille
1401 3202 1561 3261 liber
1604 3198 1898 3278 Epitome
1940 3195 2409 3258 Chronicorum
2446 3196 2782 3258 Canonum
2840 3194 2972 3275 (qui
3013 3197 3257 3260 scilicet
3304 3200 3457 3278 late,

195 3317 402 3379 perque
423 3320 623 3366 annos
652 3323 978 3385 expansos
1011 3307 1214 3368 altero
1262 3305 1425 3364 libro
1477 3301 2058 3380 describebautur),
2085 3299 2218 3379 jam
2251 3317 2379 3359 non
2419 3300 2526 3360 ille
2562 3301 2824 3379 grandis
2865 3303 3028 3362 liber
3061 3309 3200 3364 erat
3237 3305 3454 3364 omni—

193 3399 410 3463 modam
447 3403 780 3468 historiam
814 3408 1266 3478 complectens,
1298 3411 1493 3482 atque
1527 3405 1844 3464 universas
1874 3401 2255 3463 eruditionis
2285 3403 2632 3464 thesaurus
2666 3423 2680 3463 :
2724 3403 2858 3475 sed,
2893 3411 2959 3464 ut
2983 3411 3078 3466 est
3106 3405 3450 3484 Epitoma-

194 3518 314 3563 rum
344 3505 657 3582 ingenium
705 3512 904 3586 atque
935 3509 1323 3581 institutum,
1359 3506 1728 3585 perexiguae
1765 3505 1949 3565 molis
1984 3512 2176 3582 atque
2207 3523 2420 3583 operae
2458 3505 2740 3578 libellus,
2771 3522 2846 3568 ea
2892 3507 3085 3568 etiam
3128 3506 3204 3568 de
3252 3515 3453 3574 eausa

192 3602 313 3664 aliis
357 3605 656 3686 ejusmodi
695 3611 1035 3673 breviariis
1085 3611 1343 3680 exilior,
1377 3606 1548 3686 quod
1584 3607 1736 3668 anni
1767 3607 2039 3684 expansi
2095 3607 2349 3686 penitus
2391 3608 2808 3686 reticeantur,
2845 3608 3261 3668 historiarum
3295 3627 3449 3670 vero

190 3719 407 3768 summa
442 3708 650 3790 capita
683 3708 1070 3771 delibentur.
1119 3707 1504 3770 Translucet
1544 3706 1959 3768 nihilosecius
1998 3724 2078 3766 ex
2131 3723 2204 3766 ea
2255 3706 2518 3766 minime
2561 3707 2681 3766 sibi
2720 3711 3056 3769 constante
3103 3708 3449 3782 sententia,

192 3808 302 3866 veri
342 3809 575 3887 species
611 3809 928 3888 quendam,
966 3814 1040 3872 ut
1087 3810 1266 3874 facile
1315 3808 1607 3871 videatur
1659 3809 1767 3870 ille
1816 3809 2101 3889 potuisse
2141 3827 2274 3868 rem
2327 3825 2460 3869 acu-
2497 3815 2784 3888 tangere,
2835 3810 2955 3870 nisi
3007 3817 3452 3890 praeconcepta

189 3910 378 3990 epinio
408 3910 484 3976 de
515 3913 750 3994 duplici
784 3914 1152 3976 Eusebiano
1202 3914 1366 3974 libro
1399 3911 1592 3974 menti
1627 3911 1926 3972 tenebras
1964 3905 2318 3972 offudisset.
2349 3909 2700 3970 Enimvero
2741 3911 2833 3972 sic
2871 3912 3171 3974 existimo
3202 3913 3448 3994 (siqui-

188 4011 306 4072 dem
339 4031 402 4075 re
430 4016 567 4094 ipsa
603 4017 993 4079 concinnata
1028 4023 1122 4078 est
1170 4016 1280 4078 illa
1316 4014 1642 4094 Epitome,
1680 4031 1794 4076 nec
1827 4013 2142 4089 suSpicari
2197 4013 2370 4084 licet,
2427 4014 2886 4094 interpolatum
2931 4015 3307 4098 Hieronymi
3350 4020 3445 4079 Io~

187 4114 331 4195 cum)
359 4134 482 4178 non
521 4117 712 4181 aliam
745 4135 889 4180 eam
919 4134 1085 4190 esse,
1120 4133 1313 4194 quam
1345 4133 1488 4195 qua:
1522 4117 1582 4175 in
1613 4114 1852 4195 praevia
1897 4113 2196 4176 Chronici
2237 4113 2640 4176 ordinatione
2669 4116 3062 4191 continetur,
3103 4123 3164 4179 et
3207 4119 3451 4181 Hiero-

188 4231 352 4292 nymo
381 4215 612 4279 dicitur
643 4218 924 4298 quaedam
964 4219 1175 4298 futuri
1198 4218 1402 4297 operis
1435 4216 1698 4278 materia
1729 4240 1746 4276 :
1777 4216 2055 4293 denique
2086 4214 2206 4276 hoc
2246 4215 2328 4276 ibi
2366 4215 2551 4277 titulo
2600 4223 3020 4296 praenotatur,
3067 4221 3305 4300 Regum
3353 4239 3457 4282 se-

188 4316 314 4390 ries,
342 4327 394 4380 et
427 4329 664 4400 quanto
698 4323 958 4402 quisque
1001 4328 1274 4401 tempore
1305 4321 1684 4401 regnaverit.
1721 4318 1887 4381 Satis
1923 4324 2043 4393 est,
2084 4326 2151 4382 ut
2185 4317 2358 4398 quod
2387 4321 2596 4380 sentio
2639 4318 3045 4382 verissimum
3082 4322 3336 4398 probes,
3396 4323 3451 4386 si

187 4435 303 4480 eam
333 4424 661 4486 nominum
703 4426 934 4486 seriem
976 4430 1480 4500 contextumque
1529 4438 1565 4483 a
1605 4421 1794 4496 Nino,
1825 4419 1904 4480 ad
1943 4421 2437 4482 Constantinum
2473 4420 2675 4481 oculis
2709 4437 3006 4500 usurpes,
3049 4427 3112 4482 et
3169 4439 3304 4484 rem
3335 4433 3450 4485 tuo

186 4515 358 4597 ipsius
387 4522 651 4599 judicio,
689 4540 816 4582 non
846 4523 1058 4585 aliena
1092 4521 1211 4581 fide
1246 4523 1545 4586 aestimes.
1579 4522 1910 4581 Neminem
1953 4521 2234 4598 profecto
2264 4522 2544 4582 arbitror
2569 4525 2804 4585 morari
2839 4541 3008 4596 eam,
3043 4541 3187 4603 qum
3216 4544 3252 4590 a
3284 4529 3451 4592 Can-

187 4618 270 4694 gio
302 4620 511 4684 Grmce
548 4639 624 4684 ac
674 4622 901 4684 Latine
930 4621 1095 4683 edita
1126 4629 1245 4696 est,
1272 4623 1565 4703 Ἐπιτομὴν
1595 4627 1765 4702 χρόνω

1877 4625 1934 4682 th
1988 4622 2233 4684 Adamo
2281 4624 2359 4684 ad
2410 4625 2710 4686 Alexium
2772 4644 2979 4704 usque
3025 4625 3455 4704 Comnenum,

187 4725 402 4784 tametsi
435 4725 618 4786 titulo
640 4724 957 4804 prseferat,
975 4736 1154 4785 Ταῦτα
1190 4729 1433 4804 ἱστορεῐὸ
1469 4731 1765 4804 Kurd-«ptrue

1866 4728 2127 4790 ὐσέϐιοςό
2163 4731 2440 4804 Παμφίλου
2479 4733 2530 4784 ἐν
2555 4739 2626 4804 τῷ
2670 4732 2805 4806 λόγῳ
2837 4729 2892 4794 ὃς
2930 4734 3113 4794 ἐκλήθη
3147 4737 3444 4811 βασιλικὸς,

186 4820 456 4894 Quinimo
492 4833 583 4886 est
617 4824 792 4887 fraus
821 4825 1038 4887 islhmc
1072 4826 1332 4906 indicio,
1365 4832 1585 4888 veram
1619 4825 1764 4886 fuiss

1875 4826 1998 4885 ιιίηι
2037 4828 2118 4888 ab
2144 4827 2423 4888 Eusebio
2448 4827 2744 4909 Ἐπιτομὴν
2784 4836 3015 4911 χρόνων,
3061 4850 3177 4894 seu
3207 4833 3453 4908 verius,

189 4923 680 5007 ulHieronymus
711 4925 822 4998 ait,
857 4925 1314 4988 Chronicorum
1341 4925 1686 5000 Cortonam,
1712 4928 2182 4990 concinnatam.
2214 4929 2352 4990 Non
2381 4930 2574 5008 igitur
2606 4949 2752 4992 eum
2787 4933 2907 4994 hoc
2939 4937 3226 5008 sentiret,
3251 4933 3451 4998 falsus

190 5030 264 5084 est
287 5025 612 5108 Scaliger:
653 5025 762 5088 sed
799 5028 1020 5108 utique
1075 5046 1220 5089 cum
1254 5046 1321 5088 se
1374 5029 1430 5086 id
1480 5027 1840 5103 sentiendo,
1894 5045 2150 5091 errasse
2195 5031 2611 5108 existimavit,
2644 5039 2908 5097 strenue
2945 5035 3141 5097 falsus
3191 5040 3284 5096 est
3319 5058 3333 5098 :
3391 5043 3455 5100 et

193 5128 412 5208 culpam
444 5131 565 5192 sibi
597 5130 1003 5208 deprecatus,
1041 5131 1102 5190 in
1142 5131 1608 5210 Hieronymum
1643 5131 2063 5205 transferens,
2096 5132 2396 5210 ostendit,
2428 5152 2494 5194 se
2528 5154 2738 5218 neque
2774 5145 2996 5212 antea,
3031 5152 3242 5214 neque
3282 5144 3450 5218 post,

193 5245 412 5294 sensum
445 5233 589 5314 ejus
619 5238 1013 5304 assecutum,
1045 5236 1110 5292 et
1139 5249 1306 5292 novo
1336 5248 1466 5291 non
1501 5238 1625 5291 tam
1656 5247 1721 5292 se
1753 5249 2002 5306 errore,
2028 5247 2222 5310 quam
2250 5230 2310 5291 S.
2349 5232 2687 5298 Doctorem
2719 5235 2958 5315 injuria
2989 5236 3366 5299 cumulavit.

254 5331 382 5394 Fuit
413 5335 548 5395 haec
576 5340 796 5396 autem
841 5333 1142 5394 solemnis
1177 5333 1506 5414 Scaligero
1537 5331 1778 5392 erroris
1817 5347 2014 5395 causa
2065 5332 2126 5392 in
2168 5332 2682 5414 Hieronymiana
2723 5332 3150 5395 translatione
3201 5355 3447 5416 expen-

194 5433 398 5512 denda,
430 5438 607 5517 quod
661 5442 890 5498 nactus
937 5437 1236 5499 laciniam
1269 5435 1641 5516 quampiam
1681 5435 1744 5495 in
1783 5433 2045 5507 Graecis,
2104 5452 2250 5514 qum
2291 5435 2531 5499 Latinas
2569 5435 2901 5496 sententiae
2953 5441 3303 5520 utcumque
3351 5455 3452 5500 re-

186 5539 518 5617 sponderet,
552 5558 588 5601 e
619 5539 895 5617 vestigio
925 5538 1350 5618 pronuntiare
1385 5554 1512 5596 non
1556 5543 1651 5596 est
1684 5535 1952 5610 veritus,
1981 5554 2129 5596 eum
2179 5539 2445 5596 omnino
2478 5538 2692 5599 locum
2747 5537 2970 5616 fuisse,
3009 5555 3218 5620 eaque
3265 5543 3454 5622 plane

184 5645 343 5707 verba
379 5647 441 5706 in
475 5643 862 5706 Eusebiano
891 5643 1269 5722 exemplari,
1305 5658 1449 5719 qua:
1489 5639 1552 5700 S.
1592 5641 1779 5702 Pater
1823 5639 2051 5699 Latine
2083 5636 2494 5698 refunderet:
2550 5645 2617 5699 ut
2652 5656 2799 5700 cum
2837 5646 3051 5700 tamen
3089 5642 3173 5704 ab
3229 5645 3304 5704 iis
3347 5647 3461 5704 aut

182 5763 373 5824 sensu,
406 5753 521 5810 aut
556 5745 826 5807 nomine
857 5750 1037 5806 tenus
1075 5743 1344 5818 abludit,
1375 5743 1759 5804 conclusum
1796 5745 1922 5811 eat,
1954 5753 2102 5799 eum
2139 5753 2310 5796 nunc
2338 5737 2609 5799 dictandi
2643 5741 3084 5818 preperantia,
3119 5760 3294 5805 nunc
3319 5739 3458 5802 hal-
