3996 6290
374 310 376 313 λ
469 238 540 294 es
1886 236 1952 292 Pl

2195 236 2277 293 10.
2767 283 2774 289 .
3072 254 3078 261 ·
3702 241 3773 299 24

471 353 895 429 lucinatione,
932 351 1103 432 quod
1158 352 1477 432 penitiore
1517 354 1767 415 careret
1812 351 2047 415 Graecae
2080 352 2322 434 linguae
2357 352 2622 417 scientia
2654 400 2671 431 ,
2705 371 3027 435 peccasse.
3053 355 3262 418 Nolim
3311 374 3430 438 ego
3466 354 3772 436 Scaligeri

473 457 710 522 famam
738 458 1056 531 imminui,
1086 475 1283 538 quam
1311 457 1430 519 sibi
1463 457 1528 517 in
1555 473 1631 520 ea
1660 457 1851 519 etiam
1883 456 2267 520 eruditionis
2299 460 2485 535 parte
2520 458 2692 537 apud
2719 477 2980 521 omnem
3010 460 3450 539 posteritatem
3481 460 3627 538 jure
3667 478 3776 539 pe-

471 561 639 641 perit
671 580 687 621 :
717 560 984 623 fidenter
1014 567 1226 622 tamen
1256 559 1387 636 aio,
1416 562 1668 621 tantum
1713 558 1805 619 illi
1836 559 2207 623 Graecarum
2240 560 2604 622 litterarum
2636 561 2869 639 peritia
2912 566 3254 640 praestasse
3280 560 3777 642 Hieronymum,

473 664 791 737 quantum
819 661 875 722 ei
912 659 1023 738 qui
1050 658 1343 739 linguam
1376 656 1592 720 multis
1629 658 1761 738 jam
1806 658 2059 721 saeculis
2096 659 2481 736 obsoletam,
2516 659 2731 721 studio
2764 661 3062 741 improbo
3086 660 3366 740 edidicit,
3420 661 3529 724 ille
3557 664 3670 742 qui
3705 681 3781 725 eo

472 761 617 841 ipso
653 760 911 833 saeculo,
941 776 1219 838 cumque
1252 758 1328 820 iis
1365 758 1549 832 vixit,
1580 759 1814 839 quibus
1841 776 2056 823 sermo
2085 760 2195 823 ille
2225 761 2612 823 vernaculus
2647 760 2786 822 fuit.
2828 763 2908 823 At
2937 761 3341 842 Syncellum,
3389 763 3626 841 inquit,
3669 763 3784 827 ha-

474 864 600 925 beo
633 863 1015 927 Eusebiana)
1043 862 1381 941 scriptura:
1407 862 1874 943 ﬁdejussorem.
1930 863 2023 925 Sit
2060 864 2167 926 ille
2205 864 2464 945 quidem
2497 864 2657 927 locis
2693 867 2858 927 bene
2896 864 3112 925 multis
3145 884 3161 923 :
3194 881 3350 925 num
3379 866 3543 927 adeo
3574 860 3785 927 omni-

476 965 622 1039 bus,
644 967 708 1027 et
734 964 1087 1028 continenti
1116 964 1285 1027 serie
1308 964 1660 1027 Eusebium
1690 973 1823 1026 κατά
1846 971 1986 1035 λέξιν
2010 964 2050 1024 d

2207 965 2608 1039 ipsit?Immo
2634 981 2786 1027 vero
2819 982 2967 1027 cum
2998 964 3332 1027 inimicum
3366 984 3435 1029 se
3465 966 3557 1027 illi
3584 966 3785 1046 proﬁ-

474 1080 711 1148 teatur,
745 1074 1079 1151 multaque
1114 1073 1178 1134 in
1209 1072 1386 1135 aliud
1417 1077 1611 1151 atque
1641 1071 1749 1133 ille
1780 1078 2031 1152 tempus
2065 1070 2414 1133 transierat
2436 1115 2451 1145 ,
2485 1070 2734 1132 tametsi
2783 1070 3119 1132 materiam
3172 1071 3254 1132 ab
3300 1088 3378 1133 eo
3429 1071 3782 1135 suil'uratus

476 1186 595 1255 est,
630 1179 824 1241 verba
873 1174 1215 1237 identidem
1246 1156 1619 1248 demutarit,
1662 1180 1732 1235 ut
1776 1173 1853 1235 de
1901 1192 2020 1235 suo
2046 1171 2292 1253 aliquid
2328 1189 2529 1235 ausus
2562 1172 2817 1233 tandem
2867 1170 3216 1234 videretur.
3262 1173 3610 1236 Enimvero
3650 1193 3781 1237 non

472 1277 805 1358 Syncellus
835 1274 1023 1337 modo
1053 1274 1406 1337 Eusebium
1436 1275 1802 1352 descripsit,
1840 1276 1950 1337 sed
1987 1280 2047 1336 et
2074 1273 2379 1337 Chronici
2421 1274 2749 1336 Paschalis
2777 1280 3007 1337 auctor
3035 1292 3230 1354 saepe,
3255 1274 3585 1340 Cedrenus
3609 1278 3790 1359 item,

475 1389 672 1460 atque
707 1378 842 1452 alii,
875 1379 985 1456 qui
1015 1382 1226 1440 tamen
1261 1377 1325 1437 in
1361 1393 1490 1439 una
1526 1378 1880 1456 eademque
1915 1375 2252 1439 referenda
2295 1376 2568 1439 historia
2613 1377 2825 1439 verbis
2859 1375 3249 1438 dissentiunt
3298 1379 3466 1440 inter
3511 1397 3605 1443 se.
3645 1381 3789 1453 Non

474 1489 571 1545 est
616 1485 837 1565 itaque
889 1484 1182 1562 definita,
1215 1485 1384 1565 apud
1436 1503 1631 1564 quem
1661 1501 1826 1566 pura
1878 1486 2098 1547 dictali
2144 1484 2495 1547 Euscbiani
2536 1484 2806 1560 veritas,
2853 1484 3125 1564 ipsaque
3181 1484 3383 1547 series
3442 1487 3790 1549 verborum

478 1595 758 1667 constet,
809 1595 879 1650 ut
916 1594 1161 1650 certum
1203 1606 1283 1649 ex
1332 1606 1557 1650 eorum
1592 1589 1967 1668 fragmentis
2023 1588 2273 1649 institui
2307 1588 2384 1649 de
2426 1586 2803 1667 Hieronymi
2856 1587 3158 1648 versione
3189 1586 3501 1666 judicium
3538 1588 3789 1666 possit:

476 1689 634 1767 quin
668 1691 883 1768 potius
911 1688 987 1752 ad
1036 1689 1335 1752 Latinum
1367 1707 1486 1768 par
1526 1697 1648 1767 est,
1674 1688 2007 1773 dissimilis
2052 1688 2256 1751 Grmci
2308 1693 2650 1749 contextus
2704 1686 2891 1748 fidem
2938 1687 3249 1765 experiri,
3284 1692 3354 1749 ut
3404 1705 3551 1766 quae
3582 1691 3788 1769 magis

472 1791 883 1853 translationi
928 1798 1316 1867 consonant,
1353 1790 1724 1852 Eusebiana
1762 1790 1992 1871 potiori
2021 1788 2169 1869 jure
2201 1788 2562 1850 videantur.
2600 1789 2885 1860 Possem,
2922 1787 3043 1848 hoc
3071 1789 3267 1869 probe
3308 1787 3790 1868 animadverso,

476 1913 591 1977 per
622 1891 910 1973 singulas
944 1892 1038 1953 ire
1069 1891 1558 1953 criminationes
1594 1890 1931 1971 Scaligeri,
1964 1891 2205 1968 quibus
2239 1889 2494 1952 nullum
2525 1888 2927 1952 obtrectandi
2955 1890 3354 1970 Hieronymo
3389 1890 3581 1955 tinem
3614 1894 3790 1971 facit,

475 2004 541 2059 et
575 2014 718 2075 quae
762 2010 1077 2058 conversa
1112 1995 1194 2057 ab
1239 2010 1315 2055 eo
1372 2010 1738 2073 perperam,
1785 1998 1897 2054 aut
1953 1992 2085 2053 alio
2123 1992 2454 2070 eXplicatu
2505 1989 2944 2069 reprehendit,
2982 1990 3205 2053 Graeco
3241 1994 3595 2072 exemplari
3628 1995 3798 2060 ﬁde-

471 2101 666 2171 liora,
701 2102 763 2160 et
788 2098 992 2159 multo
1026 2095 1286 2174 quidem
1319 2094 1756 2157 verosimilius
1790 2091 2154 2155 ostendere.
2192 2091 2312 2153 Sed
2345 2098 2407 2153 et
2437 2091 2565 2153 alia
2598 2107 2796 2154 causa
2825 2097 2945 2167 est,
2990 2094 3074 2154 ob
3103 2110 3300 2172 quam
3359 2096 3545 2158 nobis
3580 2115 3791 2161 excu-

475 2201 609 2263 sari
641 2199 705 2259 S.
743 2200 1067 2276 lnterpres
1102 2194 1326 2275 debet;
1373 2198 1604 2257 nactus
1637 2199 1735 2255 est
1789 2193 1960 2254 enim
2002 2192 2444 2254 Eusebianum
2480 2192 2820 2271 exemplar
2877 2191 3121 2254 alicubi
3180 2192 3688 2269 inemendatum,
3721 2202 3797 2259 ut

474 2297 821 2361 manifesto
857 2297 1093 2360 indicio
1127 2295 1318 2356 unius
1364 2294 1716 2358 alteriusve
1749 2293 1876 2355 loci
1924 2296 2181 2354 constat
2212 2317 2227 2356 :
2266 2309 2476 2372 neque
2508 2292 2567 2355 ei
2602 2292 2787 2355 licuit
2821 2309 2939 2374 pro
2978 2294 3287 2374 temporis
3334 2300 3636 2377 angustia
3691 2300 3800 2363 fa-

478 2420 627 2467 cere
657 2402 939 2464 librariae
977 2400 1323 2480 diligentiae
1360 2398 1739 2477 periculum.
1792 2397 1957 2459 Hinc
1989 2413 2184 2474 porro
2236 2396 2344 2458 ille
2393 2401 2574 2457 ortus
2616 2397 2913 2478 Παράδιος,
2961 2397 3073 2476 qui
3105 2398 3181 2459 de
3234 2397 3453 2462 Minoe
3504 2403 3793 2484 scripsit,
3832 2415 3844 2423 '

484 2523 724 2580 novus,
753 2505 953 2566 immo
983 2503 1462 2566 commentitius
1506 2502 1697 2581 plane
1737 2507 1989 2573 auctor,
2041 2499 2150 2561 sed
2184 2498 2495 2579 Scaligeri
2523 2497 2803 2561 dicteriis
2847 2499 2983 2579 jam
3037 2500 3168 2563 fere
3222 2502 3458 2577 notior,
3487 2522 3684 2583 quam
3732 2508 3791 2569 si

486 2625 642 2671 vere
691 2607 847 2669 olim
876 2607 1251 2668 exstitisset.
1287 2604 1660 2686 Legendum
1695 2604 1894 2665 fuisse
1922 2602 2064 2665 disti

2215 2620 2241 2663 S
2274 2602 2491 2664 verbis
2519 2610 2662 2684 παρὰ
2710 2609 2857 2675 Διὸς,
2892 2620 3019 2664 non
3062 2603 3455 2682 conjunctim
3494 2613 3793 2691 Παρὰδιος,

479 2727 677 2772 nemo
705 2709 824 2770 ibit
853 2707 1145 2770 inficias:
1194 2706 1387 2767 simul
1418 2711 1634 2769 autem
1665 2706 1946 2783 culpam,
1980 2703 2102 2764 nisi
2138 2702 2190 2764 si
2224 2703 2286 2764 in
2333 2702 2805 2785 Hieronymum
2840 2703 3133 2784 iniquior
3184 2711 3307 2782 est,
3345 2707 3568 2772 Graeco
3609 2728 3800 2776 ama-

484 2811 718 2875 nuensi
752 2828 942 2872 nemo
972 2827 1099 2871 non
1129 2809 1424 2888 imputet.
1471 2808 1637 2870 Sane
1671 2811 1744 2869 ut
1770 2809 1916 2888 iste,
1949 2807 2035 2871 ita
2068 2808 2362 2888 plerique
2391 2807 2526 2882 alii,
2556 2808 2667 2886 (ιυί
2704 2807 2771 2870 in
2799 2807 3115 2887 judicium
3156 2820 3498 2887 vocantur,
3548 2817 3795 2880 caeteris

494 2915 821 2994 explicatu
848 2911 1240 2974 difﬁciliores
1274 2912 1395 2973 loci
1428 2928 1558 2972 non
1589 2915 1743 2973 sunt
1774 2929 1792 2971 :
1829 2928 1992 2989 quos
2024 2911 2332 2972 nimirum
2377 2911 2830 2987 scientissime,
2887 2913 3028 2993 ipso
3065 2916 3385 2979 interdum
3433 2916 3796 2982 admirante

487 3019 844 3101 Scaligero,
875 3021 971 3079 est
1004 3018 1486 3096 interpretatus.
1541 3016 1741 3078 Linea
1778 3013 2090 3077 exciderit
2119 3015 2183 3075 in
2218 3014 2346 3076 fere
2379 3015 2666 3093 protritis
2696 3022 2894 3095 atque
2920 3017 3150 3092 obviis,
3189 3021 3300 3098 qui
3338 3020 3545 3085 ardua
3573 3021 3785 3083 felici-

482 3128 586 3184 ter
620 3138 916 3183 emensus
950 3124 1073 3197 est,
1104 3125 1165 3180 et
1192 3124 1366 3180 recta
1397 3117 1680 3192 incessit,
1715 3132 1848 3196 qua
1883 3116 2064 3179 nulla
2107 3122 2242 3179 erat
2293 3116 2444 3178 via?
2494 3116 2622 3178 Nec
2654 3118 3267 3194 prmtermittcndum
3300 3122 3428 3186 alia
3463 3142 3547 3185 ex
3584 3129 3790 3204 parte,

487 3226 659 3304 quod
697 3242 925 3286 errore
957 3219 1277 3284 interdum
1307 3238 1560 3297 eorum,
1592 3220 1703 3299 qui
1734 3220 2205 3299 Hieronymum
2240 3216 2747 3297 descripserunt,
2792 3218 3110 3282 adversus
3141 3240 3289 3284 eum
3336 3223 3563 3285 nititur
3604 3241 3801 3288 accu-

490 3328 657 3391 satio
689 3346 704 3385 :
752 3325 939 3404 cujus
970 3322 1154 3385 nulla
1184 3321 1343 3384 adeo
1374 3321 1470 3383 vis
1495 3321 1637 3394 erit,
1672 3322 1723 3381 si
1762 3320 2049 3402 pristina:
2081 3317 2435 3397 integritati
2473 3323 2744 3381 vexatus
2771 3317 2953 3380 locus
2996 3321 3401 3382 restituatur.
3447 3323 3590 3386 Non
3638 3342 3802 3388 raro

486 3433 704 3491 autem
738 3426 1088 3503 depravata
1125 3416 1438 3503 ejusmodi
1470 3421 1662 3484 lectio
1692 3421 2091 3501 Scaligerum
2124 3418 2369 3494 fefellit,
2399 3420 2508 3500 qui
2545 3420 2738 3484 etiam
2765 3438 2996 3485 cavere
3033 3422 3334 3484 mendum
3373 3442 3520 3487 cum
3549 3436 3800 3508 posset,

485 3533 551 3595 id
579 3533 806 3595 maluit
838 3533 899 3593 S.
938 3530 1307 3609 lnterpreti,
1333 3531 1546 3608 potius
1579 3546 1777 3608 quam
1823 3528 2185 3590 scribarum
2234 3526 2504 3590 incurias
2537 3528 2756 3589 tribui.
2803 3530 2884 3591 Et
2914 3538 3208 3595 senserat
3258 3539 3501 3609 tamen,
3541 3539 3801 3601 nullum

483 3639 727 3701 librum
757 3641 851 3699 tot
879 3654 1179 3699 errorum
1210 3636 1514 3697 monstris
1545 3634 1999 3709 deformatum,
2039 3639 2129 3696 tot
2165 3635 2337 3697 vitiis
2371 3635 2669 3709 oblitum,
2704 3640 2835 3696 tam
2883 3634 3250 3717 prodigiose
3282 3640 3799 3706 contaminatum

487 3741 556 3803 in
592 3756 745 3803 suas
778 3756 1006 3803 manus
1035 3739 1399 3816 devenisse,
1426 3754 1624 3818 quam
1654 3739 1843 3800 erant
1876 3736 2127 3800 codices
2158 3736 2354 3817 hujus
2386 3736 2687 3799 Chronici
2721 3741 2853 3799 tam
2883 3737 3060 3813 editi,
3098 3756 3296 3817 quam
3326 3741 3548 3820 scripti
3586 3762 3602 3802 :
3640 3749 3709 3806 ut
3740 3748 3799 3808 si

488 3843 570 3905 ad
602 3848 838 3904 rectam
875 3842 1127 3903 critices
1166 3856 1461 3901 normam
1494 3839 1739 3920 judicia
1770 3854 1890 3901 sua
1927 3837 2222 3901 conferre
2250 3838 2586 3913 voluisset,
2618 3838 2699 3900 ab
2728 3839 3014 3922 auctoris
3037 3843 3135 3901 sui
3171 3841 3462 3920 partibus
3493 3844 3798 3907 standum

486 3944 582 4005 illi
616 3945 999 4021 plerumque
1047 3946 1240 4017 esset,
1269 3946 1331 4001 et
1365 3942 1442 4002 de
1494 3940 1738 4001 inolitis
1792 3958 1907 4019 per
1961 3940 2491 4020 antiquariorum
2547 3941 2959 4002 oscitantiam
3012 3943 3255 4004 mendis
3309 3946 3795 4024 suSpicandum.

483 4045 782 4123 Denique
828 4051 890 4105 et
935 4059 1125 4104 suum
1164 4041 1589 4122 Hieronymo,
1628 4040 1802 4119 quod
1846 4041 2164 4119 optimum
2215 4039 2580 4119 videbatur,
2640 4058 2844 4121 genus
2896 4042 3552 4122 interpretandi'erat
3606 4066 3621 4106 :
3679 4064 3803 4111 nec

488 4143 764 4205 verbum
794 4142 992 4205 verbo
1020 4139 1285 4203 reddere
1321 4138 1484 4201 ﬁdus
1510 4140 1783 4213 curavit,
1818 4139 1926 4200 sed
1960 4140 2155 4201 veluti
2185 4141 2480 4218 captivas
2516 4141 2869 4204 sententias
2893 4140 3041 4221 jure
3073 4143 3530 4224 triumphantis
3565 4148 3630 4209 in
3659 4148 3802 4210 La—

493 4249 703 4308 tinum
752 4244 1083 4307 transtulit
1115 4265 1128 4304 :
1161 4249 1230 4306 ut
1258 4260 1453 4324 porro
1484 4259 1612 4305 non
1643 4242 1719 4305 ad
1751 4242 1939 4319 alias,
1970 4260 2165 4321 quam
2201 4244 2279 4307 ad
2319 4243 2681 4324 prepositas
2710 4244 2829 4305 sibi
2864 4244 3121 4325 regulas
3150 4245 3256 4308 hic
3287 4247 3426 4327 ejus
3458 4249 3643 4311 labor
3677 4271 3802 4313 ex-

491 4348 686 4430 pendi
716 4348 968 4410 debeat.
1004 4354 1347 4429 Παραφράζει
1372 4350 1603 4410 autem
1626 4345 1900 4425 saepius:
1937 4352 1999 4407 et
2044 4344 2374 4424 professus
2409 4344 2545 4424 ipse
2574 4351 2670 4407 est
2699 4346 2763 4406 in
2801 4346 2947 4408 libri
2980 4347 3379 4425 praefatione,
3411 4368 3472 4412 se
3500 4364 3556 4413 et
3600 4354 3801 4416 inter-

485 4453 715 4534 pretis,
747 4458 807 4512 et
827 4451 1164 4530 scriptoris
1196 4468 1273 4510 ex
1295 4456 1477 4529 parte
1510 4448 1721 4531 ofﬁcio
1750 4467 1975 4510 usum:
2004 4448 2175 4529 quia,
2214 4449 2454 4527 inquit,
2491 4457 2555 4509 et
2581 4447 2802 4510 Graeca
2829 4449 3183 4529 ﬁdelissime
3210 4453 3514 4531 expressi,
3547 4462 3604 4515 et
3639 4472 3800 4515 non-

488 4552 673 4615 nulla
695 4571 830 4633 qua:
857 4551 1009 4614 mihi
1045 4552 1403 4614 intermissa
1447 4550 1850 4625 videbantur,
1901 4550 2128 4633 adfeci,
2163 4552 2235 4613 in
2269 4546 2548 4612 [fontana
2599 4552 2867 4613 maxime
2913 4551 3204 4628 historia,
3251 4554 3438 4635 'quam
3489 4556 3801 4637 Eusebius

488 4657 682 4739 hujus
711 4655 1004 4718 conditor
1030 4653 1204 4732 libri,
1233 4673 1365 4716 non
1397 4663 1521 4715 tam
1550 4656 1898 4733 ignorasse,
1934 4661 2153 4734 utpote
2179 4653 2669 4731 eruditissimus,
2698 4672 2881 4735 quam
2904 4663 2975 4716 ut
3005 4655 3216 4718 Graece
3242 4657 3542 4730 scribens,
3570 4677 3802 4739 parum

484 4759 622 4822 suis
646 4755 1053 4819 necessariam
1084 4753 1561 4835 perstrinxisse,
1614 4753 1768 4818 mihi
1794 4754 2065 4816 videtur.
2100 4753 2322 4832 Itaque
2350 4772 2388 4813 a
2421 4753 2591 4817 Nino
2622 4760 2686 4814 et
2717 4752 3033 4815 Abraham
3064 4773 3256 4835 usque
3285 4755 3368 4817 ad
3406 4757 3615 4839 Trij
3648 4778 3804 4840 cap-

491 4859 803 4926 tivitatem
824 4876 992 4939 pura
1020 4857 1235 4920 Graeca
1265 4857 1603 4920 translatio
1640 4866 1749 4919 est.
1784 4858 1836 4919 Α
1865 4858 2061 4937 Troja
2089 4875 2281 4937 usque
2301 4857 2381 4918 ad
2406 4858 2767 4919 vicesimum
2796 4858 3209 4923 Constantini
3239 4878 3476 4924 annum
3494 4881 3665 4926 nunc
3688 4865 3804 4929 ad-

487 4962 650 5041 dita,
684 4980 854 5024 nunc
884 4962 1087 5023 mixta
1112 4967 1261 5021 sunt
1285 4961 1586 5041 plurima,
1622 4978 1758 5041 quae
1788 4959 1858 5021 de
1885 4956 2256 5040 Tranquillo
2283 4966 2342 5019 et
2372 4960 2609 5021 caeteris
2639 4959 3001 5022 illustribus
3028 4960 3356 5025 historicis
3378 4965 3803 5029 curiosissime

488 5064 1023 5146 excerpsimus.-A
1052 5062 1462 5126 Constantini
1495 5070 1703 5125 autem
1730 5062 2102 5144 supradicto
2135 5079 2330 5141 anno,
2370 5079 2563 5143 usque
2593 5060 2676 5123 ad
2704 5060 3106 5125 consulatum
3151 5065 3609 5145 Augustorum,
3662 5069 3802 5131 Va-

487 5166 675 5229 lentis
711 5185 775 5228 vx
807 5174 863 5228 et
902 5164 1337 5230 Valentiniani
1366 5164 1622 5241 iterum,
1654 5172 1855 5227 totum
1884 5176 2085 5227 meum
2108 5172 2222 5226 est.

563 5269 751 5330 Nunc
778 5268 856 5330 de
885 5285 1086 5348 anno,
1115 5268 1218 5331 cui
1264 5268 1493 5331 Versio
1540 5268 1681 5347 ipsa
1709 5267 2093 5333 ascribenda
2118 5269 2436 5334 videatur.
2469 5270 2759 5352 Scaliger
2797 5290 2915 5353 pro
2940 5279 3118 5336 certo
3153 5273 3411 5350 asserit,
3448 5273 3510 5335 S.
3544 5275 3799 5337 Patrem

492 5369 1062 5449 quadragesimum
1095 5386 1343 5433 nonum
1370 5369 1575 5433 astatis
1605 5385 1740 5431 suae
1771 5373 1927 5461 tunc
1965 5370 2200 5448 egisse,
2234 5371 2538 5451 Prosperi
2569 5373 3011 5435 testimonium
3040 5378 3329 5447 secutus,
3367 5375 3478 5451 qui
3515 5376 3598 5437 ab
3626 5393 3800 5440 anno

481 5470 774 5550 vulgaris
799 5488 945 5533 terte
971 5472 1113 5544 331,
1148 5473 1350 5534 Basso
1379 5476 1441 5534 et
1476 5471 1751 5534 Ablavio
1774 5472 1983 5545 'coss.,
2024 5472 2309 5536 natalem
2338 5476 2475 5554 ejus
2523 5474 2693 5538 diem
2745 5476 2998 5553 repetit.
3036 5474 3239 5539 Valde
3273 5481 3490 5539 autem
3523 5486 3674 5542 sunt
3723 5500 3799 5548 ea

484 5572 564 5634 de
593 5590 664 5634 re
693 5571 965 5634 diversae
993 5573 1330 5636 doctorum
1360 5574 1695 5636 hominum
1734 5574 2094 5651 sententias,
2126 5591 2272 5654 quas
2301 5592 2513 5654 neque
2546 5576 2672 5638 huc
2725 5578 3069 5657 pertinent.
3108 5595 3323 5656 neque
3351 5584 3560 5642 rectas
3593 5585 3687 5642 ex‘
3723 5601 3801 5646 ea

484 5676 674 5752 parte
708 5672 995 5733 rationes
1021 5673 1189 5733 inire
1220 5689 1339 5734 nos
1371 5674 1614 5736 sinunt.
1648 5674 1834 5749 Quod
1875 5679 2014 5736 tuto
2047 5673 2375 5750 affirmare
2424 5676 2601 5753 licet,
2656 5684 3012 5756 antequam
3044 5677 3358 5742 Homilias
3385 5679 3686 5761 Origenis
3730 5684 3798 5746 in

475 5771 822 5838 Jeremiam
851 5770 1004 5835 et'in
1038 5771 1440 5837 Ezechielem
1469 5772 1549 5837 de
1585 5774 1808 5838 Graeco
1836 5777 2112 5838 verteret
2162 5775 2226 5838 in
2274 5777 2601 5859 Latinum,
2656 5779 2830 5844 hunc
2862 5779 3088 5844 eodem
3144 5781 3442 5847 Romano
3472 5785 3653 5848 cultu
3704 5783 3789 5847 li~
