3996 6290
168 227 215 285 ‘15
1593 230 1746 287 ΡΠᾹΞ

1902 229 1988 285 10.
2569 223 2578 233 ’
3403 227 3475 283 26

176 343 320 404 brum
350 341 752 407 donaverat.
794 345 1209 425 Compertum
1247 346 1366 408 hoc
1392 350 1487 408 est
1521 362 1601 406 ex
1628 344 1877 419 ordine,
1911 360 2104 422 quem
2138 341 2396 404 instruit
2434 343 2569 421 ipse
2612 360 2882 405 suorum
2917 360 3216 423 operum,
3254 345 3463 424 capite

182 447 369 508 ultimo
394 445 543 506 libri
577 447 661 508 de
694 446 879 509 Viris
909 447 1303 524 lllustribus,
1329 449 1439 508 ubi
1479 447 1771 526 proxime
1802 462 1837 507 a
1870 444 2177 508 Chronico
2232 444 2597 507 omnimodae
2630 444 2936 520 historiw,
2978 446 3279 509 homilias
3313 447 3459 508 illas

188 554 451 611 recenset.
480 548 831 610 Pertinent
873 566 1024 609 vero
1068 549 1191 609 illae
1222 546 1419 629 (quod
1449 547 1632 608 bonis
1661 564 1781 607 suo
1825 546 1965 607 loco
1997 546 2396 624 argumentis
2429 545 2765 623 evicimus‘)
2807 545 2883 607 ad
2913 562 3161 607 annum
3200 552 3460 608 trecen-

195 654 440 715 tesimum
468 651 981 732 octogesimum,
1013 651 1109 711 vel
1138 651 1589 728 insequentem
1630 669 1644 709 :
1685 667 1765 710 ex
1811 666 1942 727 quo
1977 648 2075 711 vel
2114 647 2192 709 ad
2222 646 2520 709 eumdem
2567 647 2749 708 illum
2782 664 3025 709 annum
3058 650 3156 711 vel
3187 648 3265 711 ad
3297 667 3468 729 prte-

200 757 478 819 cedeutem
528 757 862 836 proxime,
905 757 1426 818 trecentesimum
1475 756 2028 837 septuagesimum
2067 772 2335 828 nouum,
2387 754 2803 816 referendum
2837 755 3012 817 hunc
3066 773 3238 831 esse,
3287 754 3473 817 facile

204 860 510 940 intelligas.
572 860 749 921 Idem
803 861 1108 940 colligere
1154 866 1251 923 est
1286 878 1366 922 ex
1426 860 1883 940 chronologica
1936 865 2091 922 nota
2144 858 2430 939 epistolae
2462 859 2521 918 in
2556 863 2777 921 nostra
2832 860 3211 921 recensione
3263 858 3342 918 57
3386 860 3465 920 ad

203 966 667 1042 Pammachium,
697 964 776 1026 de
812 966 1055 1045 Optimo
1085 983 1322 1045 genere
1360 962 1851 1044 interpretandi,
1884 979 2061 1021 num.
2093 960 2156 1035 5,
2196 960 2331 1036 ubi,
2373 977 2490 1038 pro
2525 960 2787 1039 vulgata
2833 961 3105 1023 lectione
3135 960 3296 1021 falsa
3327 971 3472 1021 ante

205 1085 364 1128 annos
390 1067 639 1128 circiter
667 1066 924 1145 viginti,
964 1066 1451 1128 rescribendum
1503 1064 1902 1139 monuimus,
1936 1070 2079 1123 ante
2117 1081 2319 1122 annos
2369 1080 2482 1135 xv,
2532 1081 2678 1141 qum
2708 1065 3057 1125 numericze
3085 1070 3252 1124 nota:
3287 1061 3471 1124 facile

208 1170 259 1230 in
284 1187 360 1230 xx
386 1168 739 1247 persimiles
778 1165 1147 1246 depravatae
1180 1166 1565 1228 videbantur
1597 1187 1611 1226 :
1650 1164 1710 1224 id
1752 1162 1920 1242 quod
1960 1167 2207 1223 tantum
2237 1163 2446 1237 abest,
2480 1167 2548 1223 ut
2579 1180 2751 1223 nunc
2781 1163 3023 1224 dictum
3064 1179 3468 1237 revocemus,

212 1270 333 1348 quin
363 1269 567 1347 potius
612 1284 806 1344 novo,
834 1273 906 1328 ut
935 1268 1103 1328 ratio
1135 1273 1494 1345 temporum
1531 1270 1804 1341 constet,
1833 1264 2084 1327 calculo
2116 1265 2640 1344 comprobantus.
2667 1263 3037 1345 Ohganniat
3068 1265 3307 1327 furiose
3342 1283 3461 1327 ne-

214 1372 319 1431 scio
345 1370 475 1448 quis
512 1387 546 1430 e
578 1367 1140 1430 Benedictinorum
1166 1368 1630 1429 Parisiensium
1664 1366 1930 1439 familia,
1965 1382 2198 1425 nomen
2238 1371 2293 1426 et
2330 1382 2515 1427 omen
2548 1365 2791 1427 habens
2831 1366 3053 1426 Frater
3081 1366 3407 1427 Martinus
3440 1388 3458 1427 :

216 1472 310 1531 rite
340 1487 442 1550 per
465 1486 576 1529 nos
605 1470 715 1532 illa
752 1486 929 1531 anno
957 1468 1408 1530 trecentesimo
1440 1468 1863 1548 nonagesimo
1892 1467 2121 1546 quinto
2144 1466 2415 1544 epistola
2446 1468 2827 1547 consignata
2865 1476 2985 1544 est,
3022 1473 3085 1530 et
3116 1468 3237 1529 loci
3269 1484 3466 1546 quam

217 1573 619 1651 proposuimus
660 1571 1205 1646 emendationem,
1238 1588 1446 1633 annus
1484 1570 1559 1631 ad
1603 1587 1795 1648 quem
1844 1567 2184 1630 referenda
2232 1568 2499 1629 omnino
2528 1575 2625 1630 est
2656 1569 2957 1632 Chronici
2995 1569 3470 1647 interpretatio,

221 1677 591 1747 verissimam,
620 1692 746 1736 non
789 1674 1027 1754 putidis
1061 1672 1318 1752 quidem
1373 1671 1614 1735 invidia
1664 1672 1971 1745 cerebris,
2007 1670 2115 1731 sed
2153 1670 2315 1731 bene
2364 1669 2751 1733 habentibus
2789 1669 3043 1750 probat.
3103 1668 3287 1732 Brevi
3320 1668 3468 1740 erit,

222 1781 309 1857 qui
337 1779 502 1840 simul
534 1780 747 1840 omnia
779 1778 1063 1858 religiosi
1093 1776 1372 1838 hominis
1401 1774 1732 1837 mendacia
1770 1775 2007 1854 (neque
2042 1777 2214 1835 enim
2252 1776 2425 1853 quod
2460 1793 2575 1836 nos
2608 1779 2878 1855 spectet,
2910 1776 3086 1837 aliud
3118 1774 3248 1834 fere
3282 1774 3365 1834 ab
3392 1789 3470 1833 eo

222 1892 299 1944 est
325 1883 533 1945 chartis
585 1883 845 1961 illitum)
882 1886 1129 1961 relegat
1158 1881 1379 1960 vulgo,
1414 1885 1474 1940 et
1501 1882 1552 1941 si
1590 1896 1722 1957 qua
1753 1878 1846 1939 illi
1901 1878 2076 1938 frons
2104 1883 2393 1954 superat,
2428 1876 2733 1954 pudorem
2766 1877 3061 1938 incutiat.
3107 1875 3236 1935 Nos
3274 1889 3475 1933 unum

223 1986 361 2046 istud
392 1992 634 2064 cogente
668 1986 1007 2065 preposito
1034 1983 1363 2063 attigimus
1398 2003 1413 2042 :
1452 1989 1682 2044 caetera
1717 1980 1920 2059 iniqui
1955 1982 2019 2041 iu
2056 1997 2171 2040 nos
2206 1979 2437 2055 simus,
2468 1979 2519 2040 si
2550 1995 2743 2058 quem
2774 1977 2956 2039 nihili
3006 1975 3302 2050 facimus,
3332 1973 3472 2053 ejus

224 2102 541 2147 moveamur
570 2086 819 2147 insanis
857 2084 1458 2153 obtrectationibus,
1498 2087 1559 2143 et
1586 2080 1956 2143 calumniis.
2618 2078 2621 2079 ⁷

287 2188 360 2247 De
380 2188 701 2266 Prospero,
728 2187 915 2267 cujus
946 2186 1497 2249 continuationem
1523 2186 1714 2264 juxta
1745 2188 2074 2264 receptum
2110 2181 2420 2245 hactenus
2460 2181 2777 2243 editorum
2824 2198 3071 2241 morem
3126 2180 3475 2241 subnecti-

225 2306 360 2360 mus,
385 2288 613 2366 praefari
651 2289 816 2349 nihil
842 2305 1004 2364 Opus
1040 2291 1157 2348 est.
1188 2285 1668 2365 Prmoccup'avit
1695 2286 1858 2346 bene
1898 2283 2100 2344 multa
2128 2283 2446 2342 Pontacus
2476 2280 2543 2341 in
2581 2281 2941 2358 Apparatu,
2989 2296 3183 2358 quem
3221 2295 3466 2340 consu-

221 2385 333 2457 las;
364 2392 473 2449 tum
506 2387 812 2465 pleraque
836 2386 966 2448 alia
995 2386 1273 2446 Jacobus
1306 2386 1666 2463 Basnagius
1693 2384 1757 2444 in
1787 2380 2472 2443 Animadversionibus
2501 2378 2948 2441 iuChronicou
2975 2380 3114 2458 ejus
3146 2379 3470 2457 integrum

221 2492 365 2547 tomo
387 2488 574 2565 primo
610 2488 1049 2565 Antiquarum
1084 2484 1322 2548 Cauisii
1356 2485 1728 2545 Lectionum
1758 2505 1775 2559 ;
1822 2480 2101 2559 denique
2138 2480 2223 2541 ita
2262 2478 2506 2540 casteris
2540 2476 2913 2557 diligentior
2941 2478 3243 2539 omnibus
3274 2475 3471 2555 quid—

220 2590 346 2665 quid
386 2595 509 2654 erat
562 2595 784 2653 notatu
830 2589 1095 2669 dignum
1150 2587 1503 2667 eXplicavit
1556 2592 1705 2648 ante
1759 2602 1966 2646 annos
2012 2582 2208 2644 ferme
2254 2584 2497 2659 septem
2544 2578 3003 2641 Amslelodami
3066 2578 3475 2643 doctissimus

218 2691 460 2754 Joannes
492 2691 1110 2771 Vanderhaageuius
1153 2690 1350 2771 (quod
1385 2706 1620 2751 nomen
1657 2706 1845 2749 suum
1877 2684 2142 2761 addidit,
2172 2703 2317 2745 cum
2347 2701 2500 2746 suos
2529 2683 3070 2745 Observationum
3110 2682 3475 2745 Chronolo-

220 2795 468 2872 gicarum
501 2795 698 2857 libros
732 2793 813 2856 ad
844 2812 959 2856 nos
988 2794 1158 2855 dono
1212 2790 1407 2874 misit)
1448 2797 1515 2853 ut
1544 2792 1706 2852 nihil
1739 2790 1923 2851 nobis
1970 2789 2292 2867 reliquum
2347 2786 2586 2847 fecerit.
2640 2786 3257 2865 Prmterquamquod
3293 2804 3478 2865 spec-

216 2901 329 2958 tant
356 2899 453 2961 illa
486 2898 558 2960 ad
611 2900 1009 2977 propositum
1040 2903 1329 2958 nostrum
1366 2912 1592 2974 parum
1630 2914 1644 2954 :
1684 2900 1743 2955 et
1780 2910 1923 2971 quae
1953 2892 2211 2953 lectoris
2251 2876 2560 2952 intererat
2614 2906 2742 2949 non
2781 2888 3138 2968 ignorasse,
3176 2888 3241 2948 in
3290 2888 3471 2949 Notis

222 3000 288 3058 ad
314 3001 572 3062 eamdem
606 3000 1175 3062 Continuationem
1216 2996 1813 3059 animadvertimus.
1875 2994 2093 3053 Restat
2124 2990 2322 3068 igitur
2372 2988 2796 3068 expendenda
2847 3007 3075 3050 eorum
3127 2988 3469 3062 industria,

216 3103 308 3177 qui
333 3104 386 3163 in
415 3104 829 3181 recensendo,
865 3123 1075 3184 eoque
1106 3104 1310 3182 magis
1357 3098 1742 3161 illustrando
1773 3100 1923 3158 ante
1954 3112 2072 3156 nos
2107 3094 2938 3172 Eusebio-Hieronymiano
2965 3094 3285 3156 Chronico
3311 3111 3479 3174 0pc—

212 3222 326 3266 ram
358 3224 522 3269 suam
554 3208 982 3269 collocarunt.
1038 3205 1355 3282 Dupinius
1389 3204 1666 3281 primum
1710 3220 1884 3264 anno
1930 3201 2083 3260 M70
2135 3200 2299 3279 typis
2344 3200 2724 3279 evulgatum
2758 3205 3025 3273 narrat;
3065 3199 3200 3273 alii,
3234 3199 3476 3276 quibus

212 3313 262 3366 et
287 3308 477 3368 malim
505 3310 812 3371 adhibere
842 3308 1057 3383 ﬁdem,
1102 3306 1454 3385 principem
1488 3304 1831 3364 editionem
1886 3320 2029 3365 eam
2065 3301 2312 3375 dicunt,
2343 3320 2489 3381 qum
2533 3318 2710 3362 anno
2754 3300 2926 3367 ιιιτδ.
2961 3300 3210 3363 tametsi
3244 3316 3455 3362 annus

209 3419 512 3473 annotatus
558 3430 687 3473 non
719 3418 839 3486 est,
878 3410 1249 3487 Mediolani,
1286 3412 1557 3470 curante
1600 3407 1853 3467 Bonino
1901 3405 2290 3473 Mombritio,
2333 3403 2586 3482 prodiit.
2646 3403 2807 3463 Eam
2850 3402 3141 3463 Valesius
3173 3418 3471 3479 quoque,

207 3518 396 3590 utpote
429 3515 716 3575 omnium
749 3512 1276 3583 vetustissimam,
1307 3512 1373 3571 in
1404 3509 1581 3571 Notis
1613 3508 1693 3572 ad
1729 3509 1987 3570 Eusebii
2020 3509 2371 3569 Historiam
2418 3506 2639 3570 laudat
2674 3526 2687 3566 :
2738 3508 2837 3568 cui
2876 3506 2993 3567 hoc
3025 3508 3215 3566 etiam
3255 3522 3453 3567 acce-

204 3612 280 3674 dit
309 3618 504 3694 pretii,
534 3617 706 3695 quod
745 3633 913 3694 pone
939 3614 1171 3675 secutis
1202 3612 1553 3675 editoribus
1592 3613 1810 3690 ignota
1849 3611 2061 3688 fuerit,
2100 3629 2312 3689 neque
2347 3610 2467 3689 ipsi
2502 3607 2787 3670 Arnaldo
2814 3609 3116 3676 Pontaco,
3143 3604 3461 3683 ejusmodi

204 3720 456 3780 codicum
488 3721 850 3799 iudagatori
894 3717 1411 3797 diligentissimo,
1460 3716 1525 3776 in
1574 3714 1916 3777 consilium
1953 3714 2261 3776 adhibita.
2317 3714 2626 3791 Reliquas
2672 3709 2750 3772 ad
2803 3724 2987 3769 suam
3039 3724 3246 3785 usque
3298 3705 3465 3768 idem

202 3820 481 3886 Pontacus
513 3829 871 3896 enumerat,
905 3820 1334 3903 expenditque
1371 3821 1435 3881 in
1466 3823 1821 3899 Apparatu,
1873 3825 1942 3880 ut
1980 3819 2254 3878 otiosum
2286 3816 2423 3895 jam
2452 3816 2532 3875 sit
2567 3815 2641 3874 iis
2682 3809 3062 3874 reiterandis
3101 3809 3457 3869 immorari.

201 3920 400 3985 Fertur
445 3926 629 3987 etiam
684 3926 998 4005 Alphonsi
1058 3925 1301 3987 Tostati
1360 3922 1879 3984 Commentarius
1940 3922 2003 3981 in
2060 3920 2320 3982 Eusebii
2374 3918 2766 3988 Chronicon,
2826 3913 3179 3994 HiSpanica
3239 3914 3465 3993 lingua

199 4024 466 4103 scriptus,
494 4032 690 4106 atque
734 4025 945 4088 editus
984 4026 1291 4104 impensis
1320 4024 1667 4087 cardinalis
1697 4025 1982 4085 Ximenii
2006 4022 2412 4086 Salmanticm
2444 4038 2614 4083 anno
2648 4020 2819 4091 1506,
2852 4018 3140 4097 quinque
3174 4015 3468 4077 iu-Folio

198 4127 467 4198 tomis,de
488 4129 723 4207 quibus
745 4129 899 4205 quia
924 4128 1265 4189 necvidere
1290 4126 1473 4187 nobis
1499 4142 1803 4204 umquam
1822 4124 2511 4205 contigerit,judicium
2534 4141 2725 4202 penes
2740 4140 2848 4183 eos
2864 4122 2972 4201 qui
2998 4121 3277 4200 legerint
3300 4127 3460 4181 est).

262 4227 369 4289 Sed
399 4250 599 4311 neque
620 4232 696 4292 de
718 4233 1085 4293 Pontacena
1114 4230 1393 4291 editione
1419 4230 1560 4309 ipsa
1595 4231 1885 4308 pluribus
1916 4229 2234 4311 agendum
2271 4229 2456 4290 nobis
2484 4234 2605 4304 est,
2642 4228 2962 4305 siquidem
2993 4231 3124 4287 tota
3155 4225 3290 4304 jam
3314 4242 3469 4286 ocu-

195 4325 262 4389 lis
293 4332 561 4411 subjecta
590 4333 888 4395 fidelibus
919 4332 1296 4394 recensione
1326 4333 1449 4394 hac
1502 4339 1722 4395 nostra
1751 4334 2143 4395 continetur.
2176 4334 2441 4401 Auctor,
2474 4332 2585 4409 qui
2614 4331 3036 4393 Vasatensem
3086 4329 3150 4389 in
3192 4328 3473 4407 Aquita-

198 4432 288 4492 nia
318 4434 677 4515 episCOpum
707 4437 964 4515 agebat,
997 4441 1248 4497 tantum
1279 4436 1345 4495 in
1382 4436 1489 4497 illa
1534 4435 1611 4496 ad
1660 4440 1907 4497 veteres
1955 4437 2437 4513 manuscriptos
2482 4434 2988 4514 duodetriginta,
3023 4438 3219 4513 atque
3267 4433 3470 4495 editos

196 4531 406 4606 pridem
436 4540 579 4595 octo
609 4534 807 4595 libros
835 4533 1180 4614 exigenda,
1211 4533 1429 4608 studii,
1462 4535 1794 4608 doctrinm,
1847 4536 2227 4614 laborisque
2281 4535 2558 4613 improbi
2610 4534 2905 4605 contulit,
2944 4538 3013 4594 ut
3043 4534 3253 4598 ausim
3283 4533 3467 4596 afﬁr-

198 4647 368 4708 mare,
398 4655 536 4697 cum
565 4636 746 4697 nullo
783 4637 1152 4716 prmclarius
1190 4642 1453 4697 auctore
1491 4639 1787 4716 antiquo,
1820 4639 1871 4698 si
1912 4636 2100 4698 ﬁdem
2135 4643 2197 4699 et
2233 4637 2662 4718 diligentiam,
2717 4656 2864 4716 qua:
2912 4638 3255 4716 prtecipute
3314 4644 3469 4698 sunt

200 4744 381 4810 partes
414 4740 699 4815 cditoris,
730 4746 1007 4827 spectes,
1031 4755 1225 4817 quam
1258 4757 1402 4799 eum
1430 4739 1827 4819 Hieronymo
1861 4745 2101 4812 actum,
2128 4748 2198 4801 ut
2226 4742 2418 4819 quale
2450 4742 2603 4803 olim
2632 4740 2981 4822 exPlieavit
3014 4742 3238 4803 Latine
3266 4737 3472 4802 Chro-

200 4836 377 4910 uicon,
416 4841 763 4921 legeretur.
798 4840 1187 4902 Moliebatur
1217 4846 1278 4902 et
1307 4840 1595 4920 Scaliger
1632 4858 1745 4919 per
1777 4840 1838 4901 id
1874 4842 2178 4927 temporis
2218 4842 2562 4904 editionem
2598 4860 2814 4919 suam,
2851 4862 2995 4923 quae
3025 4844 3156 4923 jam
3191 4843 3466 4904 alterum

198 4934 251 4996 in
280 4956 501 5002 annum
532 4941 992 5021 premebatur;
1024 4946 1085 5001 et
1112 4955 1511 5020 quamquam
1541 4940 1662 5001 hoc
1698 4940 1889 5001 habet
1921 4940 2179 5002 invidia:
2211 4941 2592 5019 plurimum,
2642 4942 2811 5021 quod
2849 4944 3223 5003 viderentur
3255 4956 3462 5000 thtt—

197 5036 399 5102 latione
430 5044 650 5105 nescio
681 5060 841 5123 qua,
874 5043 1164 5106 eamdem
1190 5050 1464 5123 uterque
1496 5045 1773 5105 subiisse
1806 5045 2201 5124 provinciam
2239 5067 2254 5105 :
2290 5050 2510 5107 essent
2560 5046 2751 5108 etiam
2789 5046 2897 5125 qui
2958 5045 3153 5123 hujus
3193 5044 3255 5102 in
3294 5044 3467 5103 Pon-

196 5145 376 5204 tacum
404 5148 651 5208 animos
681 5153 992 5209 acuerent
1031 5168 1045 5207 :
1086 5147 1365 5227 denique
1394 5156 1623 5226 sponte
1662 5164 1782 5210 sua
1812 5155 1980 5211 esset
2017 5150 2123 5210 ille
2152 5151 2216 5210 in
2247 5150 2462 5213 aliena
2492 5150 2809 5214 industria
2857 5148 3177 5211 laudanda
3222 5150 3468 5228 parcis-

190 5244 363 5309 simus
396 5270 410 5309 :
445 5250 530 5312 ita
568 5256 786 5312 tamen
822 5250 1127 5328 praeclare
1156 5249 1233 5311 de
1260 5249 1369 5312 illa
1415 5255 1477 5311 et
1515 5239 1855 5329 magniﬁce
1883 5250 2111 5329 sensit,
2150 5256 2372 5330 totque
2426 5252 2731 5315 laudibus
2788 5248 3048 5311 editoris
3103 5248 3464 5311 doctissimi

190 5346 511 5427 ingenium,
542 5351 759 5424 ﬁdem,
785 5350 1180 5430 diligentiam
1212 5356 1592 5431 prosecutus
1623 5358 1741 5424 est,
1773 5370 1917 5414 cum
1944 5353 2009 5412 in
2041 5355 2572 5416 annotationibus
2608 5354 2766 5425 suis,
2795 5358 2936 5411 tum
2963 5352 3127 5413 datis
3161 5352 3238 5415 ad
3271 5352 3460 5414 Isaac

184 5448 605 5516 Casaubonum
645 5454 1058 5534 epistolis,ut
1086 5471 1295 5532 neque
1342 5455 1484 5533 ipse
1527 5454 1647 5516 sibi
1677 5458 1905 5532 optare
1943 5456 2263 5519 Pontacus
2308 5455 2704 5517 luculentius
2736 5452 3174 5514 testimonium
3206 5455 3288 5515 ab
3318 5469 3468 5514 sua-

176 5564 296 5612 rum
328 5560 607 5633 partium
648 5555 912 5616 homine
944 5557 1278 5636 potuisset.
1311 5555 1589 5619 Videnda
1619 5572 1765 5617 cum
1796 5557 2017 5635 primis
2051 5563 2146 5617 est
2173 5557 2614 5635 Scaligeriaua
2644 5554 2916 5634 epistola
2952 5554 3092 5629 10's,
3125 5573 3302 5635 quas,
3334 5555 3462 5614 nisi

172 5652 439 5719 brevitati
474 5658 697 5733 litare,
730 5655 933 5718 modis
963 5659 1261 5719 omnibus
1301 5660 1695 5740 propositum
1729 5658 1911 5719 nobis
1945 5663 2137 5734 esset,
2174 5657 2301 5718 huc
2347 5664 2485 5720 erat
2520 5657 2855 5721 referenda
2894 5680 2908 5718 :
2965 5665 3098 5720 tum
3147 5660 3291 5723 alia:
3331 5662 3459 5717 tres

166 5754 538 5843 Casauboui,
567 5778 720 5843 quae
750 5759 895 5840 £50,
929 5760 1141 5846 529_et
1168 5762 1289 5825 560
1331 5763 1615 5828 numeris
1649 5764 2115 5843 praenotantur,
2169 5765 2240 5823 ut
2287 5777 2430 5839 quas
2463 5760 2604 5840 ejus
2648 5760 2842 5822 fuerit
2884 5763 3164 5843 aquilas
3208 5759 3464 5842 judicii,
