3996 6312
447 195 516 249 ἰτ
779 197 790 204 ’
1882 201 2025 260 PBt!

2171 203 2271 259 'IO.
3682 205 3749 262 28

448 311 869 391 perspiciam,
925 330 1001 376 ac
1038 332 1234 395 porro
1270 317 1595 380 addiscant
1625 319 1706 380 ab
1740 319 1874 390 illo,
1907 320 2016 397 qui
2052 321 2252 381 nostri
2293 323 2595 402 temporis
2629 322 2910 402 religiosi
2945 321 3236 384 homines
3269 322 3559 385 audiunt.
3620 324 3756 384 Ab—

448 412 658 471 soluta
696 413 951 477 demum
987 425 1083 478 est
1119 418 1478 480 Pontacena
1515 420 1708 479 editio
1737 421 2093 499 Burdigala:
2127 421 2296 482 circa
2335 423 2486 484 anni
2535 423 2684 482 160's
2725 423 2916 485 tinem
2960 447 2975 487 :
3024 426 3160 504 ipse
3192 429 3380 504 paulo
3420 430 3584 506 post,
3619 425 3756 487 sive

451 513 605 590 anni
662 514 1065 595 insequentis
1122 519 1302 579 initio
1355 528 1606 591 auctor,
1639 522 2014 584 Vasatensis
2050 525 2416 604 episcopus,
2455 543 2833 606 supremum
2862 529 3028 590 diem
3077 530 3258 590 obiit.
3293 527 3449 609 Ejus
3494 545 3758 608 quoque

449 613 596 676 libri
633 618 931 698 exetnpla
962 626 1073 681 aut
1107 621 1569 700 improsperam
1602 624 1805 686 vicem
1830 625 2127 709 aliquam
2159 628 2522 700 subierunt,
2554 634 2665 688 aut
2694 646 2853 692 sane
2885 648 3208 711 perpauca
3251 632 3408 693 olim
3443 633 3759 711 impressa

451 725 652 780 sunt:
688 721 796 782 vix
830 722 1000 782 enim
1036 741 1234 786 unum
1287 724 1550 802 aliquod
1589 726 1649 787 in
1701 726 1887 789 Italia
1940 729 2293 807 praesertim
2341 729 2462 792 hac
2500 737 2719 792 nostra
2771 732 3092 810 invenias,
3132 733 3303 812 quod
3335 751 3495 794 auro
3534 735 3762 796 contra

454 839 836 902 comparare
873 825 1100 904 possis.
1127 825 1493 903 Quzejnobis
1531 845 1657 890 non
1701 829 1924 892 ultima
1954 846 2150 891 causa
2183 829 2322 902 fuit,
2349 847 2465 891 cur
2494 849 2694 892 unum
2722 832 2888 892 nacti
2921 832 2986 892 in
3019 835 3279 906 Patrum
3296 833 3764 896 Theatinorum

460 932 701 990 nostrae
733 926 924 1008 hujus
952 927 1131 989 urbis
1164 929 1572 1006 bibliotheca,
1606 931 1892 1011 illudque
1920 942 2143 994 eorum
2199 933 2505 995 beneﬁcio
2541 943 2601 995 et
2633 935 3058 1006 humanitate,
3111 952 3255 1014 qua:
3303 936 3386 996 sit
3428 935 3491 996 in
3529 952 3765 996 exem-

463 1029 664 1108 plum,
703 1033 1006 1104 assecuti,
1036 1038 1235 1094 totum
1271 1035 1439 1114 quod
1478 1042 1615 1095 erat
1649 1035 1788 1114 ejus
1819 1036 2114 1099 editionis
2163 1038 2517 1118 preprium,
2555 1043 2937 1116 apparatus,
2981 1039 3456 1110 annotationes,
3497 1042 3561 1100 et
3603 1036 3769 1099 reli-

464 1148 595 1210 qua
625 1131 776 1196 huic
807 1140 1045 1198 nostra:
1075 1140 1140 1195 ut
1185 1137 1586 1209 accederent,
1631 1138 2080 1202 curaverimus
2124 1157 2140 1198 :
2182 1147 2246 1199 ut
2294 1138 2406 1216 qui
2447 1138 2613 1200 hanc
2656 1138 3096 1217 compararit,
3145 1138 3322 1199 illam
3381 1156 3461 1198 ex
3517 1137 3770 1216 integro

471 1233 729 1298 habeaL

557 1340 706 1402 Post
731 1340 1059 1402 biennium
1103 1357 1136 1403 a
1176 1343 1538 1405 Pontacena
1575 1343 1806 1423 prodiit
1853 1343 2146 1425 Lugduni
2193 1347 2581 1408 Batavorum
2630 1345 2935 1424 Scaligeri
2974 1343 3193 1416 editio,
3223 1359 3368 1422 qua:
3413 1339 3774 1403 incredibili

480 1439 816 1504 doctorum
855 1441 1085 1520 plausu
1120 1451 1386 1521 excepta
1420 1449 1552 1504 est:
1594 1445 1711 1522 ipsi
1752 1454 1966 1508 autem
2001 1445 2222 1510 editori
2265 1466 2390 1508 non
2428 1464 2632 1525 usque
2660 1447 2819 1510 adeo
2853 1449 2984 1508 visa
3016 1451 3112 1509 est
3155 1445 3442 1507 numeris
3473 1444 3776 1506 omnibus

477 1545 805 1621 absoluta,
845 1552 909 1606 ut
939 1547 1245 1607 continuo
1282 1548 1355 1607 de
1389 1549 1495 1609 illa
1535 1549 1908 1612 renovanda
1944 1549 2272 1628 cogitarit,
2313 1567 2430 1612 nec
2469 1548 2547 1612 ad
2577 1555 2971 1630 postremum
3011 1567 3214 1629 usque
3253 1549 3419 1609 diem
3462 1547 3628 1623 vita),
3662 1547 3776 1625 qui

471 1651 617 1730 post
651 1643 848 1712 ferme
885 1649 1160 1711 alterum
1195 1651 1524 1713 biennium
1556 1653 1848 1731 contigit,
1880 1654 1962 1715 ab
1987 1671 2058 1715 ea
2091 1670 2245 1714 cura
2293 1653 2625 1714 destiterit.
2667 1654 2789 1715 Diu
2818 1658 3033 1715 autem
3068 1657 3231 1730 post,
3272 1651 3407 1713 sive
3454 1667 3628 1714 anno
3661 1647 3783 1709 de-

478 1767 650 1808 mum
693 1749 869 1822 1658,
903 1756 1170 1812 curante
1209 1753 1343 1814 viro
1389 1750 1758 1813 doctissimo
1798 1753 2168 1815 Alexandro
2202 1753 2410 1832 Moro,
2445 1755 2554 1833 qui
2606 1757 2670 1815 et
2719 1753 3158 1834 prtefationem
3215 1750 3293 1812 de
3340 1767 3459 1812 suo
3512 1747 3776 1826 addidit,

479 1849 936 1914 Amstclodami
974 1866 1198 1912 recusa
1251 1860 1346 1912 est
1395 1851 1578 1912 tertia
1619 1852 1748 1913 fere
1803 1861 1982 1931 parte
2031 1855 2308 1926 auctior,
2338 1861 2397 1915 et
2434 1871 2738 1932 suprema
2785 1854 3072 1916 auctoris
3104 1870 3300 1914 manu
3355 1851 3776 1915 emendatior.

480 1949 736 2012 Prtefert
770 1951 954 2012 titulo
985 1951 1370 2012 Thesaurum
1408 1961 1749 2032 temporum
1781 1975 1801 2016 :
1835 1973 2044 2033 neque
2076 1972 2230 2016 sane
2266 1956 2614 2017 Eusebium
2666 1953 2878 2027 modo,
2925 1960 2988 2016 et
3017 1954 3483 2034 Hieronymum
3530 1960 3588 2013 et
3619 1955 3784 2015 Pro-

484 2071 772 2130 sperum,
811 2055 918 2115 sed
951 2061 1012 2115 et
1042 2055 1204 2114 alios
1238 2062 1564 2127 auctores,
1597 2058 1676 2115 ab
1711 2057 1783 2115 iis
1815 2056 2119 2118 derelicta
2149 2060 2628 2133 continuantes,
2658 2060 2969 2136 continet,
3005 2059 3326 2120 Victorem
3357 2057 3600 2120 scilicet
3645 2059 3789 2119 Tu-

486 2173 869 2226 nunensem,
907 2157 1222 2216 Joannem
1271 2156 1754 2233 Biclariensem,
1789 2155 2090 2233 Idalium,
2117 2159 2567 2222 Marcellinum
2615 2164 2936 2239 comitem,
2969 2169 3031 2224 et
3064 2163 3411 2224 barbarum
3445 2162 3625 2222 illum
3663 2178 3786 2222 ex-

482 2264 852 2336 cerptorum
884 2257 964 2320 ab
995 2256 1300 2333 Eusebio,
1341 2261 1410 2317 ut
1444 2258 1698 2329 dicitur,
1733 2257 2064 2332 Africano,
2099 2267 2293 2338 atque
2325 2263 2468 2324 aliis
2514 2269 2808 2334 auctore;
2863 2264 3141 2341 denique
3189 2272 3250 2324 et
3301 2265 3789 2344 lsagogicorum

485 2359 938 2435 Chronologiaa
969 2358 1305 2420 Canonum
1337 2363 1462 2421 tres
1499 2361 1670 2430 libri,
1703 2365 1926 2438 utpote
1958 2360 2036 2422 ad
2065 2378 2208 2422 eam
2241 2368 2600 2441 temporum
2637 2364 2998 2426 doctrinam
3034 2365 3378 2426 admodum
3411 2363 3791 2440 necessarii,

487 2470 922 2525 accesserunt.
963 2461 1316 2522 Eusebium
1350 2462 1516 2540 quod
1553 2471 1821 2540 spectat,
1851 2469 1913 2526 et
1945 2464 2035 2526 rei
2070 2473 2266 2543 caput
2296 2473 2414 2538 est,
2451 2484 2576 2528 non
2611 2467 2854 2530 dubitat
2896 2469 3320 2546 pronuntiare
3355 2468 3788 2531 Casaubonus

489 2566 744 2645 epistol.
775 2561 916 2638 A50,
951 2564 1200 2624 tametsi
1240 2564 1538 2625 laudandi
1579 2565 1796 2627 animo
1838 2565 2104 2647 (quippe
2137 2568 2248 2644 qui
2285 2569 2619 2630 immodica
2653 2569 3045 2648 Scaligerani
3095 2569 3335 2648 ingenii
3361 2568 3793 2632 admiratione

489 2665 855 2746 tenebatur)
895 2666 1101 2738 illum,
1139 2684 1266 2726 non
1309 2669 1502 2745 quale
1553 2669 1635 2730 ab
1682 2675 1948 2730 auctore
1992 2672 2456 2750 conscriptum,
2511 2674 2646 2737 sive
2687 2676 2768 2735 ab
2804 2675 3202 2755 Hieronymo
3236 2675 3630 2753 publicatum
3666 2681 3792 2750 est,

491 2771 601 2834 sed
638 2770 832 2849 quale
868 2767 1118 2846 concipi
1147 2770 1228 2830 ab
1256 2788 1332 2830 eo
1363 2770 1990 2847 debuit,Chronicon
2015 2771 2309 2839 edidisse.
2345 2777 2639 2838 Diximus
2673 2778 2794 2839 hoc
2826 2797 2940 2840 nos
2979 2779 3284 2856 Scaligeri
3323 2790 3530 2858 πρῶτον
3567 2779 3794 2855 ψεύδος,

492 2890 624 2952 quo
664 2873 862 2934 voluit
917 2872 981 2932 in
1036 2871 1195 2932 duos
1232 2872 1426 2934 fuisse
1463 2892 1624 2952 opus
1677 2873 1831 2936 illud
1871 2874 2067 2940 libros
2105 2878 2438 2940 tributum.
2480 2880 2574 2940 Ex
2606 2898 2681 2941 eo
2713 2886 2888 2942 certe
2923 2881 3232 2958 consequi
3271 2898 3418 2940 eum
3457 2879 3794 2941 malesana

493 2975 764 3040 consilia
799 2991 1058 3036 necesse
1093 2972 1230 3046 fuit,
1261 2978 1329 3034 ut
1353 2975 1608 3053 scriptis
1638 2975 1924 3049 Eusebii,
1948 2979 2012 3038 et
2036 2976 2410 3057 Hieronymi
2444 2999 2820 3059 numquam,
2848 2987 3070 3059 utpote
3105 2985 3389 3044 veterum
3419 2985 3792 3053 auctorum,

497 3093 753 3140 summa
786 3078 925 3137 sine
966 3077 1275 3154 religione
1321 3077 1696 3151 tractandis,
1736 3076 2034 3155 profanas
2065 3077 2354 3158 injiceret
2412 3097 2666 3154 manus,
2729 3099 3012 3160 suosque
3059 3088 3364 3143 centones
3407 3087 3469 3142 et
3525 3081 3796 3160 ῥαψῳδίας

496 3179 830 3259 splendido
863 3181 1120 3242 illorum
1168 3179 1426 3242 nomine
1469 3179 1845 3241 venditaret.
1903 3180 2150 3242 Piorein
2184 3182 2444 3255 librum,
2479 3186 2546 3242 ut
2599 3184 2967 3244 diei-bamus
3025 3183 3088 3243 in
3143 3182 3372 3244 Latino
3403 3183 3661 3259 quidem
3714 3197 3800 3242 ex

497 3281 740 3341 iteratis
776 3279 1320 3359 interpretationis
1368 3279 1888 3358 Hieronymiante
1925 3280 2080 3342 locis
2134 3281 2608 3342 consarcinavit
2642 3303 2656 3341 :
2693 3282 2756 3342 in
2813 3283 3037 3346 Graeco
3085 3291 3298 3344 autem
3341 3299 3417 3340 ex
3462 3282 3798 3344 variorum

498 3389 870 3452 auctorum.
912 3383 1246 3460 ipsiusque
1294 3381 1555 3448 Eusebii
1591 3383 1797 3460 longis
1831 3381 2108 3460 laciniis,
2165 3400 2292 3444 non
2325 3399 2403 3443 ex
2441 3382 2759 3446 Chronico
2809 3384 3064 3460 quidem
3120 3384 3241 3444 isto
3277 3398 3498 3462 Opere,
3557 3382 3662 3440 sed
3718 3399 3804 3444 ex

497 3484 642 3546 aliis
679 3489 829 3565 puta
883 3483 1383 3562 Prteparatione,
1421 3501 1496 3544 ac
1539 3483 2098 3544 Demonstratinne
2155 3483 2540 3562 Evangelica
2591 3484 2939 3561 expressis,
2992 3481 3326 3544 conﬁnxit.
3381 3482 3642 3545 Miseret
3702 3500 3806 3544 me

499 3586 642 3666 ejus
681 3587 918 3650 laboris
954 3587 1224 3655 inutilis,
1264 3605 1392 3665 quo
1421 3586 1851 3664 praecedentes
1883 3584 2431 3648 Abrahamiticam
2462 3601 2657 3648 teram
2691 3585 2991 3647 historias
3026 3586 3318 3664 procudit
3362 3603 3440 3647 ex
3475 3583 3808 3646 Hebraico

501 3691 858 3768 exemplari
907 3696 965 3751 et
995 3689 1402 3765 Samarilico,
1442 3697 1860 3767 veterumque
1892 3688 2267 3770 fragmentis
2295 3688 2866 3766 chronologorum,
2909 3687 3347 3761 Manethonis,
3392 3689 3637 3765 Berosi,
3687 3688 3805 3748 Ti-

503 3791 768 3864 mothei,
826 3791 1122 3867 Abideni,
1161 3789 1557 3868 Apollodori,
1609 3789 1956 3854 Alexandri
2012 3789 2430 3870 Polyhistoris
2464 3835 2480 3863 ,
2526 3789 2814 3868 Iosephi.
2868 3787 3188 3861 Africani,
3247 3796 3442 3866 atque
3496 3788 3805 3862 aliorum,

501 3897 688 3973 quasi
731 3896 807 3956 de
837 3896 1096 3957 Eusebii
1135 3895 1472 3956 Chronicis
1508 3895 1726 3956 excisa
1757 3895 1910 3955 olim
1947 3893 2244 3965 sarciret,
2286 3911 2430 3971 qua:
2463 3909 2670 3970 neque
2709 3898 3005 3970 poterant
3043 3897 3195 3953 tunc
3230 3891 3318 3951 illi
3355 3891 3472 3952 κατ’
3515 3891 3640 3970 ὄναρ
3691 3907 3810 3952 ve-

511 4000 648 4061 nire
681 4000 743 4062 in
781 4003 1081 4060 mentem.
1131 3997 1429 4075 Ejusdem
1463 4014 1654 4074 porro
1687 3996 1830 4058 ﬁdei
1865 4004 2016 4058 sunt
2048 3997 2300 4075 reliqua
2341 3996 2419 4056 ad
2461 3995 2926 4058 Diocletianum
2969 4014 3174 4074 usque
3211 3995 3322 4056 illo
3353 4007 3622 4076 Χρονικῶν
3667 3999 3810 4072 λόγῳ

514 4107 715 4180 πρώτῳ
745 4103 1074 4172 contenta,
1121 4106 1316 4176 atque
1351 4117 1432 4158 ex
1470 4098 1614 4160 aliis
1667 4100 1896 4176 printer
1932 4097 2225 4162 laudatos
2273 4100 2671 4173 auctoribus,
2725 4117 2804 4161 ac
2853 4099 3032 4161 libris
3076 4099 3463 4177 quibusdam
3520 4097 3809 4159 nondum

512 4203 790 4281 vulgatis
827 4201 1170 4281 descripta,
1211 4219 1355 4282 qua:
1409 4207 1537 4264 tam
1578 4203 1766 4278 longa
1801 4199 2157 4279 digestione
2202 4208 2559 4280 temporum
2600 4207 2796 4280 atque
2851 4201 3269 4264 historiarum
3312 4205 3648 4276 contextu,
3701 4198 3810 4260 vix

516 4323 719 4368 unum
753 4305 1036 4384 aliquem
1071 4323 1323 4367 versum
1366 4323 1511 4366 vere
1538 4304 1976 4372 Eusebianum
2009 4308 2366 4370 continent.
2395 4306 2619 4370 Graeca
2653 4307 2917 4370 alterius
2955 4325 3148 4384 quem
3177 4309 3366 4371 vocat
3399 4306 3544 4368 libri
3574 4304 3810 4384 (quan-

521 4407 870 4492 doquidem
904 4413 1005 4474 hic
1041 4431 1211 4474 unus
1243 4419 1333 4473 est
1369 4413 1450 4473 ab
1487 4411 1768 4474 Eusebio
1802 4412 2250 4491 elucubratus)
2284 4412 2594 4492 pleraque
2631 4413 2851 4474 omnia
2876 4412 3161 4490 genuina
3191 4409 3390 4476 videri
3421 4413 3716 4488 possunt,
3753 4407 3806 4468 si

515 4534 665 4579 cum
696 4515 922 4582 Latina
956 4515 1488 4593 interpretatione
1525 4516 2032 4594 comparentur:
2072 4521 2134 4578 et
2181 4533 2338 4576 sane
2380 4530 2611 4593 magna
2663 4514 2931 4574 debetur
2977 4511 3305 4590 Scaligero
3345 4513 3547 4590 gratia
3579 4509 3698 4569 hac
3744 4509 3807 4572 in

516 4625 724 4698 parte,
758 4617 929 4697 quod
967 4617 1304 4680 restituere
1340 4618 1550 4696 ipsum
1581 4617 2025 4685 Eusebianum
2064 4623 2310 4680 textum
2356 4633 2472 4696 pro
2507 4615 2674 4676 virili
2711 4616 3135 4677 contenderit.
3175 4615 3284 4674 Est
3318 4619 3533 4674 tamen
3579 4613 3638 4671 in
3688 4611 3808 4674 huc

515 4723 707 4783 etiam
747 4724 1073 4798 peccatum
1110 4719 1192 4780 ab
1219 4736 1294 4778 eo
1326 4719 1585 4798 sapius,
1613 4719 1782 4795 quod
1824 4717 2070 4782 vitiosis
2119 4719 2464 4782 admodum
2517 4716 2910 4796 apographis
2967 4735 3122 4778 usus
3181 4717 3258 4777 sit
3308 4734 3453 4778 cum
3505 4714 3806 4794 Syncelli,

515 4829 652 4888 tum
689 4821 991 4888 Chronici
1025 4821 1469 4899 Alexandrini,
1497 4839 1643 4900 quae
1671 4825 1802 4883 tum
1838 4823 2146 4901 temporis
2185 4822 2467 4884 nondum
2517 4827 2705 4883 erant
2742 4819 2981 4900 publici
3026 4819 3191 4898 juris
3246 4817 3434 4888 facta,
3471 4826 3665 4895 atque
3699 4815 3809 4876 illo

521 4924 902 5004 prtesertim,
941 4923 1113 5001 quod
1145 4921 1342 4984 fuisse
1389 4923 1622 5002 raptim
1662 4929 1723 4986 et
1773 4925 1974 4987 multo
2011 4924 2480 4988 inemendatius
2514 4924 2648 4986 sive
2679 4940 2716 4984 a
2752 4923 3163 4994 Casaubono,
3200 4923 3335 4983 sive
3374 4921 3456 4983 ab
3507 4921 3650 4980 aliis
3702 4917 3817 4979 dc—

517 5029 852 5108 scriptum,
905 5026 1160 5090 Goarus
1206 5025 1270 5086 in
1302 5023 1582 5089 editione
1629 5042 1747 5088 sua
1782 5026 1937 5090 locis
1992 5027 2152 5089 bene
2201 5026 2417 5087 multis
2454 5025 2692 5088 docuit.
2755 5025 3072 5086 Praeterea
3122 5022 3248 5086 huc
3284 5021 3476 5083 etiam
3531 5019 3818 5096 Scaliger

525 5130 815 5210 quaedam
853 5129 1095 5199 retulit,
1141 5144 1288 5207 qum
1335 5127 1593 5190 minime
1625 5130 1916 5192 omnium
1963 5128 2316 5191 Eusebium
2352 5132 2680 5190 auctorem
2714 5125 2975 5188 habent.
3020 5125 3112 5186 Ex
3153 5124 3252 5187 his
3285 5129 3437 5184 sunt
3473 5118 3815 5182 consulum

520 5235 703 5313 paria
733 5252 1127 5315 unoquoque
1154 5248 1355 5304 anno,
1390 5249 1536 5309 qua:
1584 5231 1779 5294 fuisse
1822 5234 2015 5296 etiam
2061 5233 2143 5296 ab
2170 5232 2567 5310 Hieronymo
2593 5229 2670 5290 ad
2707 5229 2999 5291 Graecum
3029 5227 3362 5305 exemplar
3393 5243 3518 5286 non
3551 5224 3611 5282 in
3665 5239 3820 5282 ναι-η

528 5337 712 5399 sione
747 5354 865 5400 sua
902 5343 1173 5406 tantum,
1207 5335 1314 5397 sed
1346 5341 1406 5396 et
1432 5333 1919 5397 continuatione
1945 5333 2216 5396 ﬁdeliter
2246 5339 2583 5400 annotata.
2615 5349 2652 5394 a
2681 5332 3046 5394 breviatore
3076 5335 3288 5390 autem
3319 5329 3430 5389 illo
3448 5322 3810 5404 operis,qui

525 5439 603 5500 de
632 5439 837 5516 capite
873 5447 1054 5500 ortus
1089 5457 1210 5500 suo
1233 5446 1351 5512 est,
1385 5438 1789 5510 detruncata,
1831 5442 1900 5498 ut
1941 5437 2250 5516 pleraque
2287 5438 2438 5507 alia,
2492 5434 2842 5499 contendit.
2890 5435 3018 5496 Nos
3053 5437 3124 5494 ut
3153 5449 3222 5494 se
3255 5430 3516 5492 occasio
3551 5425 3823 5508 praebuit

527 5539 592 5601 in
627 5539 821 5610 notis,
854 5539 1132 5598 maxime
1167 5557 1320 5602 vero
1351 5540 1413 5600 in
1447 5538 1756 5618 prommio
1792 5537 1867 5602 ad
1914 5555 2057 5616 pag.
2085 5537 2189 5613 79,
2225 5535 2410 5596 bonis
2441 5537 2839 5614 argumentis
2883 5532 3218 5602 evicimus,
3253 5529 3412 5592 adeo
3444 5547 3573 5590 non
3627 5527 3823 5588 fuisse

528 5655 838 5718 umquam
871 5640 952 5701 ab
1000 5639 1303 5714 Eusebio,
1334 5659 1541 5720 eoque
1575 5643 1788 5705 minus
1824 5642 2248 5720 Hieronymo,
2288 5644 2556 5713 attexta,
2598 5645 2664 5700 ut
2703 5655 2913 5716 neque
2957 5654 3072 5715 per
3108 5635 3250 5696 libri
3295 5635 3697 5716 prepositum
3756 5630 3820 5692 id

527 5744 839 5810 licuisset.
888 5741 1176 5819 Denique
1207 5743 1335 5805 alia
1362 5743 1785 5808 Collectaneis
1817 5744 1939 5805 illis
1973 5743 2108 5806 suis
2137 5741 2375 5805 Graecis
2409 5741 2684 5816 infzrsit,
2716 5756 2861 5820 quae
2890 5755 3008 5800 nec
3045 5738 3276 5802 veteris
3308 5736 3587 5814 alicujus
3619 5732 3825 5811 scrip~
