3996 6310
255 279 314 333 90
1664 272 1833 329 PREI

1958 273 2049 327 ’It’l.
3467 270 3536 327 30

257 393 399 452 toris
428 394 608 461 Sillii;
649 389 857 458 illiilli,
881 390 1167 465 inquam.
1202 387 1466 467 ἰττοριῶν
1500 398 1835 468 συναγωγὴν,

1971 391 2332 469 υλυμπιάδων
2360 396 2687 469 ἀναγραφήν,
2708 407 2901 467 quam
2932 398 3101 452 recte
3127 388 3367 467 pridem
3398 388 3540 451 ani-

259 492 723 555 madverterunt
752 478 981 552 eruditi
1023 490 1157 560 viri,
1212 489 1405 551 fuisse
1451 491 1532 552 ab
1568 493 1707 568 ipso
1757 490 2083 569 Scaligero
2132 492 2464 553 collectam
2521 490 2965 571 digestamque
3026 509 3108 553 ex
3152 492 3349 556 variis
3386 508 3537 556 cum

265 596 451 671 editis,
490 601 619 654 tum
656 592 915 657 ineditis
950 592 1396 670 scriptoribus,
1432 610 1558 653 non
1614 592 1848 655 Grmcis
1884 593 2099 670 modo,
2136 595 2244 655 sed
2283 596 2473 657 etiam
2520 594 2789 666 Latinis,
2836 615 3114 675 quorum
3149 596 3289 661 loca
3319 595 3539 661 Griece

263 697 570 769 convertit.
612 698 826 776 Atque
858 697 991 758 hinc
1026 695 1282 774 quidem
1316 697 1662 759 Eusebiani
1707 698 2005 760 Chronici
2048 700 2110 759 in
2164 699 2579 779 Scaligerana
2628 700 2907 761 editione
2946 700 3164 773 facies,
3203 700 3306 761 cui
3345 714 3537 779 repa-v

262 800 451 869 randae
478 803 709 878 praeter
746 798 1005 861 heroem
1037 798 1215 859 illum
1252 815 1467 876 parem
1499 800 1820 861 exstitisse
1850 803 2198 878 neminem,
2231 802 2657 865 Casaubonus
2689 802 2876 877 dixit,
2910 805 3044 883 ipse
3075 803 3150 866 de
3180 821 3248 865 se.
3270 802 3538 871 minimo

261 902 449 963 minus
500 898 828 977 professus
868 906 984 960 est.
1052 900 1123 959 in
1164 903 1330 960 notis
1387 919 1547 978 quas
1606 920 1763 963 sane
1816 902 2047 982 adjecit
2088 906 2638 969 luculentissimas
2702 906 3155 987 (Casaubonus
3210 912 3391 970 vocat
3446 909 3538 969 tot

262 1004 504 1082 Θαύματαῖ
539 1010 648 1061 aut
688 1018 821 1065 suae
854 1001 1192 1081 hypothesi
1229 1001 1608 1075 veliﬁcatur,
1642 1010 1754 1065 ant
1784 1005 1952 1082 quod
1990 1006 2223 1081 sumius
2264 1006 2436 1080 facit,
2477 1025 2577 1068 res
2628 1012 2860 1069 tractat
2906 1008 3218 1080 eruditas,
3253 1025 3371 1068 nec
3408 1006 3538 1071 nisi

248 1107 303 1168 si
330 1105 564 1166 occasio
591 1103 856 1165 daretur
875 1104 1265 1181 obloquendi
1298 1104 1825 1186 Hieronymianm
1855 1107 2396 1188 interpretationi,
2423 1111 2693 1171 multum
2718 1110 2793 1171 de
2824 1112 3107 1172 auctoris
3139 1111 3237 1171 sui
3262 1109 3539 1171 lectione

266 1206 655 1287 expendenda
689 1206 768 1268 ad
802 1211 1049 1273 veteres
1090 1206 1314 1282 libros,
1348 1225 1509 1284 quos
1547 1214 1778 1286 praesto
1823 1208 2046 1271 habuit
2084 1212 2341 1290 Optima;
2374 1220 2537 1275 noue
2566 1213 2725 1275 duos
2763 1219 2991 1290 praeter
3022 1213 3539 1293 Bongarsiannm

258 1308 607 1388 majusculis
658 1311 886 1372 litteris
936 1311 1276 1388 scriptum,
1326 1318 1385 1373 et
1418 1314 1610 1391 longe
1642 1314 2180 1388 vetustissimum,
2214 1317 2526 1378 sollicitus
2582 1318 2719 1378 fuit.
2771 1318 2940 1391 Quin
3000 1318 3118 1378 hoc
3148 1318 3357 1397 ipsum
3415 1316 3536 1379 sibi

262 1412 621 1491 palmarium
660 1414 844 1479 duxit
873 1413 1171 1490 superius
1204 1412 1464 1476 laudata
1505 1414 1689 1493 epist.
1724 1413 1861 1489 10's,
1884 1415 1994 1476 ubi
2023 1432 2206 1476 suam
2238 1434 2383 1477 cum
2418 1418 2780 1480 Pontacena
2815 1417 3092 1478 editione
3122 1432 3534 1494 comparans,

268 1516 402 1593 Nos,
433 1514 660 1594 inquit,
695 1514 823 1577 alia
864 1515 964 1578 via
1000 1516 1278 1595 grassati
1316 1516 1606 1578 codicum
1649 1518 1834 1579 ﬁdem
1872 1537 2227 1597 numquam
2268 1522 2386 1581 nisi
2436 1522 2498 1581 in
2536 1540 2606 1581 re
2637 1521 2901 1600 ancipiti
2939 1521 3359 1599 imploramns
3413 1538 3428 1579 :
3470 1519 3537 1581 in

262 1618 392 1691 iliis,
417 1634 554 1695 qua:
585 1622 646 1677 et
680 1616 860 1694 pueri
902 1615 1133 1687 sciunt,
1168 1617 1334 1679 male
1359 1616 1550 1678 horas
1582 1617 1887 1679 collocari
1926 1626 2249 1697 putamus.
2286 1620 2577 1697 Denique
2625 1620 2784 1681 nihil
2817 1620 3306 1681 estdissimilius
3335 1634 3533 1697 quam

262 1720 429 1789 editio
460 1728 677 1782 nostra
711 1718 1153 1797 Aquitanicae;
1182 1723 1245 1778 et
1277 1724 1486 1780 tamen
1519 1719 1655 1795 illa,
1688 1726 1755 1780 ut
1782 1720 1940 1791 dixi,
1981 1723 2175 1791 vivet,
2222 1723 2375 1798 quia
2426 1722 2689 1782 mendas
2728 1722 3139 1800 superiorum
3176 1722 3529 1783 editionum

260 1823 522 1897 sustulit;
550 1828 612 1884 et
645 1828 870 1883 nostra
909 1838 1167 1899 quoque
1205 1838 1334 1883 non
1371 1820 1610 1892 minus,
1646 1822 1798 1895 quia
1828 1838 2083 1881 errores
2117 1829 2478 1901 temporum
2511 1824 2808 1900 castigat.
2840 1824 3087 1884 Revera
3116 1823 3349 1898 quibus
3402 1837 3533 1884 una

259 1925 526 1987 laudibus
557 1922 874 1995 abundat,
908 1923 1108 1985 altera
1142 1921 1271 1982 fere
1307 1923 1564 2000 penitus
1615 1925 1835 1983 caret:
1888 1927 1959 1983 ut
2008 1941 2221 2000 operte
2258 1924 2536 2003 pretium
2586 1923 2839 1995 fuisset,
2882 1924 3159 1986 conferri
3196 1924 3538 2003 utriusque

260 2026 489 2086 editoris
514 2023 729 2086 studia
769 2024 847 2085 ad
888 2041 1079 2085 unam
1115 2020 1565 2101 perﬁciendam
1602 2020 1892 2083 numeris
1922 2022 2222 2085 omnibus
2274 2024 2660 2085 absolutam.
2715 2025 2803 2085 De
2846 2024 3259 2103 Scaligcrana
3318 2030 3536 2088 tamen

262 2126 319 2195 in
352 2129 715 2191 universum
748 2128 799 2187 si
830 2131 975 2204 quis
1006 2141 1041 2186 a
1076 2142 1177 2184 me
1213 2128 1487 2203 quierat,
1523 2122 1676 2200 quid
1725 2141 1805 2182 ex
1836 2123 2033 2184 animi
2065 2124 2382 2187 sententia
2410 2123 2712 2201 jndicem,
2746 2142 2887 2187 eam
2930 2142 3074 2203 ego,
3108 2124 3355 2189 tametsi
3396 2123 3537 2186 for-

261 2237 407 2291 tasse
451 2229 687 2291 durum
732 2227 1056 2306 aiiqnibus
1108 2225 1445 2295 videbitur,
1484 2223 1703 2284 haberi
1738 2222 1903 2285 infra
1932 2224 2363 2285 Pontacenam
2416 2222 2623 2283 velim.
2675 2222 2835 2283 illud
2876 2222 3207 2296 nimirum,
3236 2222 3406 2297 quod
3436 2222 3535 2282 af-

261 2332 498 2394 fectabat
527 2332 816 2409 Scaliger
841 2346 1113 2407 regnare
1153 2330 1215 2387 in
1250 2326 1500 2395 litteris,
1541 2331 1740 2404 utque
1772 2324 1890 2403 ipsi
1952 2328 2243 2385 notatum
2298 2326 2686 2388 Casanbono
2717 2329 2837 2397 est,
2876 2324 3127 2386 volebat
3159 2324 3375 2385 omnia
3413 2341 3531 2393 sua

259 2450 403 2496 nova
441 2434 635 2495 videri
670 2431 860 2493 etiam
898 2430 1372 2501 eruditissimis,
1409 2429 1473 2489 in
1504 2444 1701 2489 causa
1736 2427 1879 2503 fuit,
1912 2446 2032 2489 cur
2061 2429 2125 2488 in
2156 2428 2406 2490 diversa
2440 2429 2566 2488 alia
2602 2430 2684 2491 ab
2712 2428 2996 2490 auctoris
3028 2428 3126 2489 sui
3161 2431 3371 2490 mente
3398 2426 3538 2488 abi-

254 2543 360 2612 ret,
389 2553 765 2614 erroresque
792 2535 910 2595 sibi
945 2535 1233 2614 gigneret
1268 2530 1460 2609 longe
1499 2528 1946 2607 gravissimos.
1980 2529 2108 2589 Nec
2133 2528 2264 2607 jam
2302 2528 2444 2588 dico
2475 2529 2551 2590 de
2586 2527 2742 2589 falsa
2773 2526 3123 2589 Eusebiani
3156 2529 3533 2605 syntagma-

258 2638 325 2697 tis
351 2637 726 2713 oeconomia,
757 2641 818 2698 et
845 2633 1283 2714 suppositione
1317 2631 1517 2693 Graeci
1558 2635 1767 2689 textus
1800 2630 2081 2691 maxima
2120 2648 2202 2689 ex
2236 2637 2413 2706 parte
2449 2650 2463 2689 :
2503 2632 2611 2693 vix
2649 2629 2779 2691 ulla
2822 2627 2959 2707 ejus
2998 2626 3532 2689 annotatiuncula

256 2735 381 2813 fuit,
412 2738 469 2799 in
498 2755 631 2817 qua
670 2756 797 2799 non
837 2736 1081 2817 aliquid
1116 2740 1285 2797 esset
1332 2732 1501 2812 quod
1538 2731 1735 2791 refelli
1786 2737 2135 2812 Oporterct,
2171 2739 2232 2792 et
2262 2733 2591 2811 castigari,
2626 2733 2759 2793 sive
2792 2730 2963 2809 quod
3002 2732 3139 2809 ipse
3187 2731 3250 2791 in
3306 2745 3531 2791 errore

258 2848 623 2917 versaretur,
650 2840 787 2901 sive
820 2837 990 2916 quod
1021 2837 1180 2899 falso
1210 2836 1449 2896 crimen
1488 2833 1861 2895 auctoribus
1900 2834 2031 2893 suis
2068 2834 2468 2911 impingeret.
2531 2836 2610 2895 At
2647 2853 2799 2895 vero
2830 2835 2878 2893 si
2906 2835 3052 2911 quis
3089 2835 3232 2893 inde
3269 2833 3531 2894 conclu-

256 2959 377 3001 sum
400 2949 525 3018 eat,
554 2942 910 3006 faciendam
944 2940 1149 3019 parvi,
1191 2956 1421 3015 meque
1454 2935 1615 2998 adeo
1648 2936 1829 3014 parvi
1863 2934 2073 2996 facere
2117 2936 2477 2997 doctrinam
2510 2942 2707 3014 atque
2762 2936 3139 3001 industriam
3198 2935 3534 3014 Scaligeri,

256 3056 340 3101 me
366 3041 462 3102 ille
499 3041 742 3101 minimi
775 3040 1100 3103 faciendus
1152 3041 1253 3097 sit.
1292 3038 1580 3097 Demiror
1616 3054 1770 3114 ergo
1812 3053 2135 3095 summum
2175 3036 2312 3115 ejus
2372 3038 2729 3117 ingenium,
2764 3038 3078 3116 valdeque
3130 3038 3411 3115 suspicio
3468 3037 3532 3103 in

258 3142 413 3218 ipsis,
448 3161 610 3222 quas
642 3141 1041 3221 reprehendo
1071 3140 1680 3203 hallucinationibus
1706 3159 1723 3213 ;
1754 3146 1814 3198 et
1841 3138 2008 3197 haud
2042 3139 2205 3211 scio,
2231 3157 2383 3199 num
2425 3142 2515 3200 illi
2551 3143 2719 3201 inter
2747 3158 3001 3216 omnes,
3043 3157 3171 3202 non
3203 3139 3389 3199 modo
3417 3139 3529 3215 qui

260 3250 591 3323 temporum
625 3246 985 3306 doctrinam
1018 3243 1439 3319 tradiderunt,
1474 3244 1579 3304 sed
1617 3242 1925 3322 praeclare
1971 3243 2046 3303 de
2084 3244 2314 3304 litteris
2352 3246 2411 3304 in
2443 3248 2846 3311 universum.
2878 3246 3081 3323 deque
3114 3262 3339 3306 earum
3371 3260 3532 3303 uno~

262 3361 496 3424 quoque
527 3362 760 3424 genere
799 3351 1195 3420 meruerunt,
1226 3343 1492 3406 inﬁnitas
1521 3344 1979 3423 pr0pemodum
2032 3345 2347 3415 lectionis,
2390 3348 2544 3407 tanti
2584 3354 2843 3425 tamque
2877 3350 3044 3409 acris
3080 3347 3302 3424 judicii
3336 3345 3527 3407 laude

260 3468 456 3531 parem
481 3452 657 3514 facile
681 3450 991 3511 invenies.
1024 3449 1506 3530 lpso,inquam,
1534 3450 1792 3509 minime
1823 3450 2514 3527 exceptoPelavio,qui
2550 3458 2615 3513 ut
2639 3470 2764 3513 non
2786 3452 3105 3512 immerito
3133 3450 3529 3527 Scaligerum

257 3558 469 3636 saepius
502 3556 1006 3637 reprehenderit,
1037 3573 1292 3636 semper
1322 3563 1533 3619 tamen
1569 3556 1931 3625 immodice,
1972 3560 2194 3615 contra
2222 3561 2418 3634 atque
2464 3552 2602 3632 ejus
2636 3554 2830 3621 etiam
2884 3556 2945 3614 in
2987 3555 3167 3616 hoste
3198 3551 3522 3614 laudanda

260 3661 444 3724 virtus
477 3662 864 3733 merebatur,
899 3658 1192 3721 invectus
1226 3667 1320 3720 est
1348 3679 1363 3718 :
1394 3659 1575 3735 cujus
1625 3656 2295 3721 animadversionihus
2348 3658 2539 3741 simul
2580 3657 2879 3717 omnibus
2933 3662 2996 3716 et
3044 3651 3224 3715 libris
3263 3653 3531 3719 nimium

258 3771 549 3839 quantum
587 3780 715 3827 una
743 3762 852 3825 illa
887 3760 1104 3825 divina
1138 3761 1413 3825 Juliante
1465 3759 1704 3840 periodi
1754 3761 2151 3827 constructio
2203 3765 2397 3837 atque
2431 3761 2764 3823 inventum
2806 3757 3137 3836 prmvalet.‘
3170 3756 3371 3828 Alios,
3420 3756 3532 3834 qui

257 3862 637 3945 Scaligernm
667 3865 1094 3945 castigarunt,
1129 3864 1296 3925 viros
1334 3862 1735 3924 doctissimos
1767 3862 1991 3924 Morus
2019 3862 2353 3939 pumilioni
2380 3869 2739 3940 comparat,
2774 3864 2883 3937 qui
2932 3861 3210 3939 gigantis
3242 3861 3530 3921 invectus

258 3962 546 4036 humeris,
579 3982 708 4026 non
739 3965 878 4032 ideo
902 3970 997 4027 est
1027 3963 1169 4042 ipso
1204 3963 1464 4041 gigante
1502 3961 1710 4040 major
1738 3962 2232 4035 existimandus,
2279 3964 2433 4041 quia
2471 3963 2729 4042 longius
2781 3961 3106 4040 prospicit.
3182 3959 3421 4025 Addam
3449 3960 3529 4023 ad

257 4066 699 4145 impetrandam
726 4067 782 4128 ei
817 4068 1095 4137 veniam,
1134 4065 1303 4144 quod
1332 4072 1426 4125 est
1453 4064 1606 4125 mihi
1634 4076 1739 4125 τῶν
1774 4070 1917 4129 πάνυ
1951 4064 2377 4127 litteratorum
2432 4065 2668 4141 scripta
2722 4063 3056 4136 recolenti,
3104 4062 3335 4142 smpius
3386 4062 3537 4123 ani-

259 4165 664 4239 madversum,
701 4165 898 4229 videri
928 4180 1180 4231 summa
1229 4164 1509 4242 ingenia,
1546 4161 1905 4241 cujusmodi
1960 4180 2359 4240 unoquoque
2412 4162 2654 4223 steculo
2713 4168 3068 4227 nascuntur
3119 4161 3534 4237 paucissima,

261 4283 380 4343 prie
410 4268 544 4330 aliis
585 4265 947 4332 communis
986 4272 1048 4330 et
1078 4264 1343 4343 plebeiis
1391 4265 1619 4324 indolis
1682 4262 1877 4331 fuisse
1932 4263 2264 4324 erroribus
2320 4262 2628 4325 obnoxia.
2682 4259 2802 4321 Sed
2832 4262 3003 4323 enim
3031 4261 3153 4323 ista
3192 4260 3350 4323 nihil
3407 4278 3536 4329 non

261 4370 503 4446 vulgare
557 4374 621 4435 et
681 4370 1025 4449 protritum
1084 4367 1276 4445 longo
1327 4364 1538 4426 studio
1591 4371 1791 4442 atque
1839 4379 2035 4443 opera
2099 4365 2163 4425 in
2217 4362 2494 4429 medium
2564 4360 2942 4441 proferunt;
3004 4361 3112 4423 illa
3180 4362 3339 4423 nihil
3402 4380 3536 4435 non

262 4471 531 4546 Sublime,
567 4475 632 4533 et
668 4487 931 4539 novum,
971 4476 1081 4529 aut
1140 4465 1745 4546 priorum-inventis
1800 4470 2316 4542 superstructum
2370 4465 2822 4542 perscribunt:
2856 4464 2923 4531 in
2975 4464 3210 4540 quibus
3250 4464 3539 4543 proclivo

266 4572 509 4634 nimium
540 4578 636 4636 est
667 4573 1039 4637 humanitus
1074 4567 1252 4635 falli.‘
1279 4571 1558 4637 Prosunt
1592 4574 1807 4632 autem
1848 4568 2001 4646 ipsze
2037 4568 2243 4647 magis
2283 4567 2604 4635 interdum
2656 4570 2926 4635 istorum
2967 4567 3539 4648 hallucinationes,

265 4692 437 4755 quam
468 4680 722 4742 illorum
751 4676 1188 4758 diligentiores
1226 4692 1437 4749 curae;
1489 4680 1684 4752 atque
1715 4679 1783 4734 ut
1812 4670 2122 4750 ofﬁciant,
2161 4690 2330 4736 novo
2367 4671 2637 4743 subinde
2674 4673 2899 4751 aliquo
2932 4673 3196 4739 invento
3229 4680 3292 4734 et
3320 4674 3522 4751 probe

274 4784 635 4863 excogitato,
694 4783 934 4861 quibus
976 4781 1245 4842 remissa
1307 4778 1567 4858 ingenia
1614 4777 1883 4838 minime
1916 4784 2065 4855 apta
2120 4780 2299 4853 sunt,
2351 4791 2587 4854 magno
2623 4793 2769 4837 cum
2829 4774 3048 4837 fenore
3105 4774 3537 4838 redimuntur.

268 4882 439 4947 Porro
468 4884 632 4947 hanc
659 4884 858 4946 fuisse
887 4884 1052 4944 inter
1080 4883 1225 4944 alta:
1262 4880 1491 4940 mentis
1533 4878 1823 4938 homines
1851 4876 2103 4939 laudem
2141 4875 2468 4956 Scaligero
2501 4876 2935 4954 singularem,
2985 4894 3174 4938 nemo
3202 4874 3316 4935 ibit
3362 4872 3523 4933 inﬁ-q

270 4984 381 5047 cias
408 5006 422 5046 :
453 5005 562 5049 nos
592 4987 705 5066 qui
737 4991 866 5048 tam
896 5001 1063 5062 saepe
1093 4984 1300 5044 dicam
1333 4981 1389 5049 ei
1418 4980 1791 5057 scribimus,
1830 4997 1943 5058 per
1975 4978 2112 5058 ejus
2145 4984 2356 5041 tamen
2389 4978 2743 5057 aliquando
2768 4979 3115 5060 profecisse
3146 4976 3533 5053 doctrinam,

276 5100 378 5148 non
403 5087 765 5150 difﬁtemur.

339 5189 733 5259 inaudiverat
777 5204 970 5267 porro
1011 5187 1146 5267 ipse
1182 5185 1493 5264 Scaliger,
1529 5182 1845 5261 quasdam
1881 5180 1945 5241 in
1999 5197 2119 5241 sua
2170 5176 2541 5247 Eusebiana
2575 5198 2885 5244 censuras
2945 5184 3208 5239 auctore
3261 5176 3538 5247 Martino

276 5286 457 5353 Delrio
481 5290 851 5369 Antuerpite
872 5287 1099 5355 excudi
1131 5306 1147 5343 :
1184 5303 1328 5364 qua:
1359 5287 1409 5346 si
1449 5288 1767 5344 mererent
1804 5298 2214 5361 responsum,
2244 5298 2372 5341 non
2398 5280 2688 5345 futurum
2726 5299 2796 5343 se
2832 5282 2893 5339 in
2934 5296 3145 5352 mora,
3176 5278 3252 5341 ad
3282 5278 3538 5340 Casau-

277 5390 484 5459 bonum
516 5396 837 5467 scribens,
866 5397 1221 5469 receperat.
1263 5388 1379 5450 Sed
1414 5386 1573 5447 obiit
1599 5387 1731 5464 ipse
1765 5389 1908 5463 post
1952 5401 2210 5447 menses
2243 5383 2585 5451 admodum
2623 5398 2863 5463 paucos
2917 5384 3280 5447 extremum
3322 5377 3538 5455 diem;

276 5488 363 5553 ille
391 5513 528 5559 vero
555 5496 999 5560 Censurarum
1048 5492 1212 5553 liber
1260 5490 1322 5550 in
1367 5488 1760 5550 oblivionem
1816 5488 1905 5550 ita
1960 5486 2143 5556 abiit,
2185 5490 2253 5546 ut
2288 5503 2499 5563 neque
2532 5484 2582 5545 si
2623 5483 2787 5562 typis
2821 5498 3109 5549 excusas
3145 5495 3377 5541 revera
3419 5486 3542 5559 est,

274 5595 404 5657 satis
436 5599 651 5660 sciam.
704 5595 799 5656 Ea
858 5593 1111 5655 demum
1163 5596 1260 5654 est
1297 5588 1801 5653 ohtrectantinm
1833 5594 2072 5650 temere
2129 5583 2515 5661 scriptorum
2566 5590 2821 5645 fortuna
2859 5588 3053 5661 atque
3090 5582 3329 5645 exitus.
3393 5580 3541 5649 Alia

279 5695 386 5770 via,
419 5703 476 5759 et
500 5699 698 5767 multa
726 5694 1010 5776 quidem,
1038 5698 1227 5774 prout
1255 5690 1532 5759 nominis
1572 5689 1670 5753 sui
1708 5688 1877 5755 fama
1919 5683 2316 5757 merebatur,
2354 5688 2500 5747 cum
2530 5686 2717 5755 laude
2747 5688 3080 5769 grassatus
3120 5688 3217 5753 est
3261 5696 3542 5758 magnus

275 5792 614 5879 Salmasius,
651 5800 762 5881 qui
798 5815 1032 5877 magno
1062 5796 1387 5875 Scaligero
1420 5795 1484 5854 in
1537 5786 1950 5870 Lugdunensi
1987 5788 2378 5859 Batavorum
2436 5789 2657 5851 schola
2711 5787 3037 5857 successit.
3099 5788 3216 5851 Hic
3255 5780 3543 5845 Eusebio
