3996 6316
405 268 474 326 5|
1856 256 1983 313 PRA

2133 255 2246 314 l‘lO.
2361 215 2368 222 ’
3642 257 3711 316 se

408 380 580 446 haud
611 377 1061 461 meliusposse
1096 377 1360 442 credidit
1385 373 1714 455 suppetias
1746 372 1924 448 ferri,
1955 388 2155 452 quam
2191 373 2244 435 si
2282 372 2497 435 denuo
2545 373 2622 435 ad
2671 375 2916 436 veteres
2955 387 3154 436 manu
3199 377 3500 437 exaratos
3534 373 3716 435 codi-

406 501 514 547 ces
546 481 962 562 exigeretur:
1002 480 1063 542 id
1105 477 1274 560 quod
1323 476 1545 540 sedulo
1580 477 1715 556 ipse
1760 475 2016 574 quidem
2063 476 2356 555 praestitit
2403 483 2684 556 quatuor
2716 495 2870 538 usus
2917 495 2952 539 e
2987 478 3280 540 Palatina
3329 478 3718 543 bibliotheca

409 611 561 656 mss.
600 613 878 675 quorum
908 595 1185 674 primum
1218 589 1597 654 veneranda)
1627 589 1944 670 imprimis
1975 589 2316 653 vetustatis
2347 587 2631 650 codicem
2669 588 2732 648 in
2765 589 2936 650 notis
2971 589 3050 650 ad
3083 587 3388 651 Historiae,
3411 590 3716 668 Augustae

408 695 758 775 scriptores
792 699 997 758 vocat.
1035 694 1192 757 Usus
1230 695 1538 770 praeterea
1568 697 1664 753 est
1711 708 1867 764 uno,
1901 707 2094 768 quem
2127 689 2293 768 apud
2341 707 2411 752 se
2452 689 2704 762 habuit,
2757 690 3084 768 prioribus
3117 690 3360 752 chartis
3396 691 3718 754 mulctato

413 795 492 860 ad
525 795 656 860 fere
693 797 972 859 medium
1002 811 1210 872 usque
1234 793 1621 855 Eusebiame
1659 791 2080 871 praefationis.
2128 792 2222 853 Ex
2257 791 2355 853 his
2379 797 2594 853 autem
2628 791 2956 855 variantes
2983 793 3317 871 lectiones,
3363 799 3423 854 et
3467 811 3612 872 qua:
3651 796 3718 856 in

413 901 660 960 textum
696 897 1042 959 referendae
1071 895 1298 974 potiori
1325 893 1471 975 jure
1505 894 1624 956 sibi
1661 894 2056 970 viderentur,
2097 894 2171 955 ad
2202 895 2591 974 exemplaris
2629 895 2729 956 sui
2763 914 2844 957 ex
2885 897 3096 974 priore
3125 896 3541 977 Scaligerana
3590 898 3720 959 edi-

411 1000 587 1061 tione
617 1015 797 1060 oram
824 996 1188 1073 annotavit,
1216 993 1432 1058 addita
1464 994 1782 1055 interdum
1813 1002 1873 1056 et
1905 1012 2127 1068 causa,
2167 998 2228 1054 et
2267 994 2433 1056 raris
2470 993 2813 1057 admodum
2870 996 2935 1056 in
2985 995 3276 1057 eamdem
3313 1014 3449 1058 rem
3501 997 3667 1058 notis
3699 1022 3717 1076 ;

413 1115 625 1176 neque
654 1097 822 1158 enim
851 1113 1038 1158 curas
1069 1094 1215 1156 illas
1249 1110 1399 1155 suas
1429 1094 1492 1155 in
1525 1095 1735 1156 lucem
1777 1094 2100 1174 prolatum
2138 1095 2292 1156 ibat.
2346 1094 2614 1155 Devenit
2666 1101 2887 1174 postea
2925 1097 3262 1176 exemplar
3292 1097 3448 1158 illud
3488 1116 3521 1158 e
3569 1099 3723 1161 Sal-

412 1203 703 1263 masiana
735 1199 799 1261 in
835 1197 1712 1276 bibliothecam'Marquardi
1751 1198 1967 1272 Gudii,
2015 1216 2093 1258 ex
2125 1214 2254 1275 qua
2287 1197 2350 1257 in
2385 1197 2812 1276 Principalem
2845 1197 3328 1273 Vinariensem,
3364 1198 3722 1275 adnitente,

415 1302 522 1383 qui
554 1303 610 1364 ei
641 1306 913 1380 praeerat
938 1301 1233 1364 Conrado
1261 1299 1558 1362 Samuele
1590 1298 2151 1371 Schurzlleischio,
2175 1315 2321 1360 cum
2354 1297 2498 1358 aliis
2527 1297 2698 1372 haud
2731 1299 3000 1359 minoris
3037 1301 3221 1378 pretii
3253 1301 3436 1362 libris
3468 1301 3721 1364 illatum

412 1411 528 1468 est.
573 1405 622 1464 E
663 1405 934 1485 vestigio
961 1404 1151 1484 erepit
1185 1403 1410 1467 doctus
1442 1404 1540 1466 vir
1576 1403 1682 1464 illc
1736 1401 2122 1465 Salmasiaui
2176 1401 2416 1462 laboris
2455 1399 2534 1462 ad
2578 1400 2829 1462 exitum
2885 1399 3277 1478 perducendi
3320 1402 3666 1463 consilium
3705 1421 3719 1460 :

411 1509 746 1588 multaque
777 1507 910 1586 jam
941 1507 1395 1582 adornaverat,
1446 1507 1643 1585 inque
1678 1504 2067 1566 Adversaria
2114 1519 2233 1564 sua
2283 1487 2674 1581 conjecerat,
2713 1520 2857 1564 cum
2912 1501 3040 1563 fato
3069 1504 3284 1564 cessit.
3319 1503 3436 1565 Sed
3471 1521 3546 1567 ea
3589 1505 3721 1566 mi—

413 1609 589 1671 nime
622 1625 848 1689 passus
879 1606 1260 1670 intercidere
1292 1626 1421 1669 non
1452 1608 1686 1668 minori
1719 1606 2102 1669 eruditionis
2132 1603 2322 1666 laude
2347 1606 2562 1666 clarus
2589 1604 2787 1668 frater
2810 1604 2950 1685 ejus
2969 1605 3287 1669 Henricus
3313 1606 3721 1704 Leonardus,

415 1728 449 1772 e
482 1711 731 1773 schedis
765 1712 892 1772 illis
921 1715 1217 1790 excepta,
1256 1716 1456 1788 utque
1491 1711 1624 1789 ipse
1655 1715 1904 1785 narrat,
1942 1708 2283 1788 paululum
2315 1708 2651 1788 disposita,
2681 1713 2877 1787 atque
2913 1709 3021 1769 ubi
3049 1727 3210 1791 Opus
3239 1709 3473 1786 fuerat,
3505 1719 3726 1784 aucta,

415 1814 609 1889 atque
637 1808 716 1871 ad
750 1809 1124 1870 umbilicum
1160 1808 1492 1888 perducta,
1531 1809 1808 1886 praeﬁxis
1839 1809 2031 1870 etiam
2071 1808 2410 1886 perpaucis
2449 1807 2655 1885 Notis,
2693 1809 2931 1886 quibus
2965 1808 3167 1870 Graeci
3196 1815 3414 1873 textus
3441 1828 3477 1874 a
3509 1811 3727 1874 Scali—

419 1930 576 1992 gero
604 1912 906 1989 publicati
941 1912 1300 1991 marginem
1327 1911 1679 1973 Salmasius
1716 1915 2108 1989 asperserat,
2138 1909 2430 1971 Auctarii
2465 1910 2605 1970 loco
2633 1909 2712 1972 ad
2747 1910 3068 1975 Notitiam
3109 1910 3493 1974 bibliothecas
3523 1895 3732 1975 Prin-

422 2015 646 2095 cipalis
692 2014 1081 2078 Vinariensis
1107 2030 1212 2077 an.
1248 1998 1404 2075 1712
1440 2033 1587 2077 cum
1621 2014 1824 2074 doctis
1873 2013 2374 2074 communicavit
2405 2033 2420 2073 :
2459 2030 2604 2090 quae
2649 2013 2800 2076 item
2847 2015 3314 2094 posterioribus
3348 2017 3545 2093 curis,
3583 2017 3731 2078 vul-

419 2123 567 2194 gato
601 2122 742 2197 post
773 2116 970 2178 ferme
1008 2115 1342 2177 biennium
1373 2116 1611 2192 exiguo
1643 2115 1887 2192 libello,
1920 2114 2317 2194 recognovit.
2357 2112 2561 2193 Cujus
2613 2116 2723 2179 illa
2770 2118 2899 2178 sint
2944 2118 3160 2197 pretii,
3198 2123 3261 2180 et
3300 2134 3495 2198 quam
3546 2120 3730 2180 home

421 2219 621 2297 frugis
655 2221 900 2299 experti
937 2236 1055 2280 nos
1098 2219 1325 2292 simus,
1356 2217 1560 2278 disces
1594 2234 1675 2278 ex
1699 2217 1805 2291 iis,
1833 2234 1977 2295 quae
2007 2219 2289 2280 maxime
2322 2219 2385 2279 in
2417 2237 2554 2280 rem
2584 2223 2873 2281 nostram
2903 2220 3313 2296 videbantur,
3343 2225 3405 2282 et
3453 2218 3729 2282 subinde

423 2322 661 2383 nostris
689 2320 1219 2382 annotationibus
1250 2319 1766 2395 interseruimus,
1795 2324 1865 2379 ut
1887 2319 1976 2378 tui
2005 2319 2224 2396 etiam,
2254 2321 2478 2394 lector,
2503 2321 2724 2400 judicii
2759 2321 3133 2383 faceremus.

503 2425 649 2485 Post
677 2423 818 2484 illas
850 2424 1069 2502 itaque
1098 2422 1429 2484 hominum
1459 2423 1650 2503 longe
1688 2421 2206 2482 doctissimorum
2239 2438 2456 2500 curas,
2477 2423 2645 2508 huic
2675 2441 2793 2485 nos
2825 2440 3012 2485 novae
3039 2423 3300 2485 editioni
3334 2423 3727 2487 adornanda:

425 2528 829 2590 accinximus
862 2546 876 2587 :
912 2527 1015 2588 cui
1049 2527 1308 2604 quidem
1346 2526 1548 2587 modis
1579 2525 1881 2587 omnibus
1920 2530 1982 2586 et
2013 2527 2302 2586 numeris
2346 2525 2775 2605 expoliendze,
2821 2527 3072 2588 tametsi
3113 2527 3356 2606 praevia
3388 2531 3568 2590 tanta
3621 2527 3737 2591 illa

431 2626 817 2692 Criticorum
852 2624 1172 2690 industria
1202 2625 1498 2689 conferre
1531 2625 1882 2706 plurimum
1935 2627 2287 2705 videretur,
2315 2645 2460 2690 cum
2500 2645 2760 2688 manum
2804 2633 3017 2690 tamen
3071 2630 3248 2707 operi
3297 2628 3728 2704 admovimus,

428 2737 519 2792 tot
549 2749 764 2794 rerum
793 2734 1129 2806 varietate,
1164 2737 1227 2794 et
1260 2734 1728 2795 sententiarum
1756 2731 2066 2808 dissidiis,
2099 2733 2434 2812 negotium
2458 2731 2595 2794 dari
2635 2732 2822 2793 nobis
2873 2733 3104 2811 magis,
3153 2748 3228 2793 ac
3275 2733 3479 2811 magis
3528 2733 3740 2811 impc-

427 2835 654 2908 ditum,
692 2836 938 2915 experti
973 2853 1217 2898 sumus.
1266 2837 1726 2916 PrOposuimus
1778 2839 1995 2896 autem
2037 2835 2368 2914 archetypi
2428 2835 2569 2896 loco
2619 2836 3054 2896 Pontacenam
3101 2832 3472 2908 editionem,
3515 2838 3739 2912 utpote

427 2955 574 3017 quas
603 2944 666 2999 et
691 2939 924 3002 Joanni
963 2941 1218 3001 Morino
1243 2938 1476 3000 dicitur
1504 2939 1793 2999 omnium
1825 2939 2329 3012 correctissima,
2369 2944 2431 3001 et
2466 2944 2559 3001 est
2591 2939 2736 3019 jure
2789 2939 3022 3001 merito
3047 2940 3322 3014 emteris,
3374 2945 3444 3000 ut
3496 2936 3738 2999 dudum

431 3039 944 3110 observavimus,
974 3040 1394 3120 prmferenda.
1453 3039 1857 3103 Contuiimus
1889 3043 2110 3120 [porro
2157 3041 2336 3102 illam
2375 3059 2452 3101 ex
2487 3040 2737 3120 integro
2773 3059 2920 3102 cum
2968 3042 3184 3120 probae
3233 3040 3639 3120 antiquitatis
3676 3046 3742 3102 et

433 3145 600 3201 notze
629 3141 953 3203 codicibus
987 3160 1139 3203 mss.
1181 3161 1196 3202 :
1237 3160 1391 3216 uno,
1417 3143 1526 3222 qui
1572 3149 1722 3204 ante
1757 3143 1873 3204 hos
1908 3161 2146 3222 paucos
2197 3159 2401 3204 annos
2435 3143 2497 3202 in
2535 3143 2865 3206 Parmensi
2909 3143 3132 3204 Ducali
3166 3143 3552 3206 bibliotheca
3591 3143 3735 3224 fuit,

432 3259 707 3303 numero
736 3241 815 3302 52
843 3249 1258 3323 przenolatus,
1297 3250 1358 3305 et
1386 3245 1745 3306 recentiore
1783 3244 2044 3323 quidem
2079 3247 2233 3323 alio,
2270 3245 2378 3305 sed
2407 3246 2562 3306 satis
2593 3249 2811 3310 tamen
2846 3245 3210 3320 emendato,
3253 3247 3362 3324 qui
3403 3248 3576 3326 apud
3621 3266 3739 3309 nos

435 3349 529 3403 est
561 3363 578 3404 :
616 3361 896 3422 quorum
931 3348 1101 3405 certe
1135 3361 1255 3422 ope
1283 3344 1608 3419 nonnulli,
1636 3345 1745 3423 qui
1780 3363 1927 3406 cum
1963 3345 2207 3405 mendis
2238 3343 2449 3406 adhuc
2476 3342 3042 3419 conflictabantur,
3082 3343 3201 3405 loci
3233 3343 3513 3404 restituti
3562 3352 3738 3406 sunt.

437 3445 868 3508 Adliibuimus
900 3463 1163 3526 quoque
1190 3447 1254 3508 in
1280 3446 1621 3508 consilium
1653 3447 2007 3528 principem
2040 3445 2412 3522 editionem,
2438 3446 2680 3509 nemini
2712 3453 2904 3509 antea
2934 3445 3253 3507 editorum
3283 3448 3745 3520 tractatam,ut

439 3554 501 3610 et
535 3550 711 3611 illam
743 3551 1009 3613 Auberti
1039 3550 1266 3626 Minei,
1297 3568 1442 3630 qua:
1472 3552 1890 3630 posteriorem
1926 3555 2178 3613 tantum
2228 3549 2533 3612 Chronici
2587 3552 2833 3627 partem
2866 3549 2921 3610 'a
2958 3546 3210 3609 Christo
3244 3550 3396 3606 nato
3449 3545 3737 3609 exhibet.

434 3650 557 3711 Alii
595 3653 759 3714 alios
815 3633 1358 3715 laudantveteres
1388 3653 1588 3714 libros
1624 3676 1638 3714 :
1674 3659 1736 3714 et
1764 3653 2066 3715 Valesius
2111 3653 2371 3732 quidem
2428 3651 2928 3728 vetustissimos,
2977 3649 3393 3722 Acutianum,
3444 3648 3644 3727 Lipsii
3682 3667 3747 3726 et

433 3751 658 3812 Ortelii
693 3772 707 3811 :
746 3753 1141 3816 Colomesius
1186 3759 1401 3816 autem
1440 3755 1777 3835 exemplar
1821 3755 2251 3834 Scaligerante
2304 3755 2636 3829 editionis,
2681 3757 2851 3833 quod
2905 3752 3240 3816 Cornelius
3291 3750 3540 3812 Tollius
3588 3769 3735 3812 cum

438 3868 592 3912 mss.
627 3853 986 3926 commisit;
1033 3853 1271 3931 quibus
1303 3861 1514 3916 tamen
1544 3855 1834 3918 caruisse
1865 3856 1928 3914 in
1962 3861 2141 3918 tanta
2175 3855 2546 3916 divitiarum
2580 3854 2894 3932 ejusmodi
2925 3854 3138 3932 cOpia,
3163 3870 3300 3932 non
3338 3869 3547 3930 usque
3579 3852 3743 3914 adeo

437 3955 623 4016 nobis
652 3973 820 4034 aegre
857 3956 1188 4016 ferendum
1239 3956 1511 4018 videtur.
1562 3960 1772 4034 Atque
1803 3958 1934 4019 haec
1970 3957 2231 4019 levioris
2265 3959 2569 4018 momenti
2606 3962 2778 4018 sunt.
2825 3955 3116 4016 Graecum
3163 3952 3426 4015 Eusebii
3475 3959 3739 4014 contex-

436 4061 572 4114 tum
601 4053 842 4130 jamdiu
872 4053 1024 4114 olim
1052 4055 1476 4132 deperditum,
1507 4073 1584 4116 ex
1619 4055 1816 4117 variis
1843 4057 2170 4120 variorum
2200 4063 2571 4130 auctorum,
2605 4057 2712 4136 qui
2745 4074 2827 4116 ex
2855 4073 2931 4116 eo
2957 4052 3248 4133 quaedam
3277 4053 3341 4114 in
3375 4069 3494 4116 sua
3530 4059 3744 4114 trans-

437 4156 746 4227 tulerunt,
779 4156 1028 4218 laciniis
1079 4157 1320 4218 sarcire
1364 4156 1829 4238 prOpemodum
1861 4176 1942 4219 ex
1979 4159 2256 4240 integro,
2289 4159 2672 4237 conquisitis
2725 4159 3158 4237 undequaque
3209 4158 3368 4218 locis
3407 4156 3734 4236 genuinis,

435 4260 548 4338 qui
579 4277 660 4322 ne
693 4260 889 4321 verbo
916 4260 1175 4338 quidem
1204 4267 1390 4324 tenus
1422 4259 1826 4334 abluderent,
1860 4261 1966 4322 sed
2001 4263 2266 4323 omnino
2311 4261 2531 4322 iisdem
2569 4278 2718 4340 quas
2745 4261 3069 4322 Eusebius
3095 4246 3492 4339 perscripsit,
3521 4259 3738 4319 conti-

439 4363 575 4423 neri
612 4361 1006 4436 viderentur,
1034 4363 1156 4424 hoc
1177 4382 1365 4442 opus,
1389 4363 1493 4426 hic
1519 4365 1702 4425 labor
1731 4363 2064 4441 improbus
2095 4363 2233 4426 fuit.
2267 4363 2621 4425 Maximam
2654 4361 2915 4442 quidem
2945 4361 3458 4441 fragmentorum
3490 4362 3741 4438 partem

436 4460 751 4541 Georgius
785 4462 892 4522 ille
935 4461 1294 4542 Syncellus,
1345 4471 1480 4526 tum
1528 4465 1883 4540 Paschalis,
1940 4467 2076 4528 sive
2126 4465 2549 4528 Alexandrini
2583 4465 2887 4528 Chronici
2933 4471 3160 4526 auctor
3201 4462 3743 4545 suppeditarunt;

434 4563 544 4627 sed
571 4564 698 4625 alia
737 4570 948 4625 tamen
980 4565 1145 4644 apud
1182 4566 1344 4628 alios
1373 4568 1767 4648 investigare
1804 4568 2292 4648 diligentissime
2338 4588 2604 4632 necesse
2648 4570 2789 4643 fuit,
2833 4555 3194 4631 Cedrenum
3229 4574 3387 4647 puta
3441 4570 3504 4628 et
3555 4565 3749 4628 Nice-

440 4664 742 4746 phorum,
780 4665 1238 4744 Theophanem
1267 4672 1327 4728 et
1360 4667 1458 4729 Jo.
1503 4670 1766 4743 Malala,
1798 4687 2080 4748 quorum
2133 4671 2465 4734 volumina
2497 4670 2575 4732 ad
2623 4671 2925 4748 exiguam
2966 4669 3316 4745 quamdam
3368 4666 3742 4747 periocham

439 4769 927 4848 expiscandam,
959 4771 1400 4848 percurrimus
1439 4790 1606 4852 smpe
1635 4773 1885 4852 integra
1914 4795 1928 4834 :
1956 4779 2023 4834 ut
2055 4790 2166 4836 eos
2197 4775 2386 4836 modo
2417 4781 2662 4838 taceam
2699 4791 2984 4853 quorum
3023 4774 3161 4854 ipse
3193 4772 3348 4834 olim
3379 4772 3745 4835 testimonia

444 4869 766 4933 Eusebius
796 4869 1218 4950 descripserat
1254 4869 1426 4950 (nam
1454 4871 1762 4950 Scaligeri
1796 4873 2226 4935 Collectaneis
2264 4875 2358 4936 bis
2390 4881 2617 4953 terque
2646 4874 2724 4938 ad
2751 4892 3076 4936 summum
3115 4873 3641 4952 conquievimus,
3670 4877 3744 4934 ut

440 4992 520 5036 ne
555 4976 700 5055 quis
735 4979 998 5037 vacaret
1025 4973 1404 5038 documento
1434 4975 1655 5053 aliquo
1694 4973 1927 5057 locus),
1968 4978 2198 5038 caetera
2231 4984 2359 5037 tam
2396 4977 2764 5055 diligenter,
2822 4983 3082 5056 tamque
3116 4975 3388 5037 tideliter
3433 4991 3744 5054 expressa

443 5085 618 5149 sunt,
655 5083 724 5138 ut
758 5084 817 5138 et
846 5078 1079 5157 pagina
1114 5075 1625 5155 uniuscujusque
1651 5078 1964 5150 auctoris,
1995 5076 2073 5138 ad
2108 5077 2465 5141 faciendam
2500 5078 2593 5139 rei
2643 5077 2858 5153 ﬁdem,
2889 5077 3164 5157 singulis
3201 5075 3583 5137 testimoniis
3611 5093 3740 5136 an-

439 5184 719 5240 notetur.
753 5178 832 5239 Et
861 5196 1012 5241 vero
1045 5179 1094 5240 si
1135 5177 1292 5239 nihil
1323 5185 1630 5258 praeterea
1658 5179 1832 5240 aliud
1872 5181 2227 5258 praestitum
2259 5197 2294 5242 a
2329 5180 2514 5242 nobis
2546 5187 2716 5242 esset
2745 5180 2810 5241 in
2842 5180 2964 5241 hoc
2991 5179 3373 5242 exornando
3393 5178 3739 5256 Chronico,

439 5285 605 5340 esset
644 5286 855 5340 tamen
888 5298 1004 5342 cur
1034 5281 1189 5342 satis
1230 5280 1391 5341 bene
1435 5280 1509 5339 de
1540 5276 1844 5352 Eusebio,
1897 5281 2168 5359 eiusque
2221 5282 2534 5360 imprimis
2587 5283 2941 5361 interprete
2988 5282 3388 5360 Hieronymo
3431 5281 3742 5341 meruisse

441 5381 932 5444 confideremus.
992 5383 1108 5445 Sed
1143 5390 1238 5446 est
1264 5383 1428 5445 liber
1463 5382 1604 5454 iste,
1634 5383 1804 5461 quod
1838 5383 2047 5462 primo
2077 5384 2294 5444 statim
2321 5385 2560 5446 intuitu
2595 5390 2889 5465 apparet,
2917 5385 3010 5447 ita
3063 5385 3371 5461 scriptus,
3400 5390 3469 5446 ut
3508 5384 3748 5445 frustra

439 5483 678 5561 aliquis
715 5489 950 5564 speret,
980 5502 1047 5546 se
1080 5503 1226 5546 eum
1258 5486 1357 5549 vel
1397 5485 1726 5564 explicare
1762 5486 1934 5556 aliis,
1977 5483 2074 5546 vel
2109 5484 2471 5567 intelligere
2523 5491 2681 5551 satis
2729 5506 2946 5570 posse,
2988 5488 3148 5565 quin
3204 5489 3424 5550 omnia
3454 5486 3744 5548 omnium

442 5590 753 5656 veterum,
789 5588 1351 5665 recentiorumque
1397 5591 1735 5650 auctorum
1791 5588 2032 5651 scrinia
2082 5593 2468 5665 excusserit,
2525 5591 2588 5652 in
2623 5591 2860 5670 quibus
2907 5589 3150 5666 aliquid
3187 5589 3286 5650 vel
3333 5589 3409 5651 ad
3460 5589 3743 5649 historia:

441 5687 802 5762 veritatem,
834 5689 932 5748 vel
957 5689 1033 5750 ad
1067 5696 1428 5767 temporum
1461 5692 1692 5752 seriem
1725 5691 2063 5770 pertineat.
2111 5691 2372 5752 Nullum
2421 5693 2580 5755 adeo
2631 5708 2749 5755 nos
2798 5695 3052 5771 gestum
3083 5691 3452 5771 expendere
3480 5691 3545 5751 in
3576 5689 3749 5751 notis

442 5789 996 5863 praetermisimus,
1034 5795 1101 5852 ut
1140 5789 1430 5851 lectionis
1477 5791 1780 5869 primum,
1831 5810 1946 5854 nec
1991 5795 2204 5856 solum
2252 5793 2535 5868 Latina»,
2583 5793 2691 5858 sed
2734 5800 2796 5859 et
2832 5793 3107 5873 Graecae,
3143 5791 3360 5874 quoad
3414 5792 3553 5872 ejus
3603 5790 3745 5854 ﬁeri
