  <div class='ocr_page' id='page_1' title='image "/cluster/home/n/w/nwhite01/storage/ocr_20150623/27/uva.x000826567/039.png"; bbox 0 0 3996 6316; ppageno 0'>
   <div class='ocr_carea' id='block_1_1' title="bbox 491 253 3790 323">
    <p class='ocr_par' dir='ltr' id='par_1_1' title="bbox 491 253 3790 323">
     <span class='ocr_line' id='line_1_1' title="bbox 491 253 3790 323; baseline -0.003 0"><span class='ocrx_word' id='word_1_1' title='bbox 491 264 561 323; x_wconf 79' lang='lat'><strong>6‘5</strong></span> <span class='ocrx_word' id='word_1_2' title='bbox 1738 257 1797 316; x_wconf 85' lang='lat' dir='ltr'><strong>S.</strong></span> <span class='ocrx_word' id='word_1_3' title='bbox 1842 255 2114 316; x_wconf 80' lang='lat' dir='ltr'><strong>EUSEBII</strong></span> <span class='ocrx_word' id='word_1_4' title='bbox 2154 254 2536 314; x_wconf 78' lang='lat' dir='ltr'><strong>lllERONYMl</strong></span> <span class='ocrx_word' id='word_1_5' title='bbox 3715 253 3790 314; x_wconf 74' lang='grc' dir='ltr'>δι</span> 
     </span>
    </p>
   </div>
   <div class='ocr_carea' id='block_1_2' title="bbox 493 365 3793 451">
    <p class='ocr_par' dir='ltr' id='par_1_2' title="bbox 493 365 3793 451">
     <span class='ocr_line' id='line_1_2' title="bbox 493 365 3793 451; baseline -0.003 -17"><span class='ocrx_word' id='word_1_6' title='bbox 493 387 550 434; x_wconf 93' lang='lat' dir='ltr'><strong>et</strong></span> <span class='ocrx_word' id='word_1_7' title='bbox 571 376 870 446; x_wconf 61' lang='lat' dir='ltr'><strong>Caesarum,</strong></span> <span class='ocrx_word' id='word_1_8' title='bbox 895 387 950 435; x_wconf 92' lang='lat' dir='ltr'><strong>et</strong></span> <span class='ocrx_word' id='word_1_9' title='bbox 974 378 1174 451; x_wconf 83' lang='lat' dir='ltr'><strong>quibus</strong></span> <span class='ocrx_word' id='word_1_10' title='bbox 1196 375 1533 446; x_wconf 91' lang='lat' dir='ltr'><strong>temporibus</strong></span> <span class='ocrx_word' id='word_1_11' title='bbox 1563 382 1588 412; x_wconf 72' lang='grc' dir='ltr'>α</span> <span class='ocrx_word' id='word_1_12' title='bbox 1617 371 2086 444; x_wconf 89' lang='lat' dir='ltr'><strong>historiographos</strong></span> <span class='ocrx_word' id='word_1_13' title='bbox 2111 373 2161 432; x_wconf 77' lang='grc' dir='ltr'>Α</span> <span class='ocrx_word' id='word_1_14' title='bbox 2189 370 2560 441; x_wconf 78' lang='lat' dir='ltr'><strong>cognoscitur.</strong></span> <span class='ocrx_word' id='word_1_15' title='bbox 2591 368 2724 424; x_wconf 85' lang='lat' dir='ltr'><strong>Nam</strong></span> <span class='ocrx_word' id='word_1_16' title='bbox 2757 382 2880 424; x_wconf 84' lang='lat' dir='ltr'><strong>cum</strong></span> <span class='ocrx_word' id='word_1_17' title='bbox 2904 368 3139 439; x_wconf 88' lang='lat' dir='ltr'><strong>primum</strong></span> <span class='ocrx_word' id='word_1_18' title='bbox 3171 365 3300 424; x_wconf 80' lang='lat' dir='ltr'><strong>fecit</strong></span> <span class='ocrx_word' id='word_1_19' title='bbox 3330 367 3472 424; x_wconf 85' lang='lat' dir='ltr'><strong>Deus</strong></span> <span class='ocrx_word' id='word_1_20' title='bbox 3501 368 3700 424; x_wconf 67' lang='lat' dir='ltr'><strong>(telum</strong></span> <span class='ocrx_word' id='word_1_21' title='bbox 3732 376 3793 424; x_wconf 89' lang='lat' dir='ltr'><strong>et</strong></span> 
     </span>
    </p>
   </div>
   <div class='ocr_carea' id='block_1_3' title="bbox 494 463 2089 537">
    <p class='ocr_par' dir='ltr' id='par_1_3' title="bbox 494 463 2089 537">
     <span class='ocr_line' id='line_1_3' title="bbox 494 463 2089 537; baseline -0.004 -12"><span class='ocrx_word' id='word_1_22' title='bbox 494 471 662 527; x_wconf 78' lang='lat' dir='ltr'><strong>fuisse</strong></span> <span class='ocrx_word' id='word_1_23' title='bbox 713 471 995 537; x_wconf 80' lang='lat' dir='ltr'><strong>dixerunt;</strong></span> <span class='ocrx_word' id='word_1_24' title='bbox 1046 471 1143 526; x_wconf 89' lang='lat' dir='ltr'><strong>sed</strong></span> <span class='ocrx_word' id='word_1_25' title='bbox 1194 478 1249 525; x_wconf 91' lang='lat' dir='ltr'><strong>et</strong></span> <span class='ocrx_word' id='word_1_26' title='bbox 1303 466 1676 523; x_wconf 85' lang='lat' dir='ltr'><strong>successiones</strong></span> <span class='ocrx_word' id='word_1_27' title='bbox 1732 463 2089 536; x_wconf 89' lang='lat' dir='ltr'><strong>eorurndem,</strong></span> 
     </span>
    </p>
   </div>
   <div class='ocr_carea' id='block_1_4' title="bbox 497 558 2088 636">
    <p class='ocr_par' dir='ltr' id='par_1_4' title="bbox 497 558 2088 636">
     <span class='ocr_line' id='line_1_4' title="bbox 497 558 2088 636; baseline -0.003 -18"><span class='ocrx_word' id='word_1_28' title='bbox 497 563 642 636; x_wconf 87' lang='lat' dir='ltr'><strong>quod</strong></span> <span class='ocrx_word' id='word_1_29' title='bbox 669 579 765 633; x_wconf 88' lang='lat' dir='ltr'><strong>per</strong></span> <span class='ocrx_word' id='word_1_30' title='bbox 794 562 1038 618; x_wconf 90' lang='lat' dir='ltr'><strong>ordinem</strong></span> <span class='ocrx_word' id='word_1_31' title='bbox 1071 577 1250 618; x_wconf 91' lang='lat' dir='ltr'><strong>rerum</strong></span> <span class='ocrx_word' id='word_1_32' title='bbox 1281 561 1310 598; x_wconf 73' lang='grc' dir='ltr'>δ</span> <span class='ocrx_word' id='word_1_33' title='bbox 1338 560 1592 628; x_wconf 76' lang='lat' dir='ltr'><strong>superius</strong></span> <span class='ocrx_word' id='word_1_34' title='bbox 1621 558 1953 616; x_wconf 85' lang='lat' dir='ltr'><strong>declaratum</strong></span> <span class='ocrx_word' id='word_1_35' title='bbox 1982 567 2088 614; x_wconf 90' lang='lat' dir='ltr'><strong>est.</strong></span> 
     </span>
    </p>
   </div>
   <div class='ocr_carea' id='block_1_5' title="bbox 499 648 2090 722">
    <p class='ocr_par' dir='ltr' id='par_1_5' title="bbox 499 648 2090 722">
     <span class='ocr_line' id='line_1_5' title="bbox 499 648 2090 722; baseline -0.004 -14"><span class='ocrx_word' id='word_1_36' title='bbox 499 654 742 722; x_wconf 85' lang='lat' dir='ltr'><strong>Quorum</strong></span> <span class='ocrx_word' id='word_1_37' title='bbox 758 653 1014 710; x_wconf 87' lang='lat' dir='ltr'><strong>universa</strong></span> <span class='ocrx_word' id='word_1_38' title='bbox 1032 662 1298 722; x_wconf 83' lang='lat' dir='ltr'><strong>tempora,</strong></span> <span class='ocrx_word' id='word_1_39' title='bbox 1313 658 1488 721; x_wconf 88' lang='lat' dir='ltr'><strong>gesta,</strong></span> <span class='ocrx_word' id='word_1_40' title='bbox 1508 649 1626 705; x_wconf 84' lang='lat' dir='ltr'><strong>sive</strong></span> <span class='ocrx_word' id='word_1_41' title='bbox 1645 648 1786 719; x_wconf 90' lang='lat' dir='ltr'><strong>apud</strong></span> <span class='ocrx_word' id='word_1_42' title='bbox 1808 648 2090 715; x_wconf 61' lang='lat' dir='ltr'><strong>Hebratos,</strong></span> 
     </span>
    </p>
   </div>
   <div class='ocr_carea' id='block_1_6' title="bbox 500 739 2092 816">
    <p class='ocr_par' dir='ltr' id='par_1_6' title="bbox 500 739 2092 816">
     <span class='ocr_line' id='line_1_6' title="bbox 500 739 2092 816; baseline -0.004 -15"><span class='ocrx_word' id='word_1_43' title='bbox 500 745 587 801; x_wconf 69' lang='lat' dir='ltr'><strong>vel</strong></span> <span class='ocrx_word' id='word_1_44' title='bbox 615 748 757 816; x_wconf 89' lang='lat' dir='ltr'><strong>apud</strong></span> <span class='ocrx_word' id='word_1_45' title='bbox 779 743 1022 811; x_wconf 64' lang='lat' dir='ltr'><strong>Graecos,</strong></span> <span class='ocrx_word' id='word_1_46' title='bbox 1054 743 1140 798; x_wconf 83' lang='lat' dir='ltr'><strong>vel</strong></span> <span class='ocrx_word' id='word_1_47' title='bbox 1161 740 1302 811; x_wconf 88' lang='lat' dir='ltr'><strong>apud</strong></span> <span class='ocrx_word' id='word_1_48' title='bbox 1329 740 1625 808; x_wconf 83' lang='lat' dir='ltr'><strong>Romanos,</strong></span> <span class='ocrx_word' id='word_1_49' title='bbox 1656 740 1770 796; x_wconf 86' lang='lat' dir='ltr'><strong>sive</strong></span> <span class='ocrx_word' id='word_1_50' title='bbox 1792 739 1934 811; x_wconf 90' lang='lat' dir='ltr'><strong>apud</strong></span> <span class='ocrx_word' id='word_1_51' title='bbox 1961 740 2092 795; x_wconf 89' lang='lat' dir='ltr'><strong>Bar-</strong></span> 
     </span>
    </p>
   </div>
   <div class='ocr_carea' id='block_1_7' title="bbox 501 834 2094 908">
    <p class='ocr_par' dir='ltr' id='par_1_7' title="bbox 501 834 2094 908">
     <span class='ocr_line' id='line_1_7' title="bbox 501 834 2094 908; baseline -0.003 -14"><span class='ocrx_word' id='word_1_52' title='bbox 501 837 689 905; x_wconf 89' lang='lat' dir='ltr'><strong>baros,</strong></span> <span class='ocrx_word' id='word_1_53' title='bbox 713 846 1047 908; x_wconf 61' lang='lat' dir='ltr'><strong>craterasque</strong></span> <span class='ocrx_word' id='word_1_54' title='bbox 1070 845 1280 907; x_wconf 87' lang='lat' dir='ltr'><strong>gentes,</strong></span> <span class='ocrx_word' id='word_1_55' title='bbox 1305 851 1427 905; x_wconf 69' lang='lat' dir='ltr'><strong>qua:</strong></span> <span class='ocrx_word' id='word_1_56' title='bbox 1447 841 1757 906; x_wconf 80' lang='lat' dir='ltr'><strong>gesserunt,</strong></span> <span class='ocrx_word' id='word_1_57' title='bbox 1783 834 1870 890; x_wconf 85' lang='lat' dir='ltr'><strong>vel</strong></span> <span class='ocrx_word' id='word_1_58' title='bbox 1893 834 2094 890; x_wconf 89' lang='lat' dir='ltr'><strong>consti-</strong></span> 
     </span>
    </p>
   </div>
   <div class='ocr_carea' id='block_1_8' title="bbox 503 927 2093 1002">
    <p class='ocr_par' dir='ltr' id='par_1_8' title="bbox 503 927 2093 1002">
     <span class='ocr_line' id='line_1_8' title="bbox 503 927 2093 1002; baseline -0.002 -15"><span class='ocrx_word' id='word_1_59' title='bbox 503 939 724 988; x_wconf 89' lang='lat' dir='ltr'><strong>tueront</strong></span> <span class='ocrx_word' id='word_1_60' title='bbox 751 945 851 1002; x_wconf 89' lang='lat' dir='ltr'><strong>per</strong></span> <span class='ocrx_word' id='word_1_61' title='bbox 879 929 1168 996; x_wconf 73' lang='lat' dir='ltr'><strong>historias,</strong></span> <span class='ocrx_word' id='word_1_62' title='bbox 1203 930 1228 961; x_wconf 75' lang='grc'><strong><em>⁸</em></strong></span> <span class='ocrx_word' id='word_1_63' title='bbox 1261 930 1314 984; x_wconf 91' lang='lat' dir='ltr'><strong>in</strong></span> <span class='ocrx_word' id='word_1_64' title='bbox 1342 927 1448 985; x_wconf 91' lang='lat' dir='ltr'><strong>hoc</strong></span> <span class='ocrx_word' id='word_1_65' title='bbox 1478 928 1618 984; x_wconf 91' lang='lat' dir='ltr'><strong>libro</strong></span> <span class='ocrx_word' id='word_1_66' title='bbox 1650 928 1965 998; x_wconf 90' lang='lat' dir='ltr'><strong>plenissime</strong></span> <span class='ocrx_word' id='word_1_67' title='bbox 1995 927 2093 984; x_wconf 82' lang='lat' dir='ltr'><strong>de-</strong></span> 
     </span>
    </p>
   </div>
   <div class='ocr_carea' id='block_1_9' title="bbox 503 1021 2096 1094">
    <p class='ocr_par' dir='ltr' id='par_1_9' title="bbox 503 1021 2096 1094">
     <span class='ocr_line' id='line_1_9' title="bbox 503 1021 2096 1094; baseline -0.001 -14"><span class='ocrx_word' id='word_1_68' title='bbox 503 1033 881 1081; x_wconf 85' lang='lat' dir='ltr'><strong>monstrantur</strong></span> <span class='ocrx_word' id='word_1_69' title='bbox 911 1041 925 1078; x_wconf 90' lang='lat'><strong>:</strong></span> <span class='ocrx_word' id='word_1_70' title='bbox 955 1023 1100 1094; x_wconf 89' lang='lat' dir='ltr'><strong>quod</strong></span> <span class='ocrx_word' id='word_1_71' title='bbox 1129 1032 1184 1080; x_wconf 87' lang='lat' dir='ltr'><strong>et</strong></span> <span class='ocrx_word' id='word_1_72' title='bbox 1218 1023 1272 1080; x_wconf 92' lang='lat' dir='ltr'><strong>in</strong></span> <span class='ocrx_word' id='word_1_73' title='bbox 1296 1023 1438 1079; x_wconf 90' lang='lat' dir='ltr'><strong>libro</strong></span> <span class='ocrx_word' id='word_1_74' title='bbox 1466 1022 1570 1078; x_wconf 88' lang='lat' dir='ltr'><strong>hoc</strong></span> <span class='ocrx_word' id='word_1_75' title='bbox 1599 1021 1842 1077; x_wconf 71' lang='lat' dir='ltr'><strong>historiae</strong></span> <span class='ocrx_word' id='word_1_76' title='bbox 1868 1023 2096 1093; x_wconf 72' lang='lat' dir='ltr'><strong>singula:</strong></span> 
     </span>
    </p>
   </div>
   <div class='ocr_carea' id='block_1_10' title="bbox 502 1114 2095 1188">
    <p class='ocr_par' dir='ltr' id='par_1_10' title="bbox 502 1114 2095 1188">
     <span class='ocr_line' id='line_1_10' title="bbox 502 1114 2095 1188; baseline -0.002 -14"><span class='ocrx_word' id='word_1_77' title='bbox 502 1117 832 1188; x_wconf 74' lang='lat' dir='ltr'><strong>conscripta:</strong></span> <span class='ocrx_word' id='word_1_78' title='bbox 877 1114 1191 1185; x_wconf 88' lang='lat' dir='ltr'><strong>declarant,</strong></span> <span class='ocrx_word' id='word_1_79' title='bbox 1236 1115 1460 1172; x_wconf 89' lang='lat' dir='ltr'><strong>deorum</strong></span> <span class='ocrx_word' id='word_1_80' title='bbox 1509 1116 1954 1187; x_wconf 77' lang='lat' dir='ltr'><strong>generationem,</strong></span> <span class='ocrx_word' id='word_1_81' title='bbox 2009 1115 2095 1171; x_wconf 85' lang='lat' dir='ltr'><strong>vel</strong></span> 
     </span>
    </p>
   </div>
   <div class='ocr_carea' id='block_1_11' title="bbox 502 1209 2096 1282">
    <p class='ocr_par' dir='ltr' id='par_1_11' title="bbox 502 1209 2096 1282">
     <span class='ocr_line' id='line_1_11' title="bbox 502 1209 2096 1282; baseline -0.001 -15"><span class='ocrx_word' id='word_1_82' title='bbox 502 1211 836 1280; x_wconf 79' lang='lat' dir='ltr'><strong>singulorum</strong></span> <span class='ocrx_word' id='word_1_83' title='bbox 869 1210 1207 1282; x_wconf 81' lang='lat' dir='ltr'><strong>progeniem,</strong></span> <span class='ocrx_word' id='word_1_84' title='bbox 1235 1209 1351 1265; x_wconf 82' lang='lat' dir='ltr'><strong>sive</strong></span> <span class='ocrx_word' id='word_1_85' title='bbox 1374 1209 1458 1265; x_wconf 87' lang='lat' dir='ltr'><strong>his</strong></span> <span class='ocrx_word' id='word_1_86' title='bbox 1483 1209 1823 1280; x_wconf 87' lang='lat' dir='ltr'><strong>temporibus</strong></span> <span class='ocrx_word' id='word_1_87' title='bbox 1843 1210 1974 1280; x_wconf 80' lang='lat' dir='ltr'><strong>ipsis</strong></span> <span class='ocrx_word' id='word_1_88' title='bbox 2001 1225 2096 1266; x_wconf 87' lang='lat' dir='ltr'><strong>an-</strong></span> 
     </span>
    </p>
   </div>
   <div class='ocr_carea' id='block_1_12' title="bbox 500 1302 2092 1374">
    <p class='ocr_par' dir='ltr' id='par_1_12' title="bbox 500 1302 2092 1374">
     <span class='ocr_line' id='line_1_12' title="bbox 500 1302 2092 1374; baseline -0.003 -14"><span class='ocrx_word' id='word_1_89' title='bbox 500 1304 714 1370; x_wconf 88' lang='lat' dir='ltr'><strong>telatis,</strong></span> <span class='ocrx_word' id='word_1_90' title='bbox 744 1319 866 1373; x_wconf 77' lang='lat' dir='ltr'><strong>quae</strong></span> <span class='ocrx_word' id='word_1_91' title='bbox 893 1311 1218 1374; x_wconf 86' lang='lat' dir='ltr'><strong>gesserunt,</strong></span> <span class='ocrx_word' id='word_1_92' title='bbox 1255 1311 1312 1359; x_wconf 84' lang='lat' dir='ltr'><strong>et</strong></span> <span class='ocrx_word' id='word_1_93' title='bbox 1350 1313 1590 1372; x_wconf 90' lang='lat' dir='ltr'><strong>tempora</strong></span> <span class='ocrx_word' id='word_1_94' title='bbox 1621 1302 2057 1374; x_wconf 87' lang='lat' dir='ltr'><strong>Olympiacorum</strong></span> <span class='ocrx_word' id='word_1_95' title='bbox 2077 1345 2092 1370; x_wconf 91' lang='lat'><strong>,</strong></span> 
     </span>
    </p>
   </div>
   <div class='ocr_carea' id='block_1_13' title="bbox 499 1393 2098 1466">
    <p class='ocr_par' dir='ltr' id='par_1_13' title="bbox 499 1393 2098 1466">
     <span class='ocr_line' id='line_1_13' title="bbox 499 1393 2098 1466; baseline -0.003 -14"><span class='ocrx_word' id='word_1_96' title='bbox 499 1411 571 1452; x_wconf 81' lang='lat' dir='ltr'><strong>ex</strong></span> <span class='ocrx_word' id='word_1_97' title='bbox 619 1410 727 1466; x_wconf 92' lang='lat' dir='ltr'><strong>quo</strong></span> <span class='ocrx_word' id='word_1_98' title='bbox 779 1395 987 1465; x_wconf 89' lang='lat' dir='ltr'><strong>primus</strong></span> <span class='ocrx_word' id='word_1_99' title='bbox 1028 1409 1170 1466; x_wconf 84' lang='lat' dir='ltr'><strong>agon</strong></span> <span class='ocrx_word' id='word_1_100' title='bbox 1225 1393 1503 1466; x_wconf 80' lang='lat' dir='ltr'><strong>gymnicus</strong></span> <span class='ocrx_word' id='word_1_101' title='bbox 1546 1393 1909 1460; x_wconf 90' lang='lat' dir='ltr'><strong>constitutus,</strong></span> <span class='ocrx_word' id='word_1_102' title='bbox 1959 1407 2098 1462; x_wconf 91' lang='lat' dir='ltr'><strong>quos</strong></span> 
     </span>
    </p>
   </div>
   <div class='ocr_carea' id='block_1_14' title="bbox 501 1485 2096 1561">
    <p class='ocr_par' dir='ltr' id='par_1_14' title="bbox 501 1485 2096 1561">
     <span class='ocr_line' id='line_1_14' title="bbox 501 1485 2096 1561; baseline -0.003 -18"><span class='ocrx_word' id='word_1_103' title='bbox 501 1488 610 1561; x_wconf 79' lang='lat' dir='ltr'><strong>[AL</strong></span> <span class='ocrx_word' id='word_1_104' title='bbox 643 1487 974 1543; x_wconf 90' lang='lat' dir='ltr'><strong>constitutus</strong></span> <span class='ocrx_word' id='word_1_105' title='bbox 1003 1495 1116 1551; x_wconf 90' lang='lat' dir='ltr'><strong>est,</strong></span> <span class='ocrx_word' id='word_1_106' title='bbox 1150 1486 1318 1559; x_wconf 90' lang='lat' dir='ltr'><strong>quod]</strong></span> <span class='ocrx_word' id='word_1_107' title='bbox 1344 1485 1528 1542; x_wconf 67' lang='lat' dir='ltr'><strong>Graeci.</strong></span> <span class='ocrx_word' id='word_1_108' title='bbox 1542 1485 1820 1558; x_wconf 84' lang='lat' dir='ltr'><strong>Olympias</strong></span> <span class='ocrx_word' id='word_1_109' title='bbox 1852 1486 1970 1555; x_wconf 86' lang='lat' dir='ltr'><strong>(sic)</strong></span> <span class='ocrx_word' id='word_1_110' title='bbox 1998 1502 2096 1555; x_wconf 85' lang='lat' dir='ltr'><strong>ap-</strong></span> 
     </span>
    </p>
   </div>
   <div class='ocr_carea' id='block_1_15' title="bbox 500 1576 2096 1650">
    <p class='ocr_par' dir='ltr' id='par_1_15' title="bbox 500 1576 2096 1650">
     <span class='ocr_line' id='line_1_15' title="bbox 500 1576 2096 1650; baseline -0.002 -17"><span class='ocrx_word' id='word_1_111' title='bbox 500 1580 728 1650; x_wconf 84' lang='lat' dir='ltr'><strong>pellant.</strong></span> <span class='ocrx_word' id='word_1_112' title='bbox 771 1579 839 1632; x_wconf 70' lang='lat' dir='ltr'><strong>lit</strong></span> <span class='ocrx_word' id='word_1_113' title='bbox 883 1593 993 1648; x_wconf 89' lang='lat' dir='ltr'><strong>quo</strong></span> <span class='ocrx_word' id='word_1_114' title='bbox 1041 1586 1289 1648; x_wconf 89' lang='lat' dir='ltr'><strong>tempore</strong></span> <span class='ocrx_word' id='word_1_115' title='bbox 1329 1579 1594 1633; x_wconf 81' lang='lat' dir='ltr'><strong>adventus</strong></span> <span class='ocrx_word' id='word_1_116' title='bbox 1652 1577 1750 1632; x_wconf 82' lang='lat' dir='ltr'><strong>luit</strong></span> <span class='ocrx_word' id='word_1_117' title='bbox 1793 1576 2096 1634; x_wconf 85' lang='lat' dir='ltr'><strong>Salvatoris</strong></span> 
     </span>
    </p>
   </div>
   <div class='ocr_carea' id='block_1_16' title="bbox 500 1672 2097 1742">
    <p class='ocr_par' dir='ltr' id='par_1_16' title="bbox 500 1672 2097 1742">
     <span class='ocr_line' id='line_1_16' title="bbox 500 1672 2097 1742; baseline -0.001 -15"><span class='ocrx_word' id='word_1_118' title='bbox 500 1672 675 1727; x_wconf 86' lang='lat' dir='ltr'><strong>nostri</strong></span> <span class='ocrx_word' id='word_1_119' title='bbox 704 1673 834 1728; x_wconf 73' lang='lat' dir='ltr'><strong>Isso</strong></span> <span class='ocrx_word' id='word_1_120' title='bbox 880 1672 1130 1738; x_wconf 78' lang='lat' dir='ltr'><strong>Cumsn,</strong></span> <span class='ocrx_word' id='word_1_121' title='bbox 1173 1672 1292 1727; x_wconf 83' lang='lat' dir='ltr'><strong>sive</strong></span> <span class='ocrx_word' id='word_1_122' title='bbox 1335 1673 1516 1742; x_wconf 82' lang='lat' dir='ltr'><strong>passio</strong></span> <span class='ocrx_word' id='word_1_123' title='bbox 1560 1672 1706 1742; x_wconf 88' lang='lat' dir='ltr'><strong>ejus;</strong></span> <span class='ocrx_word' id='word_1_124' title='bbox 1746 1672 2018 1742; x_wconf 84' lang='lat' dir='ltr'><strong>simulque</strong></span> <span class='ocrx_word' id='word_1_125' title='bbox 2042 1681 2097 1728; x_wconf 92' lang='lat' dir='ltr'><strong>et</strong></span> 
     </span>
    </p>
   </div>
   <div class='ocr_carea' id='block_1_17' title="bbox 2193 460 3794 534">
    <p class='ocr_par' dir='ltr' id='par_1_17' title="bbox 2193 460 3794 534">
     <span class='ocr_line' id='line_1_17' title="bbox 2193 460 3794 534; baseline -0.001 -16"><span class='ocrx_word' id='word_1_126' title='bbox 2193 472 2416 530; x_wconf 88' lang='lat' dir='ltr'><strong>terram,</strong></span> <span class='ocrx_word' id='word_1_127' title='bbox 2441 479 2563 520; x_wconf 91' lang='lat' dir='ltr'><strong>cum</strong></span> <span class='ocrx_word' id='word_1_128' title='bbox 2586 463 2718 533; x_wconf 80' lang='lat' dir='ltr'><strong>ipsis</strong></span> <span class='ocrx_word' id='word_1_129' title='bbox 2745 478 2962 534; x_wconf 84' lang='lat' dir='ltr'><strong>quoque</strong></span> <span class='ocrx_word' id='word_1_130' title='bbox 2991 460 3280 518; x_wconf 89' lang='lat' dir='ltr'><strong>elementis</strong></span> <span class='ocrx_word' id='word_1_131' title='bbox 3299 503 3314 528; x_wconf 91' lang='lat'><strong>,</strong></span> <span class='ocrx_word' id='word_1_132' title='bbox 3347 478 3469 534; x_wconf 68' lang='lat' dir='ltr'><strong>qua:</strong></span> <span class='ocrx_word' id='word_1_133' title='bbox 3493 463 3546 517; x_wconf 90' lang='lat' dir='ltr'><strong>in</strong></span> <span class='ocrx_word' id='word_1_134' title='bbox 3572 462 3655 517; x_wconf 91' lang='lat' dir='ltr'><strong>his</strong></span> <span class='ocrx_word' id='word_1_135' title='bbox 3677 461 3794 518; x_wconf 85' lang='lat' dir='ltr'><strong>ele-</strong></span> 
     </span>
    </p>
   </div>
   <div class='ocr_carea' id='block_1_18' title="bbox 2194 553 3794 627">
    <p class='ocr_par' dir='ltr' id='par_1_18' title="bbox 2194 553 3794 627">
     <span class='ocr_line' id='line_1_18' title="bbox 2194 553 3794 627; baseline -0.001 -16"><span class='ocrx_word' id='word_1_136' title='bbox 2194 555 2394 611; x_wconf 89' lang='lat' dir='ltr'><strong>mentis</strong></span> <span class='ocrx_word' id='word_1_137' title='bbox 2423 554 2639 610; x_wconf 84' lang='lat' dir='ltr'><strong>condita</strong></span> <span class='ocrx_word' id='word_1_138' title='bbox 2663 563 2820 621; x_wconf 88' lang='lat' dir='ltr'><strong>sunt,</strong></span> <span class='ocrx_word' id='word_1_139' title='bbox 2852 553 2905 609; x_wconf 89' lang='lat' dir='ltr'><strong>id</strong></span> <span class='ocrx_word' id='word_1_140' title='bbox 2931 563 3036 620; x_wconf 80' lang='lat' dir='ltr'><strong>est,</strong></span> <span class='ocrx_word' id='word_1_141' title='bbox 3070 567 3238 624; x_wconf 83' lang='lat' dir='ltr'><strong>aquas</strong></span> <span class='ocrx_word' id='word_1_142' title='bbox 3267 563 3320 609; x_wconf 92' lang='lat' dir='ltr'><strong>et</strong></span> <span class='ocrx_word' id='word_1_143' title='bbox 3346 554 3592 625; x_wconf 91' lang='lat' dir='ltr'><strong>spiritus,</strong></span> <span class='ocrx_word' id='word_1_144' title='bbox 3623 555 3794 627; x_wconf 81' lang='lat' dir='ltr'><strong>abys-</strong></span> 
     </span>
    </p>
   </div>
   <div class='ocr_carea' id='block_1_19' title="bbox 2193 644 3797 722">
    <p class='ocr_par' dir='ltr' id='par_1_19' title="bbox 2193 644 3797 722">
     <span class='ocr_line' id='line_1_19' title="bbox 2193 644 3797 722; baseline 0 -18"><span class='ocrx_word' id='word_1_145' title='bbox 2193 663 2393 720; x_wconf 89' lang='lat' dir='ltr'><strong>sosque</strong></span> <span class='ocrx_word' id='word_1_146' title='bbox 2416 665 2432 713; x_wconf 88' lang='lat'><strong>;</strong></span> <span class='ocrx_word' id='word_1_147' title='bbox 2456 659 2505 704; x_wconf 91' lang='lat' dir='ltr'><strong>et</strong></span> <span class='ocrx_word' id='word_1_148' title='bbox 2541 648 2780 704; x_wconf 80' lang='lat' dir='ltr'><strong>tenebris</strong></span> <span class='ocrx_word' id='word_1_149' title='bbox 2810 647 2921 722; x_wconf 81' lang='grc' dir='ltr'><strong>[ΑΙ.</strong></span> <span class='ocrx_word' id='word_1_150' title='bbox 2957 644 3270 720; x_wconf 86' lang='lat' dir='ltr'><strong>tenebras],</strong></span> <span class='ocrx_word' id='word_1_151' title='bbox 3312 649 3542 704; x_wconf 90' lang='lat' dir='ltr'><strong>necdum</strong></span> <span class='ocrx_word' id='word_1_152' title='bbox 3575 649 3797 704; x_wconf 86' lang='lat' dir='ltr'><strong>lumini-</strong></span> 
     </span>
    </p>
   </div>
   <div class='ocr_carea' id='block_1_20' title="bbox 2194 740 3796 813">
    <p class='ocr_par' dir='ltr' id='par_1_20' title="bbox 2194 740 3796 813">
     <span class='ocr_line' id='line_1_20' title="bbox 2194 740 3796 813; baseline 0.002 -16"><span class='ocrx_word' id='word_1_153' title='bbox 2194 741 2297 797; x_wconf 85' lang='lat' dir='ltr'><strong>bus</strong></span> <span class='ocrx_word' id='word_1_154' title='bbox 2327 758 2503 813; x_wconf 89' lang='lat' dir='ltr'><strong>neque</strong></span> <span class='ocrx_word' id='word_1_155' title='bbox 2546 742 2821 799; x_wconf 86' lang='lat' dir='ltr'><strong>sideribus</strong></span> <span class='ocrx_word' id='word_1_156' title='bbox 2861 743 3203 807; x_wconf 86' lang='lat' dir='ltr'><strong>constitutis,</strong></span> <span class='ocrx_word' id='word_1_157' title='bbox 3250 740 3386 798; x_wconf 80' lang='lat' dir='ltr'><strong>dixit</strong></span> <span class='ocrx_word' id='word_1_158' title='bbox 3425 743 3568 800; x_wconf 88' lang='lat' dir='ltr'><strong>Deus</strong></span> <span class='ocrx_word' id='word_1_159' title='bbox 3602 763 3614 799; x_wconf 91' lang='lat'><strong>:</strong></span> <span class='ocrx_word' id='word_1_160' title='bbox 3666 742 3796 800; x_wconf 82' lang='lat' dir='ltr'><strong>Fiat</strong></span> 
     </span>
    </p>
   </div>
   <div class='ocr_carea' id='block_1_21' title="bbox 2194 835 3798 910">
    <p class='ocr_par' dir='ltr' id='par_1_21' title="bbox 2194 835 3798 910">
     <span class='ocr_line' id='line_1_21' title="bbox 2194 835 3798 910; baseline 0.004 -22"><span class='ocrx_word' id='word_1_161' title='bbox 2194 835 2289 890; x_wconf 81' lang='lat' dir='ltr'><strong>tua:</strong></span> <span class='ocrx_word' id='word_1_162' title='bbox 2317 852 2335 889; x_wconf 92' lang='lat'><strong><em>:</em></strong></span> <span class='ocrx_word' id='word_1_163' title='bbox 2365 847 2412 891; x_wconf 89' lang='lat' dir='ltr'><strong>et</strong></span> <span class='ocrx_word' id='word_1_164' title='bbox 2441 841 2579 908; x_wconf 78' lang='lat' dir='ltr'><strong>facta</strong></span> <span class='ocrx_word' id='word_1_165' title='bbox 2603 845 2677 890; x_wconf 85' lang='lat' dir='ltr'><strong>est</strong></span> <span class='ocrx_word' id='word_1_166' title='bbox 2704 835 2815 890; x_wconf 74' lang='lat' dir='ltr'><strong>lux.</strong></span> <span class='ocrx_word' id='word_1_167' title='bbox 2855 835 2918 890; x_wconf 85' lang='lat' dir='ltr'><strong>Et</strong></span> <span class='ocrx_word' id='word_1_168' title='bbox 2941 837 3070 891; x_wconf 82' lang='lat' dir='ltr'><strong>vidit</strong></span> <span class='ocrx_word' id='word_1_169' title='bbox 3101 835 3244 892; x_wconf 87' lang='lat' dir='ltr'><strong>Deus</strong></span> <span class='ocrx_word' id='word_1_170' title='bbox 3277 839 3473 905; x_wconf 81' lang='lat' dir='ltr'><strong>lucem,</strong></span> <span class='ocrx_word' id='word_1_171' title='bbox 3508 839 3630 910; x_wconf 83' lang='lat' dir='ltr'><strong>quia</strong></span> <span class='ocrx_word' id='word_1_172' title='bbox 3659 839 3798 895; x_wconf 87' lang='lat' dir='ltr'><strong>bona</strong></span> 
     </span>
    </p>
   </div>
   <div class='ocr_carea' id='block_1_22' title="bbox 2197 930 3802 1003">
    <p class='ocr_par' dir='ltr' id='par_1_22' title="bbox 2197 930 3802 1003">
     <span class='ocr_line' id='line_1_22' title="bbox 2197 930 3802 1003; baseline 0.002 -19"><span class='ocrx_word' id='word_1_173' title='bbox 2197 938 2269 984; x_wconf 80' lang='lat' dir='ltr'><strong>est</strong></span> <span class='ocrx_word' id='word_1_174' title='bbox 2290 976 2303 997; x_wconf 90' lang='lat'><strong>,</strong></span> <span class='ocrx_word' id='word_1_175' title='bbox 2335 937 2387 986; x_wconf 81' lang='lat' dir='ltr'><strong>et</strong></span> <span class='ocrx_word' id='word_1_176' title='bbox 2423 931 2679 1003; x_wconf 75' lang='lat' dir='ltr'><strong>separavit</strong></span> <span class='ocrx_word' id='word_1_177' title='bbox 2713 930 2853 986; x_wconf 83' lang='lat' dir='ltr'><strong>Deus</strong></span> <span class='ocrx_word' id='word_1_178' title='bbox 2883 931 3020 986; x_wconf 83' lang='lat' dir='ltr'><strong>inter</strong></span> <span class='ocrx_word' id='word_1_179' title='bbox 3059 931 3228 987; x_wconf 87' lang='lat' dir='ltr'><strong>lucem</strong></span> <span class='ocrx_word' id='word_1_180' title='bbox 3261 942 3309 987; x_wconf 89' lang='lat' dir='ltr'><strong>et</strong></span> <span class='ocrx_word' id='word_1_181' title='bbox 3334 933 3566 988; x_wconf 84' lang='lat' dir='ltr'><strong>tenebras</strong></span> <span class='ocrx_word' id='word_1_182' title='bbox 3591 979 3605 1003; x_wconf 90' lang='lat'><strong>,</strong></span> <span class='ocrx_word' id='word_1_183' title='bbox 3631 943 3679 988; x_wconf 86' lang='lat' dir='ltr'><strong>et</strong></span> <span class='ocrx_word' id='word_1_184' title='bbox 3707 951 3802 989; x_wconf 74' lang='lat' dir='ltr'><strong>oo-</strong></span> 
     </span>
    </p>
   </div>
   <div class='ocr_carea' id='block_1_23' title="bbox 2197 1021 3802 1090">
    <p class='ocr_par' dir='ltr' id='par_1_23' title="bbox 2197 1021 3802 1090">
     <span class='ocr_line' id='line_1_23' title="bbox 2197 1021 3802 1090; baseline 0.003 -14"><span class='ocrx_word' id='word_1_185' title='bbox 2197 1023 2332 1076; x_wconf 82' lang='lat' dir='ltr'><strong>cavit</strong></span> <span class='ocrx_word' id='word_1_186' title='bbox 2366 1021 2506 1078; x_wconf 86' lang='lat' dir='ltr'><strong>Deus</strong></span> <span class='ocrx_word' id='word_1_187' title='bbox 2536 1023 2706 1078; x_wconf 86' lang='lat' dir='ltr'><strong>lucem</strong></span> <span class='ocrx_word' id='word_1_188' title='bbox 2747 1023 2882 1077; x_wconf 84' lang='lat' dir='ltr'><strong>diem</strong></span> <span class='ocrx_word' id='word_1_189' title='bbox 2904 1063 2919 1090; x_wconf 93' lang='lat'><strong>,</strong></span> <span class='ocrx_word' id='word_1_190' title='bbox 2963 1030 3010 1077; x_wconf 84' lang='lat' dir='ltr'><strong>et</strong></span> <span class='ocrx_word' id='word_1_191' title='bbox 3041 1025 3272 1079; x_wconf 77' lang='lat' dir='ltr'><strong>tenebras</strong></span> <span class='ocrx_word' id='word_1_192' title='bbox 3310 1025 3510 1080; x_wconf 75' lang='lat' dir='ltr'><strong>vocavit</strong></span> <span class='ocrx_word' id='word_1_193' title='bbox 3549 1034 3754 1080; x_wconf 81' lang='lat' dir='ltr'><strong>noctem</strong></span> <span class='ocrx_word' id='word_1_194' title='bbox 3781 1042 3802 1081; x_wconf 90' lang='lat'><strong><em>:</em></strong></span> 
     </span>
    </p>
   </div>
   <div class='ocr_carea' id='block_1_24' title="bbox 2195 1115 3798 1190">
    <p class='ocr_par' dir='ltr' id='par_1_24' title="bbox 2195 1115 3798 1190">
     <span class='ocr_line' id='line_1_24' title="bbox 2195 1115 3798 1190; baseline 0.004 -22"><span class='ocrx_word' id='word_1_195' title='bbox 2195 1125 2244 1168; x_wconf 86' lang='lat' dir='ltr'><strong>et</strong></span> <span class='ocrx_word' id='word_1_196' title='bbox 2273 1119 2468 1186; x_wconf 78' lang='lat' dir='ltr'><strong>factum</strong></span> <span class='ocrx_word' id='word_1_197' title='bbox 2506 1127 2582 1170; x_wconf 87' lang='lat' dir='ltr'><strong>est</strong></span> <span class='ocrx_word' id='word_1_198' title='bbox 2611 1131 2813 1187; x_wconf 78' lang='lat' dir='ltr'><strong>vespere</strong></span> <span class='ocrx_word' id='word_1_199' title='bbox 2841 1126 2888 1170; x_wconf 90' lang='lat' dir='ltr'><strong>et</strong></span> <span class='ocrx_word' id='word_1_200' title='bbox 2919 1133 3069 1172; x_wconf 82' lang='lat' dir='ltr'><strong>mane</strong></span> <span class='ocrx_word' id='word_1_201' title='bbox 3099 1117 3207 1172; x_wconf 85' lang='lat' dir='ltr'><strong>dies</strong></span> <span class='ocrx_word' id='word_1_202' title='bbox 3229 1135 3363 1172; x_wconf 75' lang='lat' dir='ltr'><strong>imus</strong></span> <span class='ocrx_word' id='word_1_203' title='bbox 3389 1115 3544 1190; x_wconf 81' lang='lat' dir='ltr'><strong>(Gen.</strong></span> <span class='ocrx_word' id='word_1_204' title='bbox 3577 1134 3623 1185; x_wconf 83' lang='grc' dir='ltr'>ι,</span> <span class='ocrx_word' id='word_1_205' title='bbox 3652 1118 3798 1190; x_wconf 78' lang='lat'><strong>5-5).</strong></span> 
     </span>
    </p>
   </div>
   <div class='ocr_carea' id='block_1_25' title="bbox 2199 1206 3804 1279">
    <p class='ocr_par' dir='ltr' id='par_1_25' title="bbox 2199 1206 3804 1279">
     <span class='ocr_line' id='line_1_25' title="bbox 2199 1206 3804 1279; baseline 0.001 -17"><span class='ocrx_word' id='word_1_206' title='bbox 2199 1207 2301 1263; x_wconf 77' lang='lat' dir='ltr'><strong>Hie</strong></span> <span class='ocrx_word' id='word_1_207' title='bbox 2333 1209 2540 1278; x_wconf 89' lang='lat' dir='ltr'><strong>primus</strong></span> <span class='ocrx_word' id='word_1_208' title='bbox 2570 1207 2687 1263; x_wconf 89' lang='lat' dir='ltr'><strong>dies</strong></span> <span class='ocrx_word' id='word_1_209' title='bbox 2731 1207 2946 1275; x_wconf 68' lang='lat' dir='ltr'><strong>sazeuli,</strong></span> <span class='ocrx_word' id='word_1_210' title='bbox 2996 1206 3022 1245; x_wconf 71' lang='grc' dir='ltr'><strong>ιι</strong></span> <span class='ocrx_word' id='word_1_211' title='bbox 3055 1224 3165 1264; x_wconf 91' lang='lat' dir='ltr'><strong>non</strong></span> <span class='ocrx_word' id='word_1_212' title='bbox 3198 1209 3405 1279; x_wconf 91' lang='lat' dir='ltr'><strong>primus</strong></span> <span class='ocrx_word' id='word_1_213' title='bbox 3443 1209 3654 1265; x_wconf 88' lang='lat' dir='ltr'><strong>dierum</strong></span> <span class='ocrx_word' id='word_1_214' title='bbox 3682 1226 3804 1264; x_wconf 86' lang='lat' dir='ltr'><strong>om-</strong></span> 
     </span>
    </p>
   </div>
   <div class='ocr_carea' id='block_1_26' title="bbox 2200 1300 3801 1372">
    <p class='ocr_par' dir='ltr' id='par_1_26' title="bbox 2200 1300 3801 1372">
     <span class='ocr_line' id='line_1_26' title="bbox 2200 1300 3801 1372; baseline 0 -16"><span class='ocrx_word' id='word_1_215' title='bbox 2200 1301 2372 1356; x_wconf 89' lang='lat' dir='ltr'><strong>nium.</strong></span> <span class='ocrx_word' id='word_1_216' title='bbox 2407 1300 2642 1372; x_wconf 86' lang='lat' dir='ltr'><strong>Ideoque</strong></span> <span class='ocrx_word' id='word_1_217' title='bbox 2671 1315 2778 1356; x_wconf 90' lang='lat' dir='ltr'><strong>non</strong></span> <span class='ocrx_word' id='word_1_218' title='bbox 2808 1301 3039 1372; x_wconf 89' lang='lat' dir='ltr'><strong>primus,</strong></span> <span class='ocrx_word' id='word_1_219' title='bbox 3071 1300 3164 1357; x_wconf 90' lang='lat' dir='ltr'><strong>sed</strong></span> <span class='ocrx_word' id='word_1_220' title='bbox 3189 1315 3331 1356; x_wconf 89' lang='lat' dir='ltr'><strong>unus</strong></span> <span class='ocrx_word' id='word_1_221' title='bbox 3358 1303 3670 1356; x_wconf 87' lang='lat' dir='ltr'><strong>nominatus</strong></span> <span class='ocrx_word' id='word_1_222' title='bbox 3691 1311 3801 1359; x_wconf 88' lang='lat' dir='ltr'><strong>est.</strong></span> 
     </span>
    </p>
   </div>
   <div class='ocr_carea' id='block_1_27' title="bbox 2199 1392 3805 1452">
    <p class='ocr_par' dir='ltr' id='par_1_27' title="bbox 2199 1392 3805 1452">
     <span class='ocr_line' id='line_1_27' title="bbox 2199 1392 3805 1452; baseline 0.002 -3"><span class='ocrx_word' id='word_1_223' title='bbox 2199 1392 2451 1449; x_wconf 88' lang='lat' dir='ltr'><strong>Secundo</strong></span> <span class='ocrx_word' id='word_1_224' title='bbox 2482 1402 2661 1449; x_wconf 87' lang='lat' dir='ltr'><strong>autem</strong></span> <span class='ocrx_word' id='word_1_225' title='bbox 2693 1393 2781 1449; x_wconf 89' lang='lat' dir='ltr'><strong>die</strong></span> <span class='ocrx_word' id='word_1_226' title='bbox 2813 1393 3014 1448; x_wconf 82' lang='lat' dir='ltr'><strong>factum</strong></span> <span class='ocrx_word' id='word_1_227' title='bbox 3054 1403 3138 1448; x_wconf 86' lang='lat' dir='ltr'><strong>est</strong></span> <span class='ocrx_word' id='word_1_228' title='bbox 3168 1393 3571 1449; x_wconf 82' lang='lat' dir='ltr'><strong>ﬁrmamentum</strong></span> <span class='ocrx_word' id='word_1_229' title='bbox 3602 1396 3656 1450; x_wconf 93' lang='lat' dir='ltr'><strong>in</strong></span> <span class='ocrx_word' id='word_1_230' title='bbox 3687 1410 3805 1452; x_wconf 84' lang='lat' dir='ltr'><strong>me—</strong></span> 
     </span>
    </p>
   </div>
   <div class='ocr_carea' id='block_1_28' title="bbox 2201 1485 3800 1558">
    <p class='ocr_par' dir='ltr' id='par_1_28' title="bbox 2201 1485 3800 1558">
     <span class='ocr_line' id='line_1_28' title="bbox 2201 1485 3800 1558; baseline 0.001 -18"><span class='ocrx_word' id='word_1_231' title='bbox 2201 1485 2292 1540; x_wconf 88' lang='lat' dir='ltr'><strong>dio</strong></span> <span class='ocrx_word' id='word_1_232' title='bbox 2322 1498 2621 1555; x_wconf 83' lang='lat' dir='ltr'><strong>aquarum,</strong></span> <span class='ocrx_word' id='word_1_233' title='bbox 2657 1485 2800 1555; x_wconf 86' lang='lat' dir='ltr'><strong>quod</strong></span> <span class='ocrx_word' id='word_1_234' title='bbox 2823 1495 2876 1541; x_wconf 90' lang='lat' dir='ltr'><strong>et</strong></span> <span class='ocrx_word' id='word_1_235' title='bbox 2906 1487 3094 1541; x_wconf 81' lang='lat' dir='ltr'><strong>divisit</strong></span> <span class='ocrx_word' id='word_1_236' title='bbox 3119 1485 3260 1541; x_wconf 92' lang='lat' dir='ltr'><strong>inter</strong></span> <span class='ocrx_word' id='word_1_237' title='bbox 3288 1501 3481 1557; x_wconf 89' lang='lat' dir='ltr'><strong>aquam</strong></span> <span class='ocrx_word' id='word_1_238' title='bbox 3505 1495 3562 1543; x_wconf 91' lang='lat' dir='ltr'><strong>et</strong></span> <span class='ocrx_word' id='word_1_239' title='bbox 3583 1502 3800 1558; x_wconf 86' lang='lat' dir='ltr'><strong>aquam.</strong></span> 
     </span>
    </p>
   </div>
   <div class='ocr_carea' id='block_1_29' title="bbox 2203 1577 3809 1649">
    <p class='ocr_par' dir='ltr' id='par_1_29' title="bbox 2203 1577 3809 1649">
     <span class='ocr_line' id='line_1_29' title="bbox 2203 1577 3809 1649; baseline 0.001 -17"><span class='ocrx_word' id='word_1_240' title='bbox 2203 1578 2388 1634; x_wconf 92' lang='lat' dir='ltr'><strong>Tertio</strong></span> <span class='ocrx_word' id='word_1_241' title='bbox 2431 1585 2612 1633; x_wconf 88' lang='lat' dir='ltr'><strong>autem</strong></span> <span class='ocrx_word' id='word_1_242' title='bbox 2657 1577 2746 1632; x_wconf 86' lang='lat' dir='ltr'><strong>die</strong></span> <span class='ocrx_word' id='word_1_243' title='bbox 2774 1587 3116 1649; x_wconf 72' lang='lat' dir='ltr'><strong>congregata:</strong></span> <span class='ocrx_word' id='word_1_244' title='bbox 3153 1588 3282 1632; x_wconf 90' lang='lat' dir='ltr'><strong>sunt</strong></span> <span class='ocrx_word' id='word_1_245' title='bbox 3313 1593 3468 1644; x_wconf 72' lang='lat' dir='ltr'><strong>aqum</strong></span> <span class='ocrx_word' id='word_1_246' title='bbox 3492 1624 3506 1647; x_wconf 79' lang='lat'><strong>,</strong></span> <span class='ocrx_word' id='word_1_247' title='bbox 3532 1594 3651 1648; x_wconf 73' lang='lat' dir='ltr'><strong>qua:</strong></span> <span class='ocrx_word' id='word_1_248' title='bbox 3679 1588 3809 1633; x_wconf 75' lang='lat' dir='ltr'><strong>sunt</strong></span> 
     </span>
    </p>
   </div>
   <div class='ocr_carea' id='block_1_30' title="bbox 2203 1669 3811 1742">
    <p class='ocr_par' dir='ltr' id='par_1_30' title="bbox 2203 1669 3811 1742">
     <span class='ocr_line' id='line_1_30' title="bbox 2203 1669 3811 1742; baseline 0.002 -19"><span class='ocrx_word' id='word_1_249' title='bbox 2203 1670 2303 1725; x_wconf 88' lang='lat' dir='ltr'><strong>sub</strong></span> <span class='ocrx_word' id='word_1_250' title='bbox 2345 1669 2517 1735; x_wconf 75' lang='lat' dir='ltr'><strong>emlo,</strong></span> <span class='ocrx_word' id='word_1_251' title='bbox 2571 1670 2620 1722; x_wconf 92' lang='lat' dir='ltr'><strong>in</strong></span> <span class='ocrx_word' id='word_1_252' title='bbox 2669 1671 3145 1740; x_wconf 72' lang='lat' dir='ltr'><strong>congregationem</strong></span> <span class='ocrx_word' id='word_1_253' title='bbox 3196 1685 3399 1736; x_wconf 89' lang='lat' dir='ltr'><strong>unam,</strong></span> <span class='ocrx_word' id='word_1_254' title='bbox 3451 1678 3508 1725; x_wconf 90' lang='lat' dir='ltr'><strong>et</strong></span> <span class='ocrx_word' id='word_1_255' title='bbox 3556 1669 3811 1742; x_wconf 78' lang='lat' dir='ltr'><strong>apparuit</strong></span> 
     </span>
    </p>
   </div>
   <div class='ocr_carea' id='block_1_31' title="bbox 499 1758 3811 1835">
    <p class='ocr_par' dir='ltr' id='par_1_31' title="bbox 499 1758 3811 1835">
     <span class='ocr_line' id='line_1_31' title="bbox 499 1758 3811 1835; baseline 0 -17"><span class='ocrx_word' id='word_1_256' title='bbox 499 1764 720 1819; x_wconf 87' lang='lat' dir='ltr'><strong>nomina</strong></span> <span class='ocrx_word' id='word_1_257' title='bbox 763 1763 1150 1833; x_wconf 79' lang='lat' dir='ltr'><strong>episeOporum</strong></span> <span class='ocrx_word' id='word_1_258' title='bbox 1181 1764 1547 1819; x_wconf 86' lang='lat' dir='ltr'><strong>Ecclesiarnm</strong></span> <span class='ocrx_word' id='word_1_259' title='bbox 1583 1780 1812 1818; x_wconf 86' lang='lat' dir='ltr'><strong>numero</strong></span> <span class='ocrx_word' id='word_1_260' title='bbox 1843 1775 2096 1835; x_wconf 83' lang='lat' dir='ltr'><strong>quatuor,</strong></span> <span class='ocrx_word' id='word_1_261' title='bbox 2130 1758 2178 1818; x_wconf 90' lang='lat' dir='ltr'><strong>B</strong></span> <span class='ocrx_word' id='word_1_262' title='bbox 2203 1763 2352 1818; x_wconf 90' lang='lat' dir='ltr'><strong>arida</strong></span> <span class='ocrx_word' id='word_1_263' title='bbox 2375 1807 2390 1831; x_wconf 92' lang='lat'><strong>,</strong></span> <span class='ocrx_word' id='word_1_264' title='bbox 2424 1779 2584 1834; x_wconf 83' lang='lat' dir='ltr'><strong>quam</strong></span> <span class='ocrx_word' id='word_1_265' title='bbox 2615 1764 2756 1818; x_wconf 90' lang='lat' dir='ltr'><strong>Deus</strong></span> <span class='ocrx_word' id='word_1_266' title='bbox 2790 1762 3002 1817; x_wconf 84' lang='lat' dir='ltr'><strong>Terram</strong></span> <span class='ocrx_word' id='word_1_267' title='bbox 3033 1763 3356 1827; x_wconf 86' lang='lat' dir='ltr'><strong>nominavit,</strong></span> <span class='ocrx_word' id='word_1_268' title='bbox 3387 1772 3548 1834; x_wconf 88' lang='lat' dir='ltr'><strong>atque</strong></span> <span class='ocrx_word' id='word_1_269' title='bbox 3578 1780 3811 1834; x_wconf 79' lang='lat' dir='ltr'><strong>congre-</strong></span> 
     </span>
    </p>
   </div>
   <div class='ocr_carea' id='block_1_32' title="bbox 500 1856 2097 1930">
    <p class='ocr_par' dir='ltr' id='par_1_32' title="bbox 500 1856 2097 1930">
     <span class='ocr_line' id='line_1_32' title="bbox 500 1856 2097 1930; baseline 0.003 -18"><span class='ocrx_word' id='word_1_270' title='bbox 500 1856 604 1913; x_wconf 93' lang='lat' dir='ltr'><strong>hoc</strong></span> <span class='ocrx_word' id='word_1_271' title='bbox 635 1865 722 1912; x_wconf 90' lang='lat' dir='ltr'><strong>est</strong></span> <span class='ocrx_word' id='word_1_272' title='bbox 742 1902 757 1926; x_wconf 93' lang='lat'><strong>,</strong></span> <span class='ocrx_word' id='word_1_273' title='bbox 782 1856 1176 1927; x_wconf 82' lang='lat' dir='ltr'><strong>Romanorum,</strong></span> <span class='ocrx_word' id='word_1_274' title='bbox 1209 1857 1574 1925; x_wconf 62' lang='lat' dir='ltr'><strong>Alexandria,</strong></span> <span class='ocrx_word' id='word_1_275' title='bbox 1605 1858 2097 1930; x_wconf 82' lang='lat' dir='ltr'><strong>Jerosolymorum,</strong></span> 
     </span>
    </p>
   </div>
   <div class='ocr_carea' id='block_1_33' title="bbox 498 1950 2102 2023">
    <p class='ocr_par' dir='ltr' id='par_1_33' title="bbox 498 1950 2102 2023">
     <span class='ocr_line' id='line_1_33' title="bbox 498 1950 2102 2023; baseline 0.002 -17"><span class='ocrx_word' id='word_1_276' title='bbox 498 1960 554 2006; x_wconf 90' lang='lat' dir='ltr'><strong>et</strong></span> <span class='ocrx_word' id='word_1_277' title='bbox 581 1950 914 2020; x_wconf 73' lang='lat' dir='ltr'><strong>Antiochiae,</strong></span> <span class='ocrx_word' id='word_1_278' title='bbox 965 1952 1194 2023; x_wconf 75' lang='lat' dir='ltr'><strong>qni‘per</strong></span> <span class='ocrx_word' id='word_1_279' title='bbox 1223 1952 1443 2008; x_wconf 88' lang='lat' dir='ltr'><strong>easdem</strong></span> <span class='ocrx_word' id='word_1_280' title='bbox 1475 1951 1725 2008; x_wconf 84' lang='lat' dir='ltr'><strong>civitates</strong></span> <span class='ocrx_word' id='word_1_281' title='bbox 1769 1955 2102 2022; x_wconf 88' lang='lat' dir='ltr'><strong>metropoles</strong></span> 
     </span>
    </p>
   </div>
   <div class='ocr_carea' id='block_1_34' title="bbox 501 2042 2100 2114">
    <p class='ocr_par' dir='ltr' id='par_1_34' title="bbox 501 2042 2100 2114">
     <span class='ocr_line' id='line_1_34' title="bbox 501 2042 2100 2114; baseline 0.001 -18"><span class='ocrx_word' id='word_1_282' title='bbox 501 2042 908 2112; x_wconf 84' lang='lat' dir='ltr'><strong>provinciarum</strong></span> <span class='ocrx_word' id='word_1_283' title='bbox 952 2043 1235 2113; x_wconf 90' lang='lat' dir='ltr'><strong>episcopi,</strong></span> <span class='ocrx_word' id='word_1_284' title='bbox 1279 2052 1541 2114; x_wconf 89' lang='lat' dir='ltr'><strong>quantum</strong></span> <span class='ocrx_word' id='word_1_285' title='bbox 1591 2045 1859 2112; x_wconf 90' lang='lat' dir='ltr'><strong>temporis</strong></span> <span class='ocrx_word' id='word_1_286' title='bbox 1905 2044 2100 2114; x_wconf 80' lang='lat' dir='ltr'><strong>singuli</strong></span> 
     </span>
    </p>
   </div>
   <div class='ocr_carea' id='block_1_35' title="bbox 499 2132 2104 2208">
    <p class='ocr_par' dir='ltr' id='par_1_35' title="bbox 499 2132 2104 2208">
     <span class='ocr_line' id='line_1_35' title="bbox 499 2132 2104 2208; baseline 0 -17"><span class='ocrx_word' id='word_1_287' title='bbox 499 2133 744 2191; x_wconf 82' lang='lat' dir='ltr'><strong>sederint</strong></span> <span class='ocrx_word' id='word_1_288' title='bbox 792 2132 901 2208; x_wconf 79' lang='grc' dir='ltr'><strong>[Αι.</strong></span> <span class='ocrx_word' id='word_1_289' title='bbox 933 2133 1256 2206; x_wconf 83' lang='lat' dir='ltr'><strong>sederunt],</strong></span> <span class='ocrx_word' id='word_1_290' title='bbox 1298 2134 1385 2189; x_wconf 89' lang='lat' dir='ltr'><strong>vel</strong></span> <span class='ocrx_word' id='word_1_291' title='bbox 1408 2135 1498 2204; x_wconf 87' lang='lat' dir='ltr'><strong>qui</strong></span> <span class='ocrx_word' id='word_1_292' title='bbox 1539 2149 1728 2189; x_wconf 90' lang='lat' dir='ltr'><strong>eorum</strong></span> <span class='ocrx_word' id='word_1_293' title='bbox 1758 2135 2104 2205; x_wconf 88' lang='lat' dir='ltr'><strong>episcopatus</strong></span> 
     </span>
    </p>
   </div>
   <div class='ocr_carea' id='block_1_36' title="bbox 501 2225 2102 2297">
    <p class='ocr_par' dir='ltr' id='par_1_36' title="bbox 501 2225 2102 2297">
     <span class='ocr_line' id='line_1_36' title="bbox 501 2225 2102 2297; baseline -0.001 -14"><span class='ocrx_word' id='word_1_294' title='bbox 501 2228 584 2284; x_wconf 85' lang='lat' dir='ltr'><strong>sui</strong></span> <span class='ocrx_word' id='word_1_295' title='bbox 616 2235 868 2297; x_wconf 88' lang='lat' dir='ltr'><strong>tempore</strong></span> <span class='ocrx_word' id='word_1_296' title='bbox 913 2225 1180 2297; x_wconf 69' lang='lat' dir='ltr'><strong>mariyrio</strong></span> <span class='ocrx_word' id='word_1_297' title='bbox 1209 2234 1504 2280; x_wconf 87' lang='lat' dir='ltr'><strong>coronatus</strong></span> <span class='ocrx_word' id='word_1_298' title='bbox 1558 2225 1657 2290; x_wconf 90' lang='lat' dir='ltr'><strong>sit,</strong></span> <span class='ocrx_word' id='word_1_299' title='bbox 1698 2227 1814 2281; x_wconf 89' lang='lat' dir='ltr'><strong>sive</strong></span> <span class='ocrx_word' id='word_1_300' title='bbox 1858 2233 2102 2297; x_wconf 89' lang='lat' dir='ltr'><strong>tempora</strong></span> 
     </span>
    </p>
   </div>
   <div class='ocr_carea' id='block_1_37' title="bbox 502 2317 2104 2390">
    <p class='ocr_par' dir='ltr' id='par_1_37' title="bbox 502 2317 2104 2390">
     <span class='ocr_line' id='line_1_37' title="bbox 502 2317 2104 2390; baseline 0.001 -17"><span class='ocrx_word' id='word_1_301' title='bbox 502 2318 976 2390; x_wconf 86' lang='lat' dir='ltr'><strong>persecutionum,</strong></span> <span class='ocrx_word' id='word_1_302' title='bbox 1026 2318 1224 2388; x_wconf 86' lang='lat' dir='ltr'><strong>quibus</strong></span> <span class='ocrx_word' id='word_1_303' title='bbox 1268 2317 1610 2388; x_wconf 87' lang='lat' dir='ltr'><strong>temporibus</strong></span> <span class='ocrx_word' id='word_1_304' title='bbox 1652 2318 1911 2374; x_wconf 62' lang='lat' dir='ltr'><strong>Ecclesiae</strong></span> <span class='ocrx_word' id='word_1_305' title='bbox 1945 2319 2104 2375; x_wconf 74' lang='lat' dir='ltr'><strong>dissi~</strong></span> 
     </span>
    </p>
   </div>
   <div class='ocr_carea' id='block_1_38' title="bbox 505 2409 2099 2482">
    <p class='ocr_par' dir='ltr' id='par_1_38' title="bbox 505 2409 2099 2482">
     <span class='ocr_line' id='line_1_38' title="bbox 505 2409 2099 2482; baseline 0.003 -19"><span class='ocrx_word' id='word_1_306' title='bbox 505 2417 648 2480; x_wconf 78' lang='lat' dir='ltr'><strong>patm</strong></span> <span class='ocrx_word' id='word_1_307' title='bbox 701 2409 831 2464; x_wconf 90' lang='lat' dir='ltr'><strong>sint.</strong></span> <span class='ocrx_word' id='word_1_308' title='bbox 887 2409 999 2466; x_wconf 89' lang='lat' dir='ltr'><strong>Sed</strong></span> <span class='ocrx_word' id='word_1_309' title='bbox 1051 2418 1110 2466; x_wconf 91' lang='lat' dir='ltr'><strong>et</strong></span> <span class='ocrx_word' id='word_1_310' title='bbox 1163 2420 1406 2480; x_wconf 89' lang='lat' dir='ltr'><strong>tempora</strong></span> <span class='ocrx_word' id='word_1_311' title='bbox 1457 2426 1645 2482; x_wconf 82' lang='lat' dir='ltr'><strong>regum</strong></span> <span class='ocrx_word' id='word_1_312' title='bbox 1701 2411 2099 2481; x_wconf 83' lang='lat' dir='ltr'><strong>Macedonum,</strong></span> 
     </span>
    </p>
   </div>
   <div class='ocr_carea' id='block_1_39' title="bbox 506 2503 2104 2578">
    <p class='ocr_par' dir='ltr' id='par_1_39' title="bbox 506 2503 2104 2578">
     <span class='ocr_line' id='line_1_39' title="bbox 506 2503 2104 2578; baseline 0.001 -19"><span class='ocrx_word' id='word_1_313' title='bbox 506 2503 860 2560; x_wconf 71' lang='lat' dir='ltr'><strong>Alexandriae</strong></span> <span class='ocrx_word' id='word_1_314' title='bbox 899 2503 1010 2577; x_wconf 83' lang='grc' dir='ltr'><strong>[Αι.</strong></span> <span class='ocrx_word' id='word_1_315' title='bbox 1043 2503 1390 2578; x_wconf 70' lang='grc' dir='ltr'><strong>Αιοιιιηὰιὶ],</strong></span> <span class='ocrx_word' id='word_1_316' title='bbox 1422 2515 1478 2562; x_wconf 87' lang='lat' dir='ltr'><strong>ct</strong></span> <span class='ocrx_word' id='word_1_317' title='bbox 1507 2513 1675 2576; x_wconf 90' lang='lat' dir='ltr'><strong>quoto</strong></span> <span class='ocrx_word' id='word_1_318' title='bbox 1714 2520 1886 2577; x_wconf 90' lang='lat' dir='ltr'><strong>agone</strong></span> <span class='ocrx_word' id='word_1_319' title='bbox 1913 2506 2104 2578; x_wconf 86' lang='lat' dir='ltr'><strong>Olym-</strong></span> 
     </span>
    </p>
   </div>
   <div class='ocr_carea' id='block_1_40' title="bbox 505 2595 2104 2666">
    <p class='ocr_par' dir='ltr' id='par_1_40' title="bbox 505 2595 2104 2666">
     <span class='ocr_line' id='line_1_40' title="bbox 505 2595 2104 2666; baseline 0.003 -18"><span class='ocrx_word' id='word_1_320' title='bbox 505 2595 819 2666; x_wconf 86' lang='lat' dir='ltr'><strong>piaeorum,</strong></span> <span class='ocrx_word' id='word_1_321' title='bbox 863 2596 947 2651; x_wconf 90' lang='lat' dir='ltr'><strong>vel</strong></span> <span class='ocrx_word' id='word_1_322' title='bbox 989 2596 1186 2666; x_wconf 91' lang='lat' dir='ltr'><strong>quibus</strong></span> <span class='ocrx_word' id='word_1_323' title='bbox 1227 2597 1598 2666; x_wconf 89' lang='lat' dir='ltr'><strong>temporibus,</strong></span> <span class='ocrx_word' id='word_1_324' title='bbox 1646 2613 1744 2654; x_wconf 90' lang='lat' dir='ltr'><strong>seu</strong></span> <span class='ocrx_word' id='word_1_325' title='bbox 1785 2599 2104 2654; x_wconf 91' lang='lat' dir='ltr'><strong>consulibus</strong></span> 
     </span>
    </p>
   </div>
   <div class='ocr_carea' id='block_1_41' title="bbox 508 2689 2107 2762">
    <p class='ocr_par' dir='ltr' id='par_1_41' title="bbox 508 2689 2107 2762">
     <span class='ocr_line' id='line_1_41' title="bbox 508 2689 2107 2762; baseline 0.002 -16"><span class='ocrx_word' id='word_1_326' title='bbox 508 2689 676 2746; x_wconf 81' lang='lat' dir='ltr'><strong>ﬁnem</strong></span> <span class='ocrx_word' id='word_1_327' title='bbox 727 2690 1044 2747; x_wconf 82' lang='lat' dir='ltr'><strong>Alexander</strong></span> <span class='ocrx_word' id='word_1_328' title='bbox 1084 2690 1279 2747; x_wconf 78' lang='lat' dir='ltr'><strong>fecerit</strong></span> <span class='ocrx_word' id='word_1_329' title='bbox 1317 2690 1556 2760; x_wconf 74' lang='lat' dir='ltr'><strong>.lndzeis,</strong></span> <span class='ocrx_word' id='word_1_330' title='bbox 1606 2692 1692 2747; x_wconf 84' lang='lat' dir='ltr'><strong>vel</strong></span> <span class='ocrx_word' id='word_1_331' title='bbox 1739 2691 2107 2762; x_wconf 80' lang='lat' dir='ltr'><strong>Vespasianus</strong></span> 
     </span>
    </p>
   </div>
   <div class='ocr_carea' id='block_1_42' title="bbox 508 2781 2106 2854">
    <p class='ocr_par' dir='ltr' id='par_1_42' title="bbox 508 2781 2106 2854">
     <span class='ocr_line' id='line_1_42' title="bbox 508 2781 2106 2854; baseline 0.001 -17"><span class='ocrx_word' id='word_1_332' title='bbox 508 2781 951 2848; x_wconf 88' lang='lat' dir='ltr'><strong>insecutionem,</strong></span> <span class='ocrx_word' id='word_1_333' title='bbox 1015 2781 1133 2838; x_wconf 90' lang='lat' dir='ltr'><strong>sive</strong></span> <span class='ocrx_word' id='word_1_334' title='bbox 1184 2781 1610 2838; x_wconf 88' lang='lat' dir='ltr'><strong>destructionem</strong></span> <span class='ocrx_word' id='word_1_335' title='bbox 1667 2781 1858 2854; x_wconf 88' lang='lat' dir='ltr'><strong>templi</strong></span> <span class='ocrx_word' id='word_1_336' title='bbox 1916 2797 2106 2839; x_wconf 88' lang='lat' dir='ltr'><strong>eorum</strong></span> 
     </span>
    </p>
   </div>
   <div class='ocr_carea' id='block_1_43' title="bbox 509 2874 1508 2943">
    <p class='ocr_par' dir='ltr' id='par_1_43' title="bbox 509 2874 1508 2943">
     <span class='ocr_line' id='line_1_43' title="bbox 509 2874 1508 2943; baseline -0.001 -13"><span class='ocrx_word' id='word_1_337' title='bbox 509 2875 761 2943; x_wconf 86' lang='lat' dir='ltr'><strong>miserit,</strong></span> <span class='ocrx_word' id='word_1_338' title='bbox 793 2884 849 2931; x_wconf 90' lang='lat' dir='ltr'><strong>et</strong></span> <span class='ocrx_word' id='word_1_339' title='bbox 880 2875 1084 2930; x_wconf 87' lang='lat' dir='ltr'><strong>trilmta</strong></span> <span class='ocrx_word' id='word_1_340' title='bbox 1104 2874 1185 2930; x_wconf 89' lang='lat' dir='ltr'><strong>cis</strong></span> <span class='ocrx_word' id='word_1_341' title='bbox 1206 2874 1508 2930; x_wconf 87' lang='lat' dir='ltr'><strong>constituit.</strong></span> 
     </span>
    </p>
   </div>
   <div class='ocr_carea' id='block_1_44' title="bbox 578 2965 2106 3038">
    <p class='ocr_par' dir='ltr' id='par_1_44' title="bbox 578 2965 2106 3038">
     <span class='ocr_line' id='line_1_44' title="bbox 578 2965 2106 3038; baseline 0.003 -17"><span class='ocrx_word' id='word_1_342' title='bbox 578 2965 645 3021; x_wconf 93' lang='lat' dir='ltr'><strong>ll.</strong></span> <span class='ocrx_word' id='word_1_343' title='bbox 673 2965 987 3022; x_wconf 87' lang='lat' dir='ltr'><strong>Nomeratio</strong></span> <span class='ocrx_word' id='word_1_344' title='bbox 1011 2975 1316 3038; x_wconf 86' lang='lat' dir='ltr'><strong>temporum</strong></span> <span class='ocrx_word' id='word_1_345' title='bbox 1344 2983 1450 3021; x_wconf 91' lang='lat' dir='ltr'><strong>non</strong></span> <span class='ocrx_word' id='word_1_346' title='bbox 1478 2966 1652 3022; x_wconf 90' lang='lat' dir='ltr'><strong>solum</strong></span> <span class='ocrx_word' id='word_1_347' title='bbox 1675 2975 1801 3022; x_wconf 89' lang='lat' dir='ltr'><strong>ante</strong></span> <span class='ocrx_word' id='word_1_348' title='bbox 1824 2967 2106 3025; x_wconf 89' lang='lat' dir='ltr'><strong>hominum</strong></span> 
     </span>
    </p>
   </div>
   <div class='ocr_carea' id='block_1_45' title="bbox 510 3057 2104 3131">
    <p class='ocr_par' dir='ltr' id='par_1_45' title="bbox 510 3057 2104 3131">
     <span class='ocr_line' id='line_1_45' title="bbox 510 3057 2104 3131; baseline 0.003 -17"><span class='ocrx_word' id='word_1_349' title='bbox 510 3071 703 3130; x_wconf 87' lang='lat' dir='ltr'><strong>genus,</strong></span> <span class='ocrx_word' id='word_1_350' title='bbox 722 3057 820 3114; x_wconf 85' lang='lat' dir='ltr'><strong>sed</strong></span> <span class='ocrx_word' id='word_1_351' title='bbox 847 3057 1012 3115; x_wconf 88' lang='lat' dir='ltr'><strong>etiam</strong></span> <span class='ocrx_word' id='word_1_352' title='bbox 1033 3066 1164 3116; x_wconf 86' lang='lat' dir='ltr'><strong>ante</strong></span> <span class='ocrx_word' id='word_1_353' title='bbox 1193 3058 1398 3115; x_wconf 89' lang='lat' dir='ltr'><strong>lumina</strong></span> <span class='ocrx_word' id='word_1_354' title='bbox 1427 3060 1543 3130; x_wconf 87' lang='lat' dir='ltr'><strong>ipsa</strong></span> <span class='ocrx_word' id='word_1_355' title='bbox 1568 3071 1734 3130; x_wconf 91' lang='lat' dir='ltr'><strong>atque</strong></span> <span class='ocrx_word' id='word_1_356' title='bbox 1754 3060 1943 3116; x_wconf 88' lang='lat' dir='ltr'><strong>stellas</strong></span> <span class='ocrx_word' id='word_1_357' title='bbox 1963 3077 2104 3131; x_wconf 89' lang='lat' dir='ltr'><strong>esse,</strong></span> 
     </span>
    </p>
   </div>
   <div class='ocr_carea' id='block_1_46' title="bbox 2203 1854 3811 1928">
    <p class='ocr_par' dir='ltr' id='par_1_46' title="bbox 2203 1854 3811 1928">
     <span class='ocr_line' id='line_1_46' title="bbox 2203 1854 3811 1928; baseline 0 -16"><span class='ocrx_word' id='word_1_358' title='bbox 2203 1857 2449 1928; x_wconf 85' lang='lat' dir='ltr'><strong>gationes</strong></span> <span class='ocrx_word' id='word_1_359' title='bbox 2478 1871 2738 1927; x_wconf 90' lang='lat' dir='ltr'><strong>aquarum</strong></span> <span class='ocrx_word' id='word_1_360' title='bbox 2761 1855 3052 1925; x_wconf 79' lang='lat' dir='ltr'><strong>appellavit</strong></span> <span class='ocrx_word' id='word_1_361' title='bbox 3078 1854 3284 1921; x_wconf 73' lang='lat' dir='ltr'><strong>Maria,</strong></span> <span class='ocrx_word' id='word_1_362' title='bbox 3319 1855 3657 1926; x_wconf 79' lang='lat' dir='ltr'><strong>lterbamque</strong></span> <span class='ocrx_word' id='word_1_363' title='bbox 3688 1871 3811 1924; x_wconf 90' lang='lat' dir='ltr'><strong>pro-</strong></span> 
     </span>
    </p>
   </div>
   <div class='ocr_carea' id='block_1_47' title="bbox 2204 1947 3806 2018">
    <p class='ocr_par' dir='ltr' id='par_1_47' title="bbox 2204 1947 3806 2018">
     <span class='ocr_line' id='line_1_47' title="bbox 2204 1947 3806 2018; baseline -0.001 -13"><span class='ocrx_word' id='word_1_364' title='bbox 2204 1951 2366 2005; x_wconf 80' lang='lat' dir='ltr'><strong>duxit</strong></span> <span class='ocrx_word' id='word_1_365' title='bbox 2393 1961 2534 2004; x_wconf 88' lang='lat' dir='ltr'><strong>terra</strong></span> <span class='ocrx_word' id='word_1_366' title='bbox 2554 1992 2570 2016; x_wconf 90' lang='lat'><strong>,</strong></span> <span class='ocrx_word' id='word_1_367' title='bbox 2600 1960 2658 2005; x_wconf 88' lang='lat' dir='ltr'><strong>et</strong></span> <span class='ocrx_word' id='word_1_368' title='bbox 2688 1949 2895 2018; x_wconf 80' lang='lat' dir='ltr'><strong>lignum</strong></span> <span class='ocrx_word' id='word_1_369' title='bbox 2921 1947 3262 2004; x_wconf 76' lang='lat' dir='ltr'><strong>froetil‘erum</strong></span> <span class='ocrx_word' id='word_1_370' title='bbox 3289 1964 3413 2004; x_wconf 89' lang='lat' dir='ltr'><strong>eum</strong></span> <span class='ocrx_word' id='word_1_371' title='bbox 3443 1948 3654 2004; x_wconf 89' lang='lat' dir='ltr'><strong>semine</strong></span> <span class='ocrx_word' id='word_1_372' title='bbox 3683 1963 3806 2003; x_wconf 84' lang='lat' dir='ltr'><strong>suo.</strong></span> 
     </span>
    </p>
   </div>
   <div class='ocr_carea' id='block_1_48' title="bbox 2204 2039 3808 2110">
    <p class='ocr_par' dir='ltr' id='par_1_48' title="bbox 2204 2039 3808 2110">
     <span class='ocr_line' id='line_1_48' title="bbox 2204 2039 3808 2110; baseline -0.001 -14"><span class='ocrx_word' id='word_1_373' title='bbox 2204 2042 2412 2108; x_wconf 86' lang='lat' dir='ltr'><strong>Quarto</strong></span> <span class='ocrx_word' id='word_1_374' title='bbox 2443 2042 2608 2110; x_wconf 86' lang='lat' dir='ltr'><strong>igitur</strong></span> <span class='ocrx_word' id='word_1_375' title='bbox 2637 2041 2729 2096; x_wconf 90' lang='lat' dir='ltr'><strong>die</strong></span> <span class='ocrx_word' id='word_1_376' title='bbox 2750 2039 2893 2096; x_wconf 75' lang='lat' dir='ltr'><strong>facta</strong></span> <span class='ocrx_word' id='word_1_377' title='bbox 2925 2051 3052 2096; x_wconf 87' lang='lat' dir='ltr'><strong>sunt</strong></span> <span class='ocrx_word' id='word_1_378' title='bbox 3084 2041 3370 2096; x_wconf 83' lang='lat' dir='ltr'><strong>luminaria</strong></span> <span class='ocrx_word' id='word_1_379' title='bbox 3397 2041 3505 2096; x_wconf 90' lang='lat' dir='ltr'><strong>duo</strong></span> <span class='ocrx_word' id='word_1_380' title='bbox 3534 2039 3589 2095; x_wconf 89' lang='lat' dir='ltr'><strong>in</strong></span> <span class='ocrx_word' id='word_1_381' title='bbox 3620 2041 3808 2096; x_wconf 82' lang='lat' dir='ltr'><strong>ﬁrma-</strong></span> 
     </span>
    </p>
   </div>
   <div class='ocr_carea' id='block_1_49' title="bbox 2207 2131 3810 2201">
    <p class='ocr_par' dir='ltr' id='par_1_49' title="bbox 2207 2131 3810 2201">
     <span class='ocr_line' id='line_1_49' title="bbox 2207 2131 3810 2201; baseline 0 -13"><span class='ocrx_word' id='word_1_382' title='bbox 2207 2141 2392 2189; x_wconf 90' lang='lat' dir='ltr'><strong>mento</strong></span> <span class='ocrx_word' id='word_1_383' title='bbox 2413 2133 2559 2200; x_wconf 65' lang='lat' dir='ltr'><strong>caeli,</strong></span> <span class='ocrx_word' id='word_1_384' title='bbox 2581 2142 2638 2188; x_wconf 92' lang='lat' dir='ltr'><strong>ut</strong></span> <span class='ocrx_word' id='word_1_385' title='bbox 2657 2133 2875 2188; x_wconf 88' lang='lat' dir='ltr'><strong>luceant</strong></span> <span class='ocrx_word' id='word_1_386' title='bbox 2895 2147 3062 2201; x_wconf 91' lang='lat' dir='ltr'><strong>super</strong></span> <span class='ocrx_word' id='word_1_387' title='bbox 3086 2143 3285 2189; x_wconf 87' lang='lat' dir='ltr'><strong>terram</strong></span> <span class='ocrx_word' id='word_1_388' title='bbox 3307 2132 3374 2189; x_wconf 90' lang='lat' dir='ltr'><strong>ad</strong></span> <span class='ocrx_word' id='word_1_389' title='bbox 3399 2131 3810 2188; x_wconf 89' lang='lat' dir='ltr'><strong>inchoationem</strong></span> 
     </span>
    </p>
   </div>
   <div class='ocr_carea' id='block_1_50' title="bbox 2205 2225 3808 2294">
    <p class='ocr_par' dir='ltr' id='par_1_50' title="bbox 2205 2225 3808 2294">
     <span class='ocr_line' id='line_1_50' title="bbox 2205 2225 3808 2294; baseline -0.001 -12"><span class='ocrx_word' id='word_1_390' title='bbox 2205 2226 2315 2282; x_wconf 92' lang='lat' dir='ltr'><strong>diei</strong></span> <span class='ocrx_word' id='word_1_391' title='bbox 2345 2236 2400 2282; x_wconf 90' lang='lat' dir='ltr'><strong>et</strong></span> <span class='ocrx_word' id='word_1_392' title='bbox 2422 2227 2629 2292; x_wconf 88' lang='lat' dir='ltr'><strong>noctis,</strong></span> <span class='ocrx_word' id='word_1_393' title='bbox 2660 2235 2716 2282; x_wconf 91' lang='lat' dir='ltr'><strong>et</strong></span> <span class='ocrx_word' id='word_1_394' title='bbox 2748 2233 2808 2280; x_wconf 88' lang='lat' dir='ltr'><strong>ut</strong></span> <span class='ocrx_word' id='word_1_395' title='bbox 2831 2225 3079 2281; x_wconf 88' lang='lat' dir='ltr'><strong>dividant</strong></span> <span class='ocrx_word' id='word_1_396' title='bbox 3106 2227 3248 2283; x_wconf 79' lang='lat' dir='ltr'><strong>inter</strong></span> <span class='ocrx_word' id='word_1_397' title='bbox 3283 2225 3430 2282; x_wconf 89' lang='lat' dir='ltr'><strong>diem</strong></span> <span class='ocrx_word' id='word_1_398' title='bbox 3472 2236 3530 2283; x_wconf 89' lang='lat' dir='ltr'><strong>et</strong></span> <span class='ocrx_word' id='word_1_399' title='bbox 3568 2236 3808 2294; x_wconf 87' lang='lat' dir='ltr'><strong>noctem,</strong></span> 
     </span>
    </p>
   </div>
   <div class='ocr_carea' id='block_1_51' title="bbox 2206 2316 3816 2390">
    <p class='ocr_par' dir='ltr' id='par_1_51' title="bbox 2206 2316 3816 2390">
     <span class='ocr_line' id='line_1_51' title="bbox 2206 2316 3816 2390; baseline 0.001 -16"><span class='ocrx_word' id='word_1_400' title='bbox 2206 2328 2262 2374; x_wconf 91' lang='lat' dir='ltr'><strong>et</strong></span> <span class='ocrx_word' id='word_1_401' title='bbox 2287 2319 2395 2372; x_wconf 84' lang='lat' dir='ltr'><strong>sint</strong></span> <span class='ocrx_word' id='word_1_402' title='bbox 2436 2319 2489 2374; x_wconf 93' lang='lat' dir='ltr'><strong>in</strong></span> <span class='ocrx_word' id='word_1_403' title='bbox 2521 2316 2672 2390; x_wconf 89' lang='lat' dir='ltr'><strong>signa</strong></span> <span class='ocrx_word' id='word_1_404' title='bbox 2698 2361 2712 2384; x_wconf 93' lang='lat'><strong>,</strong></span> <span class='ocrx_word' id='word_1_405' title='bbox 2746 2325 2800 2373; x_wconf 89' lang='lat' dir='ltr'><strong>et</strong></span> <span class='ocrx_word' id='word_1_406' title='bbox 2831 2326 3076 2388; x_wconf 89' lang='lat' dir='ltr'><strong>tempora</strong></span> <span class='ocrx_word' id='word_1_407' title='bbox 3097 2362 3112 2386; x_wconf 95' lang='lat'><strong>,</strong></span> <span class='ocrx_word' id='word_1_408' title='bbox 3146 2327 3201 2373; x_wconf 90' lang='lat' dir='ltr'><strong>et</strong></span> <span class='ocrx_word' id='word_1_409' title='bbox 3227 2317 3374 2383; x_wconf 88' lang='lat' dir='ltr'><strong>dies,</strong></span> <span class='ocrx_word' id='word_1_410' title='bbox 3419 2327 3476 2374; x_wconf 91' lang='lat' dir='ltr'><strong>et</strong></span> <span class='ocrx_word' id='word_1_411' title='bbox 3503 2333 3708 2385; x_wconf 84' lang='lat' dir='ltr'><strong>annos,</strong></span> <span class='ocrx_word' id='word_1_412' title='bbox 3754 2328 3816 2375; x_wconf 86' lang='lat' dir='ltr'><strong>et</strong></span> 
     </span>
    </p>
   </div>
   <div class='ocr_carea' id='block_1_52' title="bbox 2207 2411 3813 2487">
    <p class='ocr_par' dir='ltr' id='par_1_52' title="bbox 2207 2411 3813 2487">
     <span class='ocr_line' id='line_1_52' title="bbox 2207 2411 3813 2487; baseline 0.001 -20"><span class='ocrx_word' id='word_1_413' title='bbox 2207 2412 2316 2468; x_wconf 86' lang='lat' dir='ltr'><strong>sint</strong></span> <span class='ocrx_word' id='word_1_414' title='bbox 2344 2413 2398 2468; x_wconf 91' lang='lat' dir='ltr'><strong>in</strong></span> <span class='ocrx_word' id='word_1_415' title='bbox 2425 2411 2776 2484; x_wconf 88' lang='lat' dir='ltr'><strong>splendorem</strong></span> <span class='ocrx_word' id='word_1_416' title='bbox 2803 2411 3133 2469; x_wconf 79' lang='lat' dir='ltr'><strong>ﬁrmamenti</strong></span> <span class='ocrx_word' id='word_1_417' title='bbox 3167 2411 3275 2485; x_wconf 76' lang='grc' dir='ltr'><strong>[ΑΙ.</strong></span> <span class='ocrx_word' id='word_1_418' title='bbox 3305 2412 3358 2468; x_wconf 91' lang='lat' dir='ltr'><strong>in</strong></span> <span class='ocrx_word' id='word_1_419' title='bbox 3384 2413 3813 2487; x_wconf 78' lang='lat' dir='ltr'><strong>ﬁrmamentum]</strong></span> 
     </span>
    </p>
   </div>
   <div class='ocr_carea' id='block_1_53' title="bbox 2207 2504 3810 2578">
    <p class='ocr_par' dir='ltr' id='par_1_53' title="bbox 2207 2504 3810 2578">
     <span class='ocr_line' id='line_1_53' title="bbox 2207 2504 3810 2578; baseline 0.001 -19"><span class='ocrx_word' id='word_1_420' title='bbox 2207 2504 2333 2560; x_wconf 73' lang='grc' dir='ltr'><strong>ρωίί</strong></span> <span class='ocrx_word' id='word_1_421' title='bbox 2355 2544 2370 2567; x_wconf 85' lang='grc'><strong>.</strong></span> <span class='ocrx_word' id='word_1_422' title='bbox 2395 2513 2450 2560; x_wconf 89' lang='lat' dir='ltr'><strong>et</strong></span> <span class='ocrx_word' id='word_1_423' title='bbox 2477 2504 2695 2560; x_wconf 87' lang='lat' dir='ltr'><strong>luceant</strong></span> <span class='ocrx_word' id='word_1_424' title='bbox 2718 2519 2885 2575; x_wconf 88' lang='lat' dir='ltr'><strong>super</strong></span> <span class='ocrx_word' id='word_1_425' title='bbox 2910 2514 3134 2561; x_wconf 90' lang='lat' dir='ltr'><strong>terram.</strong></span> <span class='ocrx_word' id='word_1_426' title='bbox 3165 2505 3376 2574; x_wconf 85' lang='lat' dir='ltr'><strong>Quibus</strong></span> <span class='ocrx_word' id='word_1_427' title='bbox 3407 2507 3478 2561; x_wconf 91' lang='lat' dir='ltr'><strong>ita</strong></span> <span class='ocrx_word' id='word_1_428' title='bbox 3510 2505 3767 2578; x_wconf 84' lang='lat' dir='ltr'><strong>perfectis</strong></span> <span class='ocrx_word' id='word_1_429' title='bbox 3793 2550 3810 2573; x_wconf 91' lang='lat'><strong>,</strong></span> 
     </span>
    </p>
   </div>
   <div class='ocr_carea' id='block_1_54' title="bbox 2207 2595 3812 2667">
    <p class='ocr_par' dir='ltr' id='par_1_54' title="bbox 2207 2595 3812 2667">
     <span class='ocr_line' id='line_1_54' title="bbox 2207 2595 3812 2667; baseline 0.001 -14"><span class='ocrx_word' id='word_1_430' title='bbox 2207 2595 2554 2653; x_wconf 83' lang='lat' dir='ltr'><strong>manifestum</strong></span> <span class='ocrx_word' id='word_1_431' title='bbox 2595 2607 2680 2652; x_wconf 87' lang='lat' dir='ltr'><strong>est</strong></span> <span class='ocrx_word' id='word_1_432' title='bbox 2733 2596 3032 2653; x_wconf 89' lang='lat' dir='ltr'><strong>luminibus</strong></span> <span class='ocrx_word' id='word_1_433' title='bbox 3081 2597 3216 2667; x_wconf 91' lang='lat' dir='ltr'><strong>ipsis</strong></span> <span class='ocrx_word' id='word_1_434' title='bbox 3263 2597 3589 2653; x_wconf 89' lang='lat' dir='ltr'><strong>antecedere</strong></span> <span class='ocrx_word' id='word_1_435' title='bbox 3631 2598 3812 2654; x_wconf 89' lang='lat' dir='ltr'><strong>lucem</strong></span> 
     </span>
    </p>
   </div>
   <div class='ocr_carea' id='block_1_55' title="bbox 2209 2687 3813 2762">
    <p class='ocr_par' dir='ltr' id='par_1_55' title="bbox 2209 2687 3813 2762">
     <span class='ocr_line' id='line_1_55' title="bbox 2209 2687 3813 2762; baseline 0.002 -18"><span class='ocrx_word' id='word_1_436' title='bbox 2209 2689 2380 2744; x_wconf 91' lang='lat' dir='ltr'><strong>tribus</strong></span> <span class='ocrx_word' id='word_1_437' title='bbox 2411 2688 2622 2744; x_wconf 92' lang='lat' dir='ltr'><strong>diebus.</strong></span> <span class='ocrx_word' id='word_1_438' title='bbox 2659 2687 2815 2745; x_wconf 89' lang='lat' dir='ltr'><strong>Unde</strong></span> <span class='ocrx_word' id='word_1_439' title='bbox 2864 2688 2995 2745; x_wconf 90' lang='lat' dir='ltr'><strong>mihi</strong></span> <span class='ocrx_word' id='word_1_440' title='bbox 3024 2688 3278 2746; x_wconf 85' lang='lat' dir='ltr'><strong>videntur</strong></span> <span class='ocrx_word' id='word_1_441' title='bbox 3325 2689 3597 2762; x_wconf 69' lang='lat' dir='ltr'><strong>Egyptii,</strong></span> <span class='ocrx_word' id='word_1_442' title='bbox 3643 2701 3813 2748; x_wconf 64' lang='lat' dir='ltr'><strong>crete-</strong></span> 
     </span>
    </p>
   </div>
   <div class='ocr_carea' id='block_1_56' title="bbox 2210 2781 3814 2856">
    <p class='ocr_par' dir='ltr' id='par_1_56' title="bbox 2210 2781 3814 2856">
     <span class='ocr_line' id='line_1_56' title="bbox 2210 2781 3814 2856; baseline 0.002 -20"><span class='ocrx_word' id='word_1_443' title='bbox 2210 2797 2394 2853; x_wconf 63' lang='lat' dir='ltr'><strong>rmque</strong></span> <span class='ocrx_word' id='word_1_444' title='bbox 2421 2791 2615 2852; x_wconf 81' lang='lat' dir='ltr'><strong>gentes</strong></span> <span class='ocrx_word' id='word_1_445' title='bbox 2645 2781 2749 2837; x_wconf 86' lang='lat' dir='ltr'><strong>hoc</strong></span> <span class='ocrx_word' id='word_1_446' title='bbox 2777 2791 3066 2853; x_wconf 82' lang='lat' dir='ltr'><strong>sequentes</strong></span> <span class='ocrx_word' id='word_1_447' title='bbox 3093 2781 3376 2847; x_wconf 87' lang='lat' dir='ltr'><strong>decretum</strong></span> <span class='ocrx_word' id='word_1_448' title='bbox 3401 2825 3416 2848; x_wconf 87' lang='lat'><strong>,</strong></span> <span class='ocrx_word' id='word_1_449' title='bbox 3447 2793 3679 2856; x_wconf 88' lang='lat' dir='ltr'><strong>quatuor</strong></span> <span class='ocrx_word' id='word_1_450' title='bbox 3704 2801 3814 2840; x_wconf 85' lang='lat' dir='ltr'><strong>an-</strong></span> 
     </span>
    </p>
   </div>
   <div class='ocr_carea' id='block_1_57' title="bbox 2211 2875 3810 2953">
    <p class='ocr_par' dir='ltr' id='par_1_57' title="bbox 2211 2875 3810 2953">
     <span class='ocr_line' id='line_1_57' title="bbox 2211 2875 3810 2953; baseline 0.002 -21"><span class='ocrx_word' id='word_1_451' title='bbox 2211 2876 2298 2932; x_wconf 89' lang='lat' dir='ltr'><strong>nis</strong></span> <span class='ocrx_word' id='word_1_452' title='bbox 2336 2875 2609 2944; x_wconf 87' lang='lat' dir='ltr'><strong>impletis,</strong></span> <span class='ocrx_word' id='word_1_453' title='bbox 2643 2876 2787 2931; x_wconf 90' lang='lat' dir='ltr'><strong>diem</strong></span> <span class='ocrx_word' id='word_1_454' title='bbox 2821 2877 3092 2945; x_wconf 82' lang='lat' dir='ltr'><strong>integrum</strong></span> <span class='ocrx_word' id='word_1_455' title='bbox 3121 2877 3483 2947; x_wconf 82' lang='lat' dir='ltr'><strong>superﬂuum,</strong></span> <span class='ocrx_word' id='word_1_456' title='bbox 3509 2894 3669 2948; x_wconf 88' lang='lat' dir='ltr'><strong>quem</strong></span> <span class='ocrx_word' id='word_1_457' title='bbox 3696 2879 3810 2953; x_wconf 86' lang='grc' dir='ltr'><strong>[ΑΙ.</strong></span> 
     </span>
    </p>
   </div>
   <div class='ocr_carea' id='block_1_58' title="bbox 2210 2967 3817 3043">
    <p class='ocr_par' dir='ltr' id='par_1_58' title="bbox 2210 2967 3817 3043">
     <span class='ocr_line' id='line_1_58' title="bbox 2210 2967 3817 3043; baseline 0.001 -20"><span class='ocrx_word' id='word_1_458' title='bbox 2210 2967 2378 3041; x_wconf 88' lang='lat' dir='ltr'><strong>quod]</strong></span> <span class='ocrx_word' id='word_1_459' title='bbox 2422 2969 2586 3024; x_wconf 90' lang='lat' dir='ltr'><strong>etiam</strong></span> <span class='ocrx_word' id='word_1_460' title='bbox 2633 2968 2908 3024; x_wconf 75' lang='lat' dir='ltr'><strong>bissextum</strong></span> <span class='ocrx_word' id='word_1_461' title='bbox 2949 2971 3299 3026; x_wconf 88' lang='lat' dir='ltr'><strong>nominavere</strong></span> <span class='ocrx_word' id='word_1_462' title='bbox 3339 2969 3459 3043; x_wconf 80' lang='grc' dir='ltr'><strong>[ΑΙ.</strong></span> <span class='ocrx_word' id='word_1_463' title='bbox 3494 2971 3674 3028; x_wconf 90' lang='lat' dir='ltr'><strong>solent</strong></span> <span class='ocrx_word' id='word_1_464' title='bbox 3715 2989 3817 3026; x_wconf 75' lang='lat' dir='ltr'><strong>no-</strong></span> 
     </span>
    </p>
   </div>
   <div class='ocr_carea' id='block_1_59' title="bbox 2215 3062 3819 3138">
    <p class='ocr_par' dir='ltr' id='par_1_59' title="bbox 2215 3062 3819 3138">
     <span class='ocr_line' id='line_1_59' title="bbox 2215 3062 3819 3138; baseline 0.001 -19"><span class='ocrx_word' id='word_1_465' title='bbox 2215 3062 2467 3136; x_wconf 85' lang='lat' dir='ltr'><strong>minare].</strong></span> <span class='ocrx_word' id='word_1_466' title='bbox 2511 3062 2647 3119; x_wconf 84' lang='lat' dir='ltr'><strong>Nam</strong></span> <span class='ocrx_word' id='word_1_467' title='bbox 2682 3072 2706 3100; x_wconf 71' lang='grc' dir='ltr'><strong>θ</strong></span> <span class='ocrx_word' id='word_1_468' title='bbox 2736 3076 2858 3119; x_wconf 91' lang='lat' dir='ltr'><strong>eum</strong></span> <span class='ocrx_word' id='word_1_469' title='bbox 2899 3072 3010 3121; x_wconf 91' lang='lat' dir='ltr'><strong>tres</strong></span> <span class='ocrx_word' id='word_1_470' title='bbox 3040 3064 3157 3121; x_wconf 90' lang='lat' dir='ltr'><strong>dies</strong></span> <span class='ocrx_word' id='word_1_471' title='bbox 3190 3064 3328 3121; x_wconf 88' lang='lat' dir='ltr'><strong>istos</strong></span> <span class='ocrx_word' id='word_1_472' title='bbox 3365 3073 3688 3138; x_wconf 87' lang='lat' dir='ltr'><strong>computare</strong></span> <span class='ocrx_word' id='word_1_473' title='bbox 3717 3065 3819 3138; x_wconf 83' lang='lat' dir='ltr'><strong>qui</strong></span> 
     </span>
    </p>
   </div>
   <div class='ocr_carea' id='block_1_60' title="bbox 2032 3175 2266 3234">
    <p class='ocr_par' dir='ltr' id='par_1_60' title="bbox 2032 3175 2266 3234">
     <span class='ocr_line' id='line_1_60' title="bbox 2032 3175 2266 3234; baseline -0.004 -2"><span class='ocrx_word' id='word_1_474' title='bbox 2032 3175 2266 3234; x_wconf 60' lang='lat' dir='ltr'><strong>NOTIE.</strong></span> 
     </span>
    </p>
   </div>
   <div class='ocr_carea' id='block_1_61' title="bbox 513 3290 3821 3366">
    <p class='ocr_par' dir='ltr' id='par_1_61' title="bbox 513 3290 3821 3366">
     <span class='ocr_line' id='line_1_61' title="bbox 513 3290 3821 3366; baseline 0.001 -18"><span class='ocrx_word' id='word_1_475' title='bbox 513 3308 619 3365; x_wconf 91' lang='lat' dir='ltr'><strong>que</strong></span> <span class='ocrx_word' id='word_1_476' title='bbox 644 3302 909 3366; x_wconf 67' lang='lat' dir='ltr'><strong>tempora</strong></span> <span class='ocrx_word' id='word_1_477' title='bbox 957 3293 1381 3360; x_wconf 86' lang='lat' dir='ltr'><strong>continuarunt,</strong></span> <span class='ocrx_word' id='word_1_478' title='bbox 1429 3291 1623 3362; x_wconf 90' lang='lat' dir='ltr'><strong>quibus</strong></span> <span class='ocrx_word' id='word_1_479' title='bbox 1662 3291 1768 3345; x_wconf 88' lang='lat' dir='ltr'><strong>alia</strong></span> <span class='ocrx_word' id='word_1_480' title='bbox 1808 3290 1910 3346; x_wconf 86' lang='lat' dir='ltr'><strong>l‘uit</strong></span> <span class='ocrx_word' id='word_1_481' title='bbox 1940 3306 2109 3362; x_wconf 83' lang='lat' dir='ltr'><strong>appo-</strong></span> <span class='ocrx_word' id='word_1_482' title='bbox 2135 3293 2180 3356; x_wconf 88' lang='lat' dir='ltr'>C</span> <span class='ocrx_word' id='word_1_483' title='bbox 2213 3301 2330 3366; x_wconf 85' lang='lat' dir='ltr'><strong>tur,</strong></span> <span class='ocrx_word' id='word_1_484' title='bbox 2372 3306 2608 3361; x_wconf 91' lang='lat' dir='ltr'><strong>cumque</strong></span> <span class='ocrx_word' id='word_1_485' title='bbox 2656 3292 2783 3347; x_wconf 87' lang='lat' dir='ltr'><strong>aliis</strong></span> <span class='ocrx_word' id='word_1_486' title='bbox 2819 3291 3053 3366; x_wconf 83' lang='lat' dir='ltr'><strong>invicem</strong></span> <span class='ocrx_word' id='word_1_487' title='bbox 3101 3295 3522 3366; x_wconf 82' lang='lat' dir='ltr'><strong>concurrerent)</strong></span> <span class='ocrx_word' id='word_1_488' title='bbox 3568 3303 3821 3366; x_wconf 83' lang='lat' dir='ltr'><strong>tempora</strong></span> 
     </span>
    </p>
   </div>
   <div class='ocr_carea' id='block_1_62' title="bbox 515 3363 2106 3433">
    <p class='ocr_par' dir='ltr' id='par_1_62' title="bbox 515 3363 2106 3433">
     <span class='ocr_line' id='line_1_62' title="bbox 515 3363 2106 3433; baseline -0.001 -13"><span class='ocrx_word' id='word_1_489' title='bbox 515 3363 817 3420; x_wconf 81' lang='lat' dir='ltr'><strong>tiendorum</strong></span> <span class='ocrx_word' id='word_1_490' title='bbox 866 3366 1151 3420; x_wconf 89' lang='lat' dir='ltr'><strong>consulum</strong></span> <span class='ocrx_word' id='word_1_491' title='bbox 1203 3365 1368 3430; x_wconf 85' lang='lat' dir='ltr'><strong>ratio,</strong></span> <span class='ocrx_word' id='word_1_492' title='bbox 1421 3377 1582 3433; x_wconf 89' lang='lat' dir='ltr'><strong>quam</strong></span> <span class='ocrx_word' id='word_1_493' title='bbox 1637 3378 1943 3431; x_wconf 81' lang='lat' dir='ltr'><strong>exponere,</strong></span> <span class='ocrx_word' id='word_1_494' title='bbox 1999 3379 2106 3418; x_wconf 91' lang='lat' dir='ltr'><strong>non</strong></span> 
     </span>
    </p>
   </div>
   <div class='ocr_carea' id='block_1_63' title="bbox 513 3434 2109 3505">
    <p class='ocr_par' dir='ltr' id='par_1_63' title="bbox 513 3434 2109 3505">
     <span class='ocr_line' id='line_1_63' title="bbox 513 3434 2109 3505; baseline -0.002 -14"><span class='ocrx_word' id='word_1_495' title='bbox 513 3435 678 3505; x_wconf 88' lang='lat' dir='ltr'><strong>hujus</strong></span> <span class='ocrx_word' id='word_1_496' title='bbox 697 3447 780 3492; x_wconf 89' lang='lat' dir='ltr'><strong>est</strong></span> <span class='ocrx_word' id='word_1_497' title='bbox 804 3437 926 3492; x_wconf 90' lang='lat' dir='ltr'><strong>loci.</strong></span> <span class='ocrx_word' id='word_1_498' title='bbox 953 3436 1106 3505; x_wconf 85' lang='lat' dir='ltr'><strong>Quod</strong></span> <span class='ocrx_word' id='word_1_499' title='bbox 1139 3444 1325 3490; x_wconf 90' lang='lat' dir='ltr'><strong>nostra</strong></span> <span class='ocrx_word' id='word_1_500' title='bbox 1353 3437 1599 3493; x_wconf 85' lang='lat' dir='ltr'><strong>interest.</strong></span> <span class='ocrx_word' id='word_1_501' title='bbox 1625 3449 1689 3488; x_wconf 89' lang='lat' dir='ltr'><strong>ac</strong></span> <span class='ocrx_word' id='word_1_502' title='bbox 1719 3434 1794 3487; x_wconf 92' lang='lat' dir='ltr'><strong>rei</strong></span> <span class='ocrx_word' id='word_1_503' title='bbox 1819 3443 1982 3503; x_wconf 88' lang='lat' dir='ltr'><strong>caput</strong></span> <span class='ocrx_word' id='word_1_504' title='bbox 2003 3444 2109 3500; x_wconf 88' lang='lat' dir='ltr'><strong>est,</strong></span> 
     </span>
    </p>
   </div>
   <div class='ocr_carea' id='block_1_64' title="bbox 515 3506 2112 3577">
    <p class='ocr_par' dir='ltr' id='par_1_64' title="bbox 515 3506 2112 3577">
     <span class='ocr_line' id='line_1_64' title="bbox 515 3506 2112 3577; baseline -0.003 -15"><span class='ocrx_word' id='word_1_505' title='bbox 515 3521 690 3577; x_wconf 88' lang='lat' dir='ltr'><strong>neque</strong></span> <span class='ocrx_word' id='word_1_506' title='bbox 739 3507 1038 3574; x_wconf 85' lang='lat' dir='ltr'><strong>Eusebius,</strong></span> <span class='ocrx_word' id='word_1_507' title='bbox 1090 3506 1683 3577; x_wconf 13' lang='lat' dir='ltr'><strong>nequeiliieronymus</strong></span> <span class='ocrx_word' id='word_1_508' title='bbox 1725 3506 1980 3560; x_wconf 87' lang='lat' dir='ltr'><strong>consules</strong></span> <span class='ocrx_word' id='word_1_509' title='bbox 2031 3516 2112 3559; x_wconf 86' lang='lat' dir='ltr'><strong>at-</strong></span> 
     </span>
    </p>
   </div>
   <div class='ocr_carea' id='block_1_65' title="bbox 516 3575 2110 3648">
    <p class='ocr_par' dir='ltr' id='par_1_65' title="bbox 516 3575 2110 3648">
     <span class='ocr_line' id='line_1_65' title="bbox 516 3575 2110 3648; baseline 0 -17"><span class='ocrx_word' id='word_1_510' title='bbox 516 3575 850 3646; x_wconf 68' lang='lat' dir='ltr'><strong>texberuut,</strong></span> <span class='ocrx_word' id='word_1_511' title='bbox 907 3595 1044 3648; x_wconf 78' lang='lat' dir='ltr'><strong>quos</strong></span> <span class='ocrx_word' id='word_1_512' title='bbox 1101 3575 1234 3632; x_wconf 90' lang='lat' dir='ltr'><strong>nulli</strong></span> <span class='ocrx_word' id='word_1_513' title='bbox 1292 3575 1473 3648; x_wconf 77' lang='lat' dir='ltr'><strong>libri,</strong></span> <span class='ocrx_word' id='word_1_514' title='bbox 1519 3575 1617 3630; x_wconf 75' lang='lat' dir='ltr'><strong>Seu</strong></span> <span class='ocrx_word' id='word_1_515' title='bbox 1674 3585 1890 3632; x_wconf 86' lang='lat' dir='ltr'><strong>veteres</strong></span> <span class='ocrx_word' id='word_1_516' title='bbox 1949 3592 2110 3631; x_wconf 88' lang='lat' dir='ltr'><strong>manu</strong></span> 
     </span>
    </p>
   </div>
   <div class='ocr_carea' id='block_1_66' title="bbox 515 3647 2110 3718">
    <p class='ocr_par' dir='ltr' id='par_1_66' title="bbox 515 3647 2110 3718">
     <span class='ocr_line' id='line_1_66' title="bbox 515 3647 2110 3718; baseline 0 -16"><span class='ocrx_word' id='word_1_517' title='bbox 515 3649 753 3715; x_wconf 78' lang='lat' dir='ltr'><strong>exarati,</strong></span> <span class='ocrx_word' id='word_1_518' title='bbox 784 3665 880 3706; x_wconf 88' lang='lat' dir='ltr'><strong>seu</strong></span> <span class='ocrx_word' id='word_1_519' title='bbox 914 3647 1056 3718; x_wconf 27' lang='lat' dir='ltr'><strong>t’vpis</strong></span> <span class='ocrx_word' id='word_1_520' title='bbox 1099 3647 1348 3716; x_wconf 86' lang='lat' dir='ltr'><strong>impressi</strong></span> <span class='ocrx_word' id='word_1_521' title='bbox 1389 3647 1817 3718; x_wconf 71' lang='lat' dir='ltr'><strong>exhibent,aut</strong></span> <span class='ocrx_word' id='word_1_522' title='bbox 1856 3663 2110 3717; x_wconf 82' lang='lat' dir='ltr'><strong>umquam</strong></span> 
     </span>
    </p>
   </div>
   <div class='ocr_carea' id='block_1_67' title="bbox 517 3717 2115 3788">
    <p class='ocr_par' dir='ltr' id='par_1_67' title="bbox 517 3717 2115 3788">
     <span class='ocr_line' id='line_1_67' title="bbox 517 3717 2115 3788; baseline -0.001 -14"><span class='ocrx_word' id='word_1_523' title='bbox 517 3719 904 3786; x_wconf 77' lang='lat' dir='ltr'><strong>esbibuerunt,</strong></span> <span class='ocrx_word' id='word_1_524' title='bbox 936 3717 994 3775; x_wconf 82' lang='lat' dir='ltr'><strong>ut</strong></span> <span class='ocrx_word' id='word_1_525' title='bbox 1024 3736 1091 3775; x_wconf 86' lang='lat' dir='ltr'><strong>ex</strong></span> <span class='ocrx_word' id='word_1_526' title='bbox 1121 3723 1384 3785; x_wconf 81' lang='lat' dir='ltr'><strong>locorum,</strong></span> <span class='ocrx_word' id='word_1_527' title='bbox 1420 3733 1560 3788; x_wconf 87' lang='lat' dir='ltr'><strong>quos</strong></span> <span class='ocrx_word' id='word_1_528' title='bbox 1590 3717 1949 3782; x_wconf 89' lang='lat' dir='ltr'><strong>laudavimus,</strong></span> <span class='ocrx_word' id='word_1_529' title='bbox 1982 3733 2115 3772; x_wconf 89' lang='lat' dir='ltr'><strong>con-</strong></span> 
     </span>
    </p>
   </div>
   <div class='ocr_carea' id='block_1_68' title="bbox 519 3789 2107 3861">
    <p class='ocr_par' dir='ltr' id='par_1_68' title="bbox 519 3789 2107 3861">
     <span class='ocr_line' id='line_1_68' title="bbox 519 3789 2107 3861; baseline 0.001 -18"><span class='ocrx_word' id='word_1_530' title='bbox 519 3799 668 3844; x_wconf 77' lang='lat' dir='ltr'><strong>textu</strong></span> <span class='ocrx_word' id='word_1_531' title='bbox 699 3801 956 3861; x_wconf 83' lang='lat' dir='ltr'><strong>apparet:</strong></span> <span class='ocrx_word' id='word_1_532' title='bbox 990 3791 1223 3846; x_wconf 75' lang='lat' dir='ltr'><strong>maxime</strong></span> <span class='ocrx_word' id='word_1_533' title='bbox 1247 3800 1429 3845; x_wconf 90' lang='lat' dir='ltr'><strong>autem</strong></span> <span class='ocrx_word' id='word_1_534' title='bbox 1455 3790 1636 3857; x_wconf 89' lang='lat' dir='ltr'><strong>hujus,</strong></span> <span class='ocrx_word' id='word_1_535' title='bbox 1664 3789 1754 3843; x_wconf 89' lang='lat' dir='ltr'><strong>ubi</strong></span> <span class='ocrx_word' id='word_1_536' title='bbox 1783 3790 2107 3851; x_wconf 67' lang='lat' dir='ltr'><strong>dictator-ite,</strong></span> 
     </span>
    </p>
   </div>
   <div class='ocr_carea' id='block_1_69' title="bbox 518 3861 2112 3930">
    <p class='ocr_par' dir='ltr' id='par_1_69' title="bbox 518 3861 2112 3930">
     <span class='ocr_line' id='line_1_69' title="bbox 518 3861 2112 3930; baseline 0 -16"><span class='ocrx_word' id='word_1_537' title='bbox 518 3870 574 3916; x_wconf 90' lang='lat' dir='ltr'><strong>et</strong></span> <span class='ocrx_word' id='word_1_538' title='bbox 626 3863 930 3919; x_wconf 85' lang='lat' dir='ltr'><strong>consularis</strong></span> <span class='ocrx_word' id='word_1_539' title='bbox 982 3862 1469 3917; x_wconf 84' lang='lat' dir='ltr'><strong>administrationis</strong></span> <span class='ocrx_word' id='word_1_540' title='bbox 1520 3869 1803 3927; x_wconf 88' lang='lat' dir='ltr'><strong>tempora,</strong></span> <span class='ocrx_word' id='word_1_541' title='bbox 1861 3876 1967 3914; x_wconf 88' lang='lat' dir='ltr'><strong>non</strong></span> <span class='ocrx_word' id='word_1_542' title='bbox 2010 3861 2112 3930; x_wconf 89' lang='lat' dir='ltr'><strong>ipsi</strong></span> 
     </span>
    </p>
   </div>
   <div class='ocr_carea' id='block_1_70' title="bbox 517 3931 2115 4002">
    <p class='ocr_par' dir='ltr' id='par_1_70' title="bbox 517 3931 2115 4002">
     <span class='ocr_line' id='line_1_70' title="bbox 517 3931 2115 4002; baseline 0 -17"><span class='ocrx_word' id='word_1_543' title='bbox 517 3931 812 4002; x_wconf 81' lang='lat' dir='ltr'><strong>dietatores</strong></span> <span class='ocrx_word' id='word_1_544' title='bbox 839 3943 896 3987; x_wconf 91' lang='lat' dir='ltr'><strong>ct</strong></span> <span class='ocrx_word' id='word_1_545' title='bbox 931 3934 1189 4002; x_wconf 80' lang='lat' dir='ltr'><strong>(&#39;OtISlllcS</strong></span> <span class='ocrx_word' id='word_1_546' title='bbox 1216 3933 1541 4002; x_wconf 70' lang='lat' dir='ltr'><strong>denotantur</strong></span> <span class='ocrx_word' id='word_1_547' title='bbox 1576 3947 1943 4002; x_wconf 85' lang='lat' dir='ltr'><strong>:merumquc</strong></span> <span class='ocrx_word' id='word_1_548' title='bbox 1983 3934 2115 3986; x_wconf 87' lang='lat' dir='ltr'><strong>Sea-</strong></span> 
     </span>
    </p>
   </div>
   <div class='ocr_carea' id='block_1_71' title="bbox 513 4000 2114 4072">
    <p class='ocr_par' dir='ltr' id='par_1_71' title="bbox 513 4000 2114 4072">
     <span class='ocr_line' id='line_1_71' title="bbox 513 4000 2114 4072; baseline 0.002 -17"><span class='ocrx_word' id='word_1_549' title='bbox 513 4001 675 4070; x_wconf 78' lang='lat' dir='ltr'><strong>ligeri</strong></span> <span class='ocrx_word' id='word_1_550' title='bbox 707 4005 981 4058; x_wconf 87' lang='lat' dir='ltr'><strong>somnium</strong></span> <span class='ocrx_word' id='word_1_551' title='bbox 1019 4013 1132 4068; x_wconf 90' lang='lat' dir='ltr'><strong>est,</strong></span> <span class='ocrx_word' id='word_1_552' title='bbox 1175 4001 1342 4056; x_wconf 86' lang='lat' dir='ltr'><strong>luisse</strong></span> <span class='ocrx_word' id='word_1_553' title='bbox 1381 4000 1504 4055; x_wconf 89' lang='lat' dir='ltr'><strong>illos</strong></span> <span class='ocrx_word' id='word_1_554' title='bbox 1541 4016 1571 4054; x_wconf 79' lang='grc' dir='ltr'><strong>ιι</strong></span> <span class='ocrx_word' id='word_1_555' title='bbox 1609 4000 2114 4072; x_wconf 63' lang='grc' dir='ltr'>ιίιιτιιτίἰεέιριιιια-</span> 
     </span>
    </p>
   </div>
   <div class='ocr_carea' id='block_1_72' title="bbox 519 4081 626 4126">
    <p class='ocr_par' dir='ltr' id='par_1_72' title="bbox 519 4081 626 4126">
     <span class='ocr_line' id='line_1_72' title="bbox 519 4081 626 4126; baseline 0 0"><span class='ocrx_word' id='word_1_556' title='bbox 519 4081 626 4126; x_wconf 88' lang='lat' dir='ltr'><strong>tos.</strong></span> 
     </span>
    </p>
   </div>
   <div class='ocr_carea' id='block_1_73' title="bbox 595 4141 2114 4215">
    <p class='ocr_par' dir='ltr' id='par_1_73' title="bbox 595 4141 2114 4215">
     <span class='ocr_line' id='line_1_73' title="bbox 595 4141 2114 4215; baseline 0 -17"><span class='ocrx_word' id='word_1_557' title='bbox 595 4151 618 4215; x_wconf 55' lang='grc' dir='ltr'>ἐ</span> <span class='ocrx_word' id='word_1_558' title='bbox 649 4142 1006 4198; x_wconf 81' lang='lat' dir='ltr'><strong>Eniendatum</strong></span> <span class='ocrx_word' id='word_1_559' title='bbox 1037 4159 1066 4198; x_wconf 91' lang='lat' dir='ltr'><strong>a</strong></span> <span class='ocrx_word' id='word_1_560' title='bbox 1092 4143 1372 4214; x_wconf 80' lang='lat' dir='ltr'><strong>Scaligero</strong></span> <span class='ocrx_word' id='word_1_561' title='bbox 1392 4151 1476 4197; x_wconf 87' lang='lat' dir='ltr'><strong>est</strong></span> <span class='ocrx_word' id='word_1_562' title='bbox 1505 4141 1556 4215; x_wconf 88' lang='lat' dir='ltr'><strong>in</strong></span> <span class='ocrx_word' id='word_1_563' title='bbox 1590 4150 1741 4197; x_wconf 89' lang='lat' dir='ltr'><strong>recto</strong></span> <span class='ocrx_word' id='word_1_564' title='bbox 1772 4141 2114 4215; x_wconf 70' lang='lat' dir='ltr'><strong>historiogra-</strong></span> 
     </span>
    </p>
   </div>
   <div class='ocr_carea' id='block_1_74' title="bbox 521 4211 2115 4284">
    <p class='ocr_par' dir='ltr' id='par_1_74' title="bbox 521 4211 2115 4284">
     <span class='ocr_line' id='line_1_74' title="bbox 521 4211 2115 4284; baseline 0.004 -20"><span class='ocrx_word' id='word_1_565' title='bbox 521 4211 643 4281; x_wconf 83' lang='lat' dir='ltr'><strong>phi,</strong></span> <span class='ocrx_word' id='word_1_566' title='bbox 679 4229 812 4269; x_wconf 90' lang='lat' dir='ltr'><strong>mss.</strong></span> <span class='ocrx_word' id='word_1_567' title='bbox 853 4224 1031 4270; x_wconf 88' lang='lat' dir='ltr'><strong>tamen</strong></span> <span class='ocrx_word' id='word_1_568' title='bbox 1076 4215 1142 4269; x_wconf 90' lang='lat' dir='ltr'><strong>ad</strong></span> <span class='ocrx_word' id='word_1_569' title='bbox 1189 4211 1353 4269; x_wconf 78' lang='lat' dir='ltr'><strong>unum</strong></span> <span class='ocrx_word' id='word_1_570' title='bbox 1395 4214 1682 4281; x_wconf 91' lang='lat' dir='ltr'><strong>omnibus,</strong></span> <span class='ocrx_word' id='word_1_571' title='bbox 1712 4214 1801 4284; x_wconf 90' lang='lat' dir='ltr'><strong>qui</strong></span> <span class='ocrx_word' id='word_1_572' title='bbox 1853 4211 2115 4270; x_wconf 82' lang='lat' dir='ltr'><strong>hactenus</strong></span> 
     </span>
    </p>
   </div>
   <div class='ocr_carea' id='block_1_75' title="bbox 522 4285 2115 4353">
    <p class='ocr_par' dir='ltr' id='par_1_75' title="bbox 522 4285 2115 4353">
     <span class='ocr_line' id='line_1_75' title="bbox 522 4285 2115 4353; baseline 0.001 -13"><span class='ocrx_word' id='word_1_573' title='bbox 522 4285 899 4351; x_wconf 83' lang='lat' dir='ltr'><strong>innatuerunt,</strong></span> <span class='ocrx_word' id='word_1_574' title='bbox 928 4287 1448 4342; x_wconf 64' lang='lat' dir='ltr'><strong>contradicentibus.</strong></span> <span class='ocrx_word' id='word_1_575' title='bbox 1492 4285 1720 4353; x_wconf 82' lang='lat' dir='ltr'><strong>Conjicit</strong></span> <span class='ocrx_word' id='word_1_576' title='bbox 1750 4300 1877 4340; x_wconf 87' lang='lat' dir='ltr'><strong>vero</strong></span> <span class='ocrx_word' id='word_1_577' title='bbox 1903 4286 2115 4341; x_wconf 91' lang='lat' dir='ltr'><strong>erudite</strong></span> 
     </span>
    </p>
   </div>
   <div class='ocr_carea' id='block_1_76' title="bbox 524 4355 2114 4426">
    <p class='ocr_par' dir='ltr' id='par_1_76' title="bbox 524 4355 2114 4426">
     <span class='ocr_line' id='line_1_76' title="bbox 524 4355 2114 4426; baseline -0.001 -12"><span class='ocrx_word' id='word_1_578' title='bbox 524 4357 1031 4424; x_wconf 86' lang='lat' dir='ltr'><strong>Sehnrzlleisehins,</strong></span> <span class='ocrx_word' id='word_1_579' title='bbox 1051 4359 1314 4426; x_wconf 87' lang='lat' dir='ltr'><strong>scriptum</strong></span> <span class='ocrx_word' id='word_1_580' title='bbox 1344 4357 1550 4425; x_wconf 91' lang='lat' dir='ltr'><strong>pridem</strong></span> <span class='ocrx_word' id='word_1_581' title='bbox 1577 4355 1659 4411; x_wconf 85' lang='lat' dir='ltr'><strong>vel</strong></span> <span class='ocrx_word' id='word_1_582' title='bbox 1689 4355 1894 4411; x_wconf 75' lang='lat' dir='ltr'><strong>Crtecis</strong></span> <span class='ocrx_word' id='word_1_583' title='bbox 1919 4356 2114 4412; x_wconf 90' lang='lat' dir='ltr'><strong>litteris</strong></span> 
     </span>
    </p>
   </div>
   <div class='ocr_carea' id='block_1_77' title="bbox 524 4427 2112 4503">
    <p class='ocr_par' dir='ltr' id='par_1_77' title="bbox 524 4427 2112 4503">
     <span class='ocr_line' id='line_1_77' title="bbox 524 4427 2112 4503; baseline 0 -21"><span class='ocrx_word' id='word_1_584' title='bbox 524 4429 926 4503; x_wconf 67' lang='grc' dir='ltr'><strong>ἱστοριογράφᾳι,</strong></span> <span class='ocrx_word' id='word_1_585' title='bbox 948 4431 1026 4483; x_wconf 88' lang='lat' dir='ltr'><strong>vel</strong></span> <span class='ocrx_word' id='word_1_586' title='bbox 1049 4428 1211 4503; x_wconf 59' lang='lat' dir='ltr'><strong>etiam</strong></span> <span class='ocrx_word' id='word_1_587' title='bbox 1242 4428 1468 4491; x_wconf 75' lang='lat' dir='ltr'><strong>Latinis,</strong></span> <span class='ocrx_word' id='word_1_588' title='bbox 1489 4427 1957 4503; x_wconf 76' lang='lat' dir='ltr'><strong>ltistoriograpltos,</strong></span> <span class='ocrx_word' id='word_1_589' title='bbox 1976 4443 2112 4496; x_wconf 81' lang='lat' dir='ltr'><strong>quo-</strong></span> 
     </span>
    </p>
   </div>
   <div class='ocr_carea' id='block_1_78' title="bbox 525 4497 2113 4566">
    <p class='ocr_par' dir='ltr' id='par_1_78' title="bbox 525 4497 2113 4566">
     <span class='ocr_line' id='line_1_78' title="bbox 525 4497 2113 4566; baseline 0.005 -20"><span class='ocrx_word' id='word_1_590' title='bbox 525 4497 686 4554; x_wconf 66' lang='lat' dir='ltr'><strong>molli)</strong></span> <span class='ocrx_word' id='word_1_591' title='bbox 703 4497 843 4566; x_wconf 52' lang='lat' dir='ltr'><strong>apud</strong></span> <span class='ocrx_word' id='word_1_592' title='bbox 868 4502 1114 4553; x_wconf 83' lang='lat' dir='ltr'><strong>l’laulum</strong></span> <span class='ocrx_word' id='word_1_593' title='bbox 1143 4500 1294 4554; x_wconf 74' lang='grc' dir='ltr'>Ρωιι.</span> <span class='ocrx_word' id='word_1_594' title='bbox 1313 4507 1418 4552; x_wconf 90' lang='lat' dir='ltr'><strong>act.</strong></span> <span class='ocrx_word' id='word_1_595' title='bbox 1445 4508 1498 4551; x_wconf 87' lang='lat' dir='ltr'><strong>et</strong></span> <span class='ocrx_word' id='word_1_596' title='bbox 1523 4514 1601 4551; x_wconf 76' lang='lat' dir='ltr'><strong>SC.</strong></span> <span class='ocrx_word' id='word_1_597' title='bbox 1633 4499 1682 4556; x_wconf 84' lang='grc'><strong>1.</strong></span> <span class='ocrx_word' id='word_1_598' title='bbox 1706 4497 1862 4564; x_wconf 77' lang='lat' dir='ltr'><strong>leroe,</strong></span> <span class='ocrx_word' id='word_1_599' title='bbox 1888 4497 2028 4553; x_wconf 86' lang='lat' dir='ltr'><strong>leroe</strong></span> <span class='ocrx_word' id='word_1_600' title='bbox 2046 4515 2113 4554; x_wconf 80' lang='lat' dir='ltr'><strong>ex</strong></span> 
     </span>
    </p>
   </div>
   <div class='ocr_carea' id='block_1_79' title="bbox 524 4569 2115 4652">
    <p class='ocr_par' dir='ltr' id='par_1_79' title="bbox 524 4569 2115 4652">
     <span class='ocr_line' id='line_1_79' title="bbox 524 4569 2115 4652; baseline 0.002 -29"><span class='ocrx_word' id='word_1_601' title='bbox 524 4569 897 4652; x_wconf 37' lang='lat' dir='ltr'><strong>gnecoiﬁpot,</strong></span> <span class='ocrx_word' id='word_1_602' title='bbox 918 4571 1060 4646; x_wconf 80' lang='grc' dir='ltr'><strong>λῆροι</strong></span> <span class='ocrx_word' id='word_1_603' title='bbox 1083 4580 1358 4652; x_wconf 64' lang='lat' dir='ltr'><strong>exuratur,</strong></span> <span class='ocrx_word' id='word_1_604' title='bbox 1391 4571 1620 4638; x_wconf 87' lang='lat' dir='ltr'><strong>indeque</strong></span> <span class='ocrx_word' id='word_1_605' title='bbox 1645 4581 1828 4652; x_wconf 76' lang='lat' dir='ltr'><strong>postea</strong></span> <span class='ocrx_word' id='word_1_606' title='bbox 1844 4570 2115 4652; x_wconf 69' lang='lat' dir='ltr'><strong>lectionis</strong></span> 
     </span>
    </p>
   </div>
   <div class='ocr_carea' id='block_1_80' title="bbox 525 4639 2196 4736">
    <p class='ocr_par' dir='ltr' id='par_1_80' title="bbox 525 4639 2196 4736">
     <span class='ocr_line' id='line_1_80' title="bbox 525 4639 2196 4736; baseline 0.002 -42"><span class='ocrx_word' id='word_1_607' title='bbox 525 4641 656 4736; x_wconf 72' lang='lat' dir='ltr'><strong>illud</strong></span> <span class='ocrx_word' id='word_1_608' title='bbox 681 4639 865 4695; x_wconf 88' lang='lat' dir='ltr'><strong>vitium</strong></span> <span class='ocrx_word' id='word_1_609' title='bbox 889 4639 1194 4736; x_wconf 45' lang='lat' dir='ltr'><strong>ei‘nimasse.</strong></span> <span class='ocrx_word' id='word_1_610' title='bbox 1226 4641 1283 4696; x_wconf 87' lang='lat' dir='ltr'><strong>In</strong></span> <span class='ocrx_word' id='word_1_611' title='bbox 1310 4639 1416 4694; x_wconf 88' lang='lat' dir='ltr'><strong>line</strong></span> <span class='ocrx_word' id='word_1_612' title='bbox 1442 4641 1690 4712; x_wconf 73' lang='lat' dir='ltr'><strong>prooemii</strong></span> <span class='ocrx_word' id='word_1_613' title='bbox 1715 4643 1962 4713; x_wconf 88' lang='lat' dir='ltr'><strong>geminus</strong></span> <span class='ocrx_word' id='word_1_614' title='bbox 1991 4642 2115 4698; x_wconf 90' lang='lat' dir='ltr'><strong>huic</strong></span> <span class='ocrx_word' id='word_1_615' title='bbox 2142 4675 2196 4736; x_wconf 67' lang='grc' dir='ltr'><strong>Β</strong></span> 
     </span>
    </p>
   </div>
   <div class='ocr_carea' id='block_1_81' title="bbox 527 4711 971 4767">
    <p class='ocr_par' dir='ltr' id='par_1_81' title="bbox 527 4711 971 4767">
     <span class='ocr_line' id='line_1_81' title="bbox 527 4711 971 4767; baseline -0.002 0"><span class='ocrx_word' id='word_1_616' title='bbox 527 4715 682 4767; x_wconf 87' lang='lat' dir='ltr'><strong>locus</strong></span> <span class='ocrx_word' id='word_1_617' title='bbox 713 4711 971 4767; x_wconf 90' lang='lat' dir='ltr'><strong>occurrit.</strong></span> 
     </span>
    </p>
   </div>
   <div class='ocr_carea' id='block_1_82' title="bbox 599 4782 2118 4854">
    <p class='ocr_par' dir='ltr' id='par_1_82' title="bbox 599 4782 2118 4854">
     <span class='ocr_line' id='line_1_82' title="bbox 599 4782 2118 4854; baseline -0.001 -14"><span class='ocrx_word' id='word_1_618' title='bbox 599 4782 626 4823; x_wconf 73' lang='grc' dir='ltr'><strong>ι’</strong></span> <span class='ocrx_word' id='word_1_619' title='bbox 655 4782 801 4840; x_wconf 86' lang='lat' dir='ltr'><strong>Nihil</strong></span> <span class='ocrx_word' id='word_1_620' title='bbox 832 4785 1011 4840; x_wconf 86' lang='lat' dir='ltr'><strong>simile</strong></span> <span class='ocrx_word' id='word_1_621' title='bbox 1038 4791 1326 4839; x_wconf 86' lang='lat' dir='ltr'><strong>tractatum</strong></span> <span class='ocrx_word' id='word_1_622' title='bbox 1353 4784 1590 4853; x_wconf 79' lang='lat' dir='ltr'><strong>superius</strong></span> <span class='ocrx_word' id='word_1_623' title='bbox 1617 4791 1701 4837; x_wconf 85' lang='lat' dir='ltr'><strong>est</strong></span> <span class='ocrx_word' id='word_1_624' title='bbox 1721 4828 1734 4848; x_wconf 88' lang='lat'><strong>,</strong></span> <span class='ocrx_word' id='word_1_625' title='bbox 1769 4798 1942 4854; x_wconf 89' lang='lat' dir='ltr'><strong>neque</strong></span> <span class='ocrx_word' id='word_1_626' title='bbox 1971 4783 2118 4838; x_wconf 90' lang='lat' dir='ltr'><strong>enim</strong></span> 
     </span>
    </p>
   </div>
   <div class='ocr_carea' id='block_1_83' title="bbox 527 4854 2120 4925">
    <p class='ocr_par' dir='ltr' id='par_1_83' title="bbox 527 4854 2120 4925">
     <span class='ocr_line' id='line_1_83' title="bbox 527 4854 2120 4925; baseline 0.001 -18"><span class='ocrx_word' id='word_1_627' title='bbox 527 4855 670 4910; x_wconf 88' lang='lat' dir='ltr'><strong>aliud</strong></span> <span class='ocrx_word' id='word_1_628' title='bbox 701 4870 861 4925; x_wconf 86' lang='lat' dir='ltr'><strong>quam</strong></span> <span class='ocrx_word' id='word_1_629' title='bbox 890 4854 1135 4920; x_wconf 72' lang='lat' dir='ltr'><strong>praefatio</strong></span> <span class='ocrx_word' id='word_1_630' title='bbox 1163 4856 1437 4920; x_wconf 68' lang='lat' dir='ltr'><strong>pra&#39;cedit.</strong></span> <span class='ocrx_word' id='word_1_631' title='bbox 1462 4855 1593 4910; x_wconf 82' lang='lat' dir='ltr'><strong>Jure</strong></span> <span class='ocrx_word' id='word_1_632' title='bbox 1622 4855 1758 4908; x_wconf 89' lang='lat' dir='ltr'><strong>adeo</strong></span> <span class='ocrx_word' id='word_1_633' title='bbox 1790 4855 2120 4923; x_wconf 88' lang='lat' dir='ltr'><strong>tritnnphare</strong></span> 
     </span>
    </p>
   </div>
   <div class='ocr_carea' id='block_1_84' title="bbox 527 4926 2121 4997">
    <p class='ocr_par' dir='ltr' id='par_1_84' title="bbox 527 4926 2121 4997">
     <span class='ocr_line' id='line_1_84' title="bbox 527 4926 2121 4997; baseline 0.001 -18"><span class='ocrx_word' id='word_1_634' title='bbox 527 4929 676 4983; x_wconf 87' lang='lat' dir='ltr'><strong>visus</strong></span> <span class='ocrx_word' id='word_1_635' title='bbox 705 4936 791 4982; x_wconf 89' lang='lat' dir='ltr'><strong>est</strong></span> <span class='ocrx_word' id='word_1_636' title='bbox 816 4927 1076 4997; x_wconf 86' lang='lat' dir='ltr'><strong>Scaliger,</strong></span> <span class='ocrx_word' id='word_1_637' title='bbox 1097 4927 1187 4996; x_wconf 90' lang='lat' dir='ltr'><strong>qui</strong></span> <span class='ocrx_word' id='word_1_638' title='bbox 1221 4927 1386 4980; x_wconf 87' lang='lat' dir='ltr'><strong>multa</strong></span> <span class='ocrx_word' id='word_1_639' title='bbox 1422 4927 1545 4979; x_wconf 83' lang='lat' dir='ltr'><strong>hinc.</strong></span> <span class='ocrx_word' id='word_1_640' title='bbox 1579 4926 1823 4997; x_wconf 82' lang='lat' dir='ltr'><strong>periisse,</strong></span> <span class='ocrx_word' id='word_1_641' title='bbox 1854 4929 2017 4979; x_wconf 88' lang='lat' dir='ltr'><strong>immo</strong></span> <span class='ocrx_word' id='word_1_642' title='bbox 2040 4935 2121 4980; x_wconf 79' lang='lat' dir='ltr'><strong>to-</strong></span> 
     </span>
    </p>
   </div>
   <div class='ocr_carea' id='block_1_85' title="bbox 529 4995 2122 5067">
    <p class='ocr_par' dir='ltr' id='par_1_85' title="bbox 529 4995 2122 5067">
     <span class='ocr_line' id='line_1_85' title="bbox 529 4995 2122 5067; baseline 0.001 -17"><span class='ocrx_word' id='word_1_643' title='bbox 529 5005 638 5052; x_wconf 88' lang='lat' dir='ltr'><strong>tum</strong></span> <span class='ocrx_word' id='word_1_644' title='bbox 680 5002 788 5052; x_wconf 84' lang='lat' dir='ltr'><strong>lere</strong></span> <span class='ocrx_word' id='word_1_645' title='bbox 819 4995 1051 5067; x_wconf 83' lang='lat' dir='ltr'><strong>priorem</strong></span> <span class='ocrx_word' id='word_1_646' title='bbox 1091 4995 1285 5051; x_wconf 85' lang='lat' dir='ltr'><strong>librum</strong></span> <span class='ocrx_word' id='word_1_647' title='bbox 1325 4997 1619 5052; x_wconf 83' lang='lat' dir='ltr'><strong>contendit.</strong></span> <span class='ocrx_word' id='word_1_648' title='bbox 1664 4995 1769 5050; x_wconf 82' lang='lat' dir='ltr'><strong>Nos</strong></span> <span class='ocrx_word' id='word_1_649' title='bbox 1807 5012 1929 5050; x_wconf 91' lang='lat' dir='ltr'><strong>cum</strong></span> <span class='ocrx_word' id='word_1_650' title='bbox 1957 4997 2122 5051; x_wconf 74' lang='lat' dir='ltr'><strong>cet-tis</strong></span> 
     </span>
    </p>
   </div>
   <div class='ocr_carea' id='block_1_86' title="bbox 528 5067 2115 5137">
    <p class='ocr_par' dir='ltr' id='par_1_86' title="bbox 528 5067 2115 5137">
     <span class='ocr_line' id='line_1_86' title="bbox 528 5067 2115 5137; baseline 0 -15"><span class='ocrx_word' id='word_1_651' title='bbox 528 5078 683 5125; x_wconf 87' lang='lat' dir='ltr'><strong>antea</strong></span> <span class='ocrx_word' id='word_1_652' title='bbox 722 5069 1058 5136; x_wconf 76' lang='lat' dir='ltr'><strong>argumentis</strong></span> <span class='ocrx_word' id='word_1_653' title='bbox 1084 5069 1482 5125; x_wconf 80' lang='lat' dir='ltr'><strong>ostenderimus</strong></span> <span class='ocrx_word' id='word_1_654' title='bbox 1521 5077 1707 5122; x_wconf 75' lang='lat' dir='ltr'><strong>contra</strong></span> <span class='ocrx_word' id='word_1_655' title='bbox 1746 5067 2115 5137; x_wconf 83' lang='lat' dir='ltr'><strong>Sealigerum,</strong></span> 
     </span>
    </p>
   </div>
   <div class='ocr_carea' id='block_1_87' title="bbox 531 5138 2116 5209">
    <p class='ocr_par' dir='ltr' id='par_1_87' title="bbox 531 5138 2116 5209">
     <span class='ocr_line' id='line_1_87' title="bbox 531 5138 2116 5209; baseline 0 -17"><span class='ocrx_word' id='word_1_656' title='bbox 531 5141 746 5194; x_wconf 90' lang='lat' dir='ltr'><strong>unicum</strong></span> <span class='ocrx_word' id='word_1_657' title='bbox 767 5156 888 5197; x_wconf 88' lang='lat' dir='ltr'><strong>esse</strong></span> <span class='ocrx_word' id='word_1_658' title='bbox 904 5142 973 5194; x_wconf 91' lang='lat' dir='ltr'><strong>ab</strong></span> <span class='ocrx_word' id='word_1_659' title='bbox 991 5142 1227 5196; x_wconf 84' lang='lat' dir='ltr'><strong>Eusebio</strong></span> <span class='ocrx_word' id='word_1_660' title='bbox 1244 5142 1607 5209; x_wconf 81' lang='lat' dir='ltr'><strong>conscriptum</strong></span> <span class='ocrx_word' id='word_1_661' title='bbox 1622 5138 1874 5195; x_wconf 87' lang='lat' dir='ltr'><strong>Cbroniei</strong></span> <span class='ocrx_word' id='word_1_662' title='bbox 1895 5141 2116 5206; x_wconf 89' lang='lat' dir='ltr'><strong>librtun,</strong></span> 
     </span>
    </p>
   </div>
   <div class='ocr_carea' id='block_1_88' title="bbox 533 5209 2118 5281">
    <p class='ocr_par' dir='ltr' id='par_1_88' title="bbox 533 5209 2118 5281">
     <span class='ocr_line' id='line_1_88' title="bbox 533 5209 2118 5281; baseline -0.001 -18"><span class='ocrx_word' id='word_1_663' title='bbox 533 5225 631 5264; x_wconf 92' lang='lat' dir='ltr'><strong>nec</strong></span> <span class='ocrx_word' id='word_1_664' title='bbox 653 5250 667 5274; x_wconf 94' lang='lat'><strong>,</strong></span> <span class='ocrx_word' id='word_1_665' title='bbox 695 5226 829 5279; x_wconf 84' lang='lat' dir='ltr'><strong>quas</strong></span> <span class='ocrx_word' id='word_1_666' title='bbox 855 5213 944 5267; x_wconf 88' lang='lat' dir='ltr'><strong>ille</strong></span> <span class='ocrx_word' id='word_1_667' title='bbox 973 5219 1154 5281; x_wconf 88' lang='lat' dir='ltr'><strong>putat,</strong></span> <span class='ocrx_word' id='word_1_668' title='bbox 1185 5220 1368 5281; x_wconf 85' lang='lat' dir='ltr'><strong>partes</strong></span> <span class='ocrx_word' id='word_1_669' title='bbox 1394 5210 1694 5274; x_wconf 74' lang='lat' dir='ltr'><strong>excidisse,</strong></span> <span class='ocrx_word' id='word_1_670' title='bbox 1731 5210 1806 5281; x_wconf 73' lang='lat' dir='ltr'><strong>ita</strong></span> <span class='ocrx_word' id='word_1_671' title='bbox 1839 5209 1952 5264; x_wconf 71' lang='lat' dir='ltr'><strong>haec</strong></span> <span class='ocrx_word' id='word_1_672' title='bbox 1977 5214 2118 5264; x_wconf 78' lang='lat' dir='ltr'><strong>acci—</strong></span> 
     </span>
    </p>
   </div>
   <div class='ocr_carea' id='block_1_89' title="bbox 532 5280 2116 5351">
    <p class='ocr_par' dir='ltr' id='par_1_89' title="bbox 532 5280 2116 5351">
     <span class='ocr_line' id='line_1_89' title="bbox 532 5280 2116 5351; baseline 0 -17"><span class='ocrx_word' id='word_1_673' title='bbox 532 5282 741 5348; x_wconf 87' lang='lat' dir='ltr'><strong>pimus.</strong></span> <span class='ocrx_word' id='word_1_674' title='bbox 772 5297 838 5336; x_wconf 87' lang='lat' dir='ltr'><strong>ac</strong></span> <span class='ocrx_word' id='word_1_675' title='bbox 877 5280 1039 5348; x_wconf 75' lang='lat' dir='ltr'><strong>porro</strong></span> <span class='ocrx_word' id='word_1_676' title='bbox 1077 5281 1246 5351; x_wconf 86' lang='lat' dir='ltr'><strong>accipi</strong></span> <span class='ocrx_word' id='word_1_677' title='bbox 1289 5280 1494 5334; x_wconf 88' lang='lat' dir='ltr'><strong>debere</strong></span> <span class='ocrx_word' id='word_1_678' title='bbox 1515 5280 1894 5334; x_wconf 88' lang='lat' dir='ltr'><strong>contendimus</strong></span> <span class='ocrx_word' id='word_1_679' title='bbox 1923 5283 2081 5334; x_wconf 84' lang='lat' dir='ltr'><strong>verba</strong></span> <span class='ocrx_word' id='word_1_680' title='bbox 2101 5323 2116 5347; x_wconf 92' lang='lat'><strong>,</strong></span> 
     </span>
    </p>
   </div>
   <div class='ocr_carea' id='block_1_90' title="bbox 533 5351 2120 5424">
    <p class='ocr_par' dir='ltr' id='par_1_90' title="bbox 533 5351 2120 5424">
     <span class='ocr_line' id='line_1_90' title="bbox 533 5351 2120 5424; baseline 0.001 -20"><span class='ocrx_word' id='word_1_681' title='bbox 533 5367 594 5406; x_wconf 82' lang='lat' dir='ltr'><strong>ac</strong></span> <span class='ocrx_word' id='word_1_682' title='bbox 620 5353 667 5424; x_wconf 84' lang='lat' dir='ltr'><strong>si</strong></span> <span class='ocrx_word' id='word_1_683' title='bbox 695 5351 944 5424; x_wconf 81' lang='lat' dir='ltr'><strong>dicerent</strong></span> <span class='ocrx_word' id='word_1_684' title='bbox 966 5393 980 5415; x_wconf 95' lang='lat'><strong>,</strong></span> <span class='ocrx_word' id='word_1_685' title='bbox 1005 5371 1106 5424; x_wconf 89' lang='lat' dir='ltr'><strong>quo</strong></span> <span class='ocrx_word' id='word_1_686' title='bbox 1137 5353 1318 5424; x_wconf 56' lang='lat' dir='ltr'><strong>ordine</strong></span> <span class='ocrx_word' id='word_1_687' title='bbox 1343 5366 1514 5405; x_wconf 84' lang='lat' dir='ltr'><strong>rerum</strong></span> <span class='ocrx_word' id='word_1_688' title='bbox 1547 5353 1790 5424; x_wconf 73' lang='lat' dir='ltr'><strong>superius</strong></span> <span class='ocrx_word' id='word_1_689' title='bbox 1809 5359 1991 5424; x_wconf 77' lang='lat' dir='ltr'><strong>,_clc.,</strong></span> <span class='ocrx_word' id='word_1_690' title='bbox 2020 5367 2120 5419; x_wconf 89' lang='lat' dir='ltr'><strong>pro</strong></span> 
     </span>
    </p>
   </div>
   <div class='ocr_carea' id='block_1_91' title="bbox 529 5421 2120 5494">
    <p class='ocr_par' dir='ltr' id='par_1_91' title="bbox 529 5421 2120 5494">
     <span class='ocr_line' id='line_1_91' title="bbox 529 5421 2120 5494; baseline 0.003 -20"><span class='ocrx_word' id='word_1_691' title='bbox 529 5423 670 5494; x_wconf 76' lang='lat' dir='ltr'><strong>quod</strong></span> <span class='ocrx_word' id='word_1_692' title='bbox 693 5439 785 5494; x_wconf 88' lang='lat' dir='ltr'><strong>per</strong></span> <span class='ocrx_word' id='word_1_693' title='bbox 814 5421 1048 5494; x_wconf 78' lang='lat' dir='ltr'><strong>ordinent</strong></span> <span class='ocrx_word' id='word_1_694' title='bbox 1070 5462 1088 5490; x_wconf 92' lang='lat'><strong>,</strong></span> <span class='ocrx_word' id='word_1_695' title='bbox 1120 5435 1227 5478; x_wconf 91' lang='lat' dir='ltr'><strong>etc.</strong></span> <span class='ocrx_word' id='word_1_696' title='bbox 1261 5421 1517 5477; x_wconf 80' lang='lat' dir='ltr'><strong>Fortasse</strong></span> <span class='ocrx_word' id='word_1_697' title='bbox 1542 5422 1704 5476; x_wconf 87' lang='lat' dir='ltr'><strong>etiam</strong></span> <span class='ocrx_word' id='word_1_698' title='bbox 1736 5421 2120 5494; x_wconf 70' lang='lat' dir='ltr'><strong>Latinitextus</strong></span> 
     </span>
    </p>
   </div>
   <div class='ocr_carea' id='block_1_92' title="bbox 532 5491 2119 5564">
    <p class='ocr_par' dir='ltr' id='par_1_92' title="bbox 532 5491 2119 5564">
     <span class='ocr_line' id='line_1_92' title="bbox 532 5491 2119 5564; baseline 0.001 -18"><span class='ocrx_word' id='word_1_699' title='bbox 532 5491 634 5564; x_wconf 77' lang='lat' dir='ltr'><strong>hoc</strong></span> <span class='ocrx_word' id='word_1_700' title='bbox 664 5491 921 5564; x_wconf 84' lang='lat' dir='ltr'><strong>mendum</strong></span> <span class='ocrx_word' id='word_1_701' title='bbox 943 5504 1058 5564; x_wconf 83' lang='lat' dir='ltr'><strong>est,</strong></span> <span class='ocrx_word' id='word_1_702' title='bbox 1085 5495 1227 5564; x_wconf 85' lang='lat' dir='ltr'><strong>quod</strong></span> <span class='ocrx_word' id='word_1_703' title='bbox 1255 5495 1308 5548; x_wconf 89' lang='lat' dir='ltr'><strong>in</strong></span> <span class='ocrx_word' id='word_1_704' title='bbox 1341 5508 1598 5563; x_wconf 83' lang='lat' dir='ltr'><strong>perquam</strong></span> <span class='ocrx_word' id='word_1_705' title='bbox 1630 5494 1790 5564; x_wconf 85' lang='lat' dir='ltr'><strong>simili</strong></span> <span class='ocrx_word' id='word_1_706' title='bbox 1823 5493 2119 5561; x_wconf 82' lang='lat' dir='ltr'><strong>scriptione</strong></span> 
     </span>
    </p>
   </div>
   <div class='ocr_carea' id='block_1_93' title="bbox 533 5563 2120 5634">
    <p class='ocr_par' dir='ltr' id='par_1_93' title="bbox 533 5563 2120 5634">
     <span class='ocr_line' id='line_1_93' title="bbox 533 5563 2120 5634; baseline 0.001 -17"><span class='ocrx_word' id='word_1_707' title='bbox 533 5563 674 5618; x_wconf 81' lang='lat' dir='ltr'><strong>facili</strong></span> <span class='ocrx_word' id='word_1_708' title='bbox 722 5563 978 5620; x_wconf 88' lang='lat' dir='ltr'><strong>librarius</strong></span> <span class='ocrx_word' id='word_1_709' title='bbox 1010 5563 1160 5633; x_wconf 78' lang='lat' dir='ltr'><strong>lapSn</strong></span> <span class='ocrx_word' id='word_1_710' title='bbox 1206 5566 1557 5634; x_wconf 86' lang='lat' dir='ltr'><strong>perpetravit.</strong></span> <span class='ocrx_word' id='word_1_711' title='bbox 1593 5564 1753 5620; x_wconf 87' lang='lat' dir='ltr'><strong>Certe</strong></span> <span class='ocrx_word' id='word_1_712' title='bbox 1778 5563 1881 5620; x_wconf 87' lang='lat' dir='ltr'><strong>huc</strong></span> <span class='ocrx_word' id='word_1_713' title='bbox 1919 5563 2120 5620; x_wconf 83' lang='lat' dir='ltr'><strong>dixisse</strong></span> 
     </span>
    </p>
   </div>
   <div class='ocr_carea' id='block_1_94' title="bbox 532 5634 2115 5705">
    <p class='ocr_par' dir='ltr' id='par_1_94' title="bbox 532 5634 2115 5705">
     <span class='ocr_line' id='line_1_94' title="bbox 532 5634 2115 5705; baseline 0.004 -20"><span class='ocrx_word' id='word_1_714' title='bbox 532 5634 703 5705; x_wconf 82' lang='lat' dir='ltr'><strong>voluit</strong></span> <span class='ocrx_word' id='word_1_715' title='bbox 743 5635 1037 5705; x_wconf 85' lang='lat' dir='ltr'><strong>Eusebius,</strong></span> <span class='ocrx_word' id='word_1_716' title='bbox 1087 5650 1146 5690; x_wconf 88' lang='lat' dir='ltr'><strong>se</strong></span> <span class='ocrx_word' id='word_1_717' title='bbox 1183 5635 1334 5704; x_wconf 79' lang='lat' dir='ltr'><strong>juxta</strong></span> <span class='ocrx_word' id='word_1_718' title='bbox 1367 5651 1525 5704; x_wconf 92' lang='lat' dir='ltr'><strong>quem</strong></span> <span class='ocrx_word' id='word_1_719' title='bbox 1567 5650 1728 5704; x_wconf 86' lang='lat' dir='ltr'><strong>supra</strong></span> <span class='ocrx_word' id='word_1_720' title='bbox 1775 5635 2023 5705; x_wconf 74' lang='lat' dir='ltr'><strong>exposuit</strong></span> <span class='ocrx_word' id='word_1_721' title='bbox 2061 5635 2115 5691; x_wconf 92' lang='lat' dir='ltr'><strong>iu</strong></span> 
     </span>
    </p>
   </div>
   <div class='ocr_carea' id='block_1_95' title="bbox 535 5702 2118 5774">
    <p class='ocr_par' dir='ltr' id='par_1_95' title="bbox 535 5702 2118 5774">
     <span class='ocr_line' id='line_1_95' title="bbox 535 5702 2118 5774; baseline 0.006 -22"><span class='ocrx_word' id='word_1_722' title='bbox 535 5702 851 5770; x_wconf 78' lang='lat' dir='ltr'><strong>pra-latione</strong></span> <span class='ocrx_word' id='word_1_723' title='bbox 899 5703 1141 5774; x_wconf 88' lang='lat' dir='ltr'><strong>ordinem</strong></span> <span class='ocrx_word' id='word_1_724' title='bbox 1182 5702 1264 5772; x_wconf 86' lang='lat' dir='ltr'><strong>(ut</strong></span> <span class='ocrx_word' id='word_1_725' title='bbox 1287 5702 1516 5774; x_wconf 83' lang='lat' dir='ltr'><strong>scilicet</strong></span> <span class='ocrx_word' id='word_1_726' title='bbox 1559 5702 1812 5762; x_wconf 83' lang='lat' dir='ltr'><strong>historica</strong></span> <span class='ocrx_word' id='word_1_727' title='bbox 1846 5702 1990 5760; x_wconf 75' lang='lat' dir='ltr'><strong>laeta</strong></span> <span class='ocrx_word' id='word_1_728' title='bbox 2023 5721 2118 5774; x_wconf 88' lang='lat' dir='ltr'><strong>per</strong></span> 
     </span>
    </p>
   </div>
   <div class='ocr_carea' id='block_1_96' title="bbox 530 5773 2116 5844">
    <p class='ocr_par' dir='ltr' id='par_1_96' title="bbox 530 5773 2116 5844">
     <span class='ocr_line' id='line_1_96' title="bbox 530 5773 2116 5844; baseline 0.002 -15"><span class='ocrx_word' id='word_1_729' title='bbox 530 5787 630 5829; x_wconf 87' lang='lat' dir='ltr'><strong>sua</strong></span> <span class='ocrx_word' id='word_1_730' title='bbox 659 5788 887 5844; x_wconf 72' lang='lat' dir='ltr'><strong>qumque</strong></span> <span class='ocrx_word' id='word_1_731' title='bbox 919 5773 1004 5826; x_wconf 78' lang='lat' dir='ltr'><strong>fila</strong></span> <span class='ocrx_word' id='word_1_732' title='bbox 1028 5775 1090 5827; x_wconf 89' lang='lat' dir='ltr'><strong>ad</strong></span> <span class='ocrx_word' id='word_1_733' title='bbox 1125 5773 1364 5830; x_wconf 84' lang='lat' dir='ltr'><strong>Deeades</strong></span> <span class='ocrx_word' id='word_1_734' title='bbox 1388 5775 1821 5833; x_wconf 81' lang='lat' dir='ltr'><strong>Abrahamiticas</strong></span> <span class='ocrx_word' id='word_1_735' title='bbox 1847 5773 2116 5832; x_wconf 79' lang='lat' dir='ltr'><strong>referren-</strong></span> 
     </span>
    </p>
   </div>
   <div class='ocr_carea' id='block_1_97' title="bbox 2213 3364 3822 3437">
    <p class='ocr_par' dir='ltr' id='par_1_97' title="bbox 2213 3364 3822 3437">
     <span class='ocr_line' id='line_1_97' title="bbox 2213 3364 3822 3437; baseline 0.002 -20"><span class='ocrx_word' id='word_1_736' title='bbox 2213 3364 2312 3437; x_wconf 88' lang='lat' dir='ltr'><strong>ista</strong></span> <span class='ocrx_word' id='word_1_737' title='bbox 2335 3405 2374 3437; x_wconf 85' lang='lat'><strong>,_</strong></span> <span class='ocrx_word' id='word_1_738' title='bbox 2401 3378 2664 3432; x_wconf 85' lang='lat' dir='ltr'><strong>regesque</strong></span> <span class='ocrx_word' id='word_1_739' title='bbox 2703 3364 2976 3437; x_wconf 84' lang='lat' dir='ltr'><strong>gentium,</strong></span> <span class='ocrx_word' id='word_1_740' title='bbox 3007 3373 3062 3419; x_wconf 90' lang='lat' dir='ltr'><strong>et</strong></span> <span class='ocrx_word' id='word_1_741' title='bbox 3090 3365 3472 3437; x_wconf 73' lang='lat' dir='ltr'><strong>successiones</strong></span> <span class='ocrx_word' id='word_1_742' title='bbox 3502 3364 3822 3437; x_wconf 66' lang='lat' dir='ltr'><strong>Regnorum</strong></span> 
     </span>
    </p>
   </div>
   <div class='ocr_carea' id='block_1_98' title="bbox 2216 3435 3820 3505">
    <p class='ocr_par' dir='ltr' id='par_1_98' title="bbox 2216 3435 3820 3505">
     <span class='ocr_line' id='line_1_98' title="bbox 2216 3435 3820 3505; baseline 0.003 -16"><span class='ocrx_word' id='word_1_743' title='bbox 2216 3436 2294 3490; x_wconf 91' lang='lat' dir='ltr'><strong>ire</strong></span> <span class='ocrx_word' id='word_1_744' title='bbox 2324 3435 2632 3504; x_wconf 84' lang='lat' dir='ltr'><strong>digestum,</strong></span> <span class='ocrx_word' id='word_1_745' title='bbox 2661 3435 2939 3505; x_wconf 82' lang='lat' dir='ltr'><strong>scripserit</strong></span> <span class='ocrx_word' id='word_1_746' title='bbox 2971 3443 3255 3505; x_wconf 83' lang='lat' dir='ltr'><strong>propterea</strong></span> <span class='ocrx_word' id='word_1_747' title='bbox 3290 3435 3480 3490; x_wconf 75' lang='lat' dir='ltr'><strong>Grmce</strong></span> <span class='ocrx_word' id='word_1_748' title='bbox 3499 3478 3514 3501; x_wconf 87' lang='lat'><strong>,</strong></span> <span class='ocrx_word' id='word_1_749' title='bbox 3557 3435 3693 3494; x_wconf 71' lang='grc' dir='ltr'>κὰτά</span> <span class='ocrx_word' id='word_1_750' title='bbox 3721 3445 3820 3498; x_wconf 70' lang='grc' dir='ltr'><strong>τήν</strong></span> 
     </span>
    </p>
   </div>
   <div class='ocr_carea' id='block_1_99' title="bbox 2213 3502 3821 3581">
    <p class='ocr_par' dir='ltr' id='par_1_99' title="bbox 2213 3502 3821 3581">
     <span class='ocr_line' id='line_1_99' title="bbox 2213 3502 3821 3581; baseline 0.001 -19"><span class='ocrx_word' id='word_1_751' title='bbox 2213 3514 2312 3562; x_wconf 84' lang='grc' dir='ltr'><strong>τῶν</strong></span> <span class='ocrx_word' id='word_1_752' title='bbox 2331 3502 2651 3581; x_wconf 58' lang='grc' dir='ltr'><strong>πρᾳγμάτωιε</strong></span> <span class='ocrx_word' id='word_1_753' title='bbox 2671 3502 3034 3581; x_wconf 41' lang='grc' dir='ltr'><strong>ἄνωθεν-τάξιν,</strong></span> <span class='ocrx_word' id='word_1_754' title='bbox 3057 3502 3147 3561; x_wconf 78' lang='lat' dir='ltr'><strong>tibi</strong></span> <span class='ocrx_word' id='word_1_755' title='bbox 3165 3506 3304 3568; x_wconf 85' lang='lat' dir='ltr'><strong>illud</strong></span> <span class='ocrx_word' id='word_1_756' title='bbox 3330 3505 3535 3581; x_wconf 66' lang='grc' dir='ltr'><strong>ᾅνωθεν,</strong></span> <span class='ocrx_word' id='word_1_757' title='bbox 3555 3511 3821 3581; x_wconf 80' lang='lat' dir='ltr'><strong>superius,</strong></span> 
     </span>
    </p>
   </div>
   <div class='ocr_carea' id='block_1_100' title="bbox 2216 3575 3828 3660">
    <p class='ocr_par' dir='ltr' id='par_1_100' title="bbox 2216 3575 3828 3660">
     <span class='ocr_line' id='line_1_100' title="bbox 2216 3575 3828 3660; baseline 0.002 -29"><span class='ocrx_word' id='word_1_758' title='bbox 2216 3593 2323 3632; x_wconf 91' lang='lat' dir='ltr'><strong>non</strong></span> <span class='ocrx_word' id='word_1_759' title='bbox 2353 3575 2417 3630; x_wconf 78' lang='lat' dir='ltr'><strong>a&#39;d</strong></span> <span class='ocrx_word' id='word_1_760' title='bbox 2441 3575 2867 3660; x_wconf 51' lang='lat' dir='ltr'><strong>irpaypa&#39;zmv._id</strong></span> <span class='ocrx_word' id='word_1_761' title='bbox 2884 3588 2990 3643; x_wconf 87' lang='lat' dir='ltr'><strong>est,</strong></span> <span class='ocrx_word' id='word_1_762' title='bbox 3023 3593 3218 3660; x_wconf 66' lang='lat' dir='ltr'><strong>reruni,</strong></span> <span class='ocrx_word' id='word_1_763' title='bbox 3253 3577 3348 3633; x_wconf 90' lang='lat' dir='ltr'><strong>sed</strong></span> <span class='ocrx_word' id='word_1_764' title='bbox 3379 3579 3447 3632; x_wconf 90' lang='lat' dir='ltr'><strong>ad</strong></span> <span class='ocrx_word' id='word_1_765' title='bbox 3477 3575 3644 3660; x_wconf 62' lang='grc' dir='ltr'><strong>τάξῃς.</strong></span> <span class='ocrx_word' id='word_1_766' title='bbox 3677 3581 3828 3660; x_wconf 67' lang='lat' dir='ltr'><strong>ordi-</strong></span> 
     </span>
    </p>
   </div>
   <div class='ocr_carea' id='block_1_101' title="bbox 2215 3646 3823 3722">
    <p class='ocr_par' dir='ltr' id='par_1_101' title="bbox 2215 3646 3823 3722">
     <span class='ocr_line' id='line_1_101' title="bbox 2215 3646 3823 3722; baseline 0.002 -22"><span class='ocrx_word' id='word_1_767' title='bbox 2215 3665 2353 3722; x_wconf 82' lang='lat' dir='ltr'><strong>nem,</strong></span> <span class='ocrx_word' id='word_1_768' title='bbox 2382 3646 3026 3722; x_wconf 67' lang='lat' dir='ltr'><strong>relérri&#39;oportebat,__ae</strong></span> <span class='ocrx_word' id='word_1_769' title='bbox 3055 3649 3220 3722; x_wconf 67' lang='lat' dir='ltr'><strong>verti,</strong></span> <span class='ocrx_word' id='word_1_770' title='bbox 3242 3665 3302 3702; x_wconf 86' lang='lat' dir='ltr'><strong>eo</strong></span> <span class='ocrx_word' id='word_1_771' title='bbox 3322 3665 3427 3721; x_wconf 83' lang='lat' dir='ltr'><strong>quo</strong></span> <span class='ocrx_word' id='word_1_772' title='bbox 3451 3653 3691 3722; x_wconf 82' lang='lat' dir='ltr'><strong>superius</strong></span> <span class='ocrx_word' id='word_1_773' title='bbox 3720 3652 3823 3705; x_wconf 83' lang='lat' dir='ltr'><strong>de-</strong></span> 
     </span>
    </p>
   </div>
   <div class='ocr_carea' id='block_1_102' title="bbox 2213 3719 3822 3791">
    <p class='ocr_par' dir='ltr' id='par_1_102' title="bbox 2213 3719 3822 3791">
     <span class='ocr_line' id='line_1_102' title="bbox 2213 3719 3822 3791; baseline 0.002 -19"><span class='ocrx_word' id='word_1_774' title='bbox 2213 3721 2469 3791; x_wconf 73' lang='lat' dir='ltr'><strong>claratum</strong></span> <span class='ocrx_word' id='word_1_775' title='bbox 2495 3728 2593 3791; x_wconf 78' lang='lat' dir='ltr'><strong>est,</strong></span> <span class='ocrx_word' id='word_1_776' title='bbox 2625 3733 2798 3791; x_wconf 78' lang='lat' dir='ltr'><strong>rerum</strong></span> <span class='ocrx_word' id='word_1_777' title='bbox 2827 3719 3030 3791; x_wconf 72' lang='lat' dir='ltr'><strong>ordine.</strong></span> <span class='ocrx_word' id='word_1_778' title='bbox 3060 3719 3262 3776; x_wconf 85' lang='lat' dir='ltr'><strong>Recole</strong></span> <span class='ocrx_word' id='word_1_779' title='bbox 3289 3719 3412 3791; x_wconf 69' lang='lat' dir='ltr'><strong>qum</strong></span> <span class='ocrx_word' id='word_1_780' title='bbox 3438 3731 3494 3775; x_wconf 86' lang='lat' dir='ltr'><strong>et</strong></span> <span class='ocrx_word' id='word_1_781' title='bbox 3517 3719 3622 3776; x_wconf 56' lang='lat' dir='ltr'><strong>&#39;nos</strong></span> <span class='ocrx_word' id='word_1_782' title='bbox 3649 3736 3822 3790; x_wconf 77' lang='lat' dir='ltr'><strong>supra</strong></span> 
     </span>
    </p>
   </div>
   <div class='ocr_carea' id='block_1_103' title="bbox 2214 3788 3826 3863">
    <p class='ocr_par' dir='ltr' id='par_1_103' title="bbox 2214 3788 3826 3863">
     <span class='ocr_line' id='line_1_103' title="bbox 2214 3788 3826 3863; baseline 0.002 -19"><span class='ocrx_word' id='word_1_783' title='bbox 2214 3791 2283 3844; x_wconf 89' lang='lat' dir='ltr'><strong>de</strong></span> <span class='ocrx_word' id='word_1_784' title='bbox 2328 3789 2450 3845; x_wconf 86' lang='lat' dir='ltr'><strong>libri</strong></span> <span class='ocrx_word' id='word_1_785' title='bbox 2492 3788 2653 3858; x_wconf 91' lang='lat' dir='ltr'><strong>hujus</strong></span> <span class='ocrx_word' id='word_1_786' title='bbox 2681 3789 3056 3859; x_wconf 84' lang='lat' dir='ltr'><strong>singularitate</strong></span> <span class='ocrx_word' id='word_1_787' title='bbox 3078 3833 3092 3858; x_wconf 93' lang='lat'><strong>,</strong></span> <span class='ocrx_word' id='word_1_788' title='bbox 3135 3788 3648 3863; x_wconf 42' lang='lat' dir='ltr'><strong>atque’integritate</strong></span> <span class='ocrx_word' id='word_1_789' title='bbox 3676 3788 3826 3848; x_wconf 79' lang='lat' dir='ltr'><strong>dixi-</strong></span> 
     </span>
    </p>
   </div>
   <div class='ocr_carea' id='block_1_104' title="bbox 2218 3877 2358 3916">
    <p class='ocr_par' dir='ltr' id='par_1_104' title="bbox 2218 3877 2358 3916">
     <span class='ocr_line' id='line_1_104' title="bbox 2218 3877 2358 3916; baseline 0 -2"><span class='ocrx_word' id='word_1_790' title='bbox 2218 3877 2358 3916; x_wconf 82' lang='grc'><strong>111118.</strong></span> 
     </span>
    </p>
   </div>
   <div class='ocr_carea' id='block_1_105' title="bbox 2291 3931 3818 4002">
    <p class='ocr_par' dir='ltr' id='par_1_105' title="bbox 2291 3931 3818 4002">
     <span class='ocr_line' id='line_1_105' title="bbox 2291 3931 3818 4002; baseline 0.001 -16"><span class='ocrx_word' id='word_1_791' title='bbox 2291 3943 2312 3972; x_wconf 76' lang='grc' dir='ltr'><strong>ο</strong></span> <span class='ocrx_word' id='word_1_792' title='bbox 2359 3931 2472 3986; x_wconf 84' lang='lat' dir='ltr'><strong>Hoc</strong></span> <span class='ocrx_word' id='word_1_793' title='bbox 2517 3931 2634 4001; x_wconf 91' lang='lat' dir='ltr'><strong>ipso</strong></span> <span class='ocrx_word' id='word_1_794' title='bbox 2677 3931 2885 3988; x_wconf 89' lang='lat' dir='ltr'><strong>scilicet</strong></span> <span class='ocrx_word' id='word_1_795' title='bbox 2925 3947 3070 3998; x_wconf 91' lang='lat' dir='ltr'><strong>uno,</strong></span> <span class='ocrx_word' id='word_1_796' title='bbox 3115 3947 3276 4002; x_wconf 86' lang='lat' dir='ltr'><strong>quem</strong></span> <span class='ocrx_word' id='word_1_797' title='bbox 3321 3932 3590 3988; x_wconf 86' lang='lat' dir='ltr'><strong>Eusebius</strong></span> <span class='ocrx_word' id='word_1_798' title='bbox 3617 3933 3818 3988; x_wconf 86' lang='lat' dir='ltr'><strong>cudit:</strong></span> 
     </span>
    </p>
   </div>
   <div class='ocr_carea' id='block_1_106' title="bbox 2216 4001 3823 4073">
    <p class='ocr_par' dir='ltr' id='par_1_106' title="bbox 2216 4001 3823 4073">
     <span class='ocr_line' id='line_1_106' title="bbox 2216 4001 3823 4073; baseline 0.002 -15"><span class='ocrx_word' id='word_1_799' title='bbox 2216 4001 2458 4073; x_wconf 76' lang='lat' dir='ltr'><strong>Scaliger</strong></span> <span class='ocrx_word' id='word_1_800' title='bbox 2481 4003 2624 4058; x_wconf 90' lang='lat' dir='ltr'><strong>enim</strong></span> <span class='ocrx_word' id='word_1_801' title='bbox 2654 4017 2718 4057; x_wconf 77' lang='lat' dir='ltr'><strong>es</strong></span> <span class='ocrx_word' id='word_1_802' title='bbox 2751 4001 3236 4072; x_wconf 28' lang='lat' dir='ltr'><strong>praecancepta’illa</strong></span> <span class='ocrx_word' id='word_1_803' title='bbox 3261 4004 3541 4072; x_wconf 80' lang='lat' dir='ltr'><strong>Opinione,</strong></span> <span class='ocrx_word' id='word_1_804' title='bbox 3564 4021 3668 4073; x_wconf 91' lang='lat' dir='ltr'><strong>qua</strong></span> <span class='ocrx_word' id='word_1_805' title='bbox 3699 4006 3823 4062; x_wconf 85' lang='lat' dir='ltr'><strong>vult</strong></span> 
     </span>
    </p>
   </div>
   <div class='ocr_carea' id='block_1_107' title="bbox 2215 4072 3819 4145">
    <p class='ocr_par' dir='ltr' id='par_1_107' title="bbox 2215 4072 3819 4145">
     <span class='ocr_line' id='line_1_107' title="bbox 2215 4072 3819 4145; baseline 0.002 -17"><span class='ocrx_word' id='word_1_806' title='bbox 2215 4073 2351 4128; x_wconf 87' lang='lat' dir='ltr'><strong>duos</strong></span> <span class='ocrx_word' id='word_1_807' title='bbox 2377 4072 2550 4145; x_wconf 78' lang='lat' dir='ltr'><strong>fuisse</strong></span> <span class='ocrx_word' id='word_1_808' title='bbox 2575 4074 2642 4128; x_wconf 86' lang='lat' dir='ltr'><strong>ab</strong></span> <span class='ocrx_word' id='word_1_809' title='bbox 2667 4089 2735 4129; x_wconf 91' lang='lat' dir='ltr'><strong>eo</strong></span> <span class='ocrx_word' id='word_1_810' title='bbox 2763 4075 3137 4139; x_wconf 85' lang='lat' dir='ltr'><strong>elucubratas,</strong></span> <span class='ocrx_word' id='word_1_811' title='bbox 3171 4077 3286 4130; x_wconf 74' lang='lat' dir='ltr'><strong>haec</strong></span> <span class='ocrx_word' id='word_1_812' title='bbox 3316 4075 3384 4130; x_wconf 92' lang='lat' dir='ltr'><strong>de</strong></span> <span class='ocrx_word' id='word_1_813' title='bbox 3427 4072 3608 4145; x_wconf 85' lang='lat' dir='ltr'><strong>priore</strong></span> <span class='ocrx_word' id='word_1_814' title='bbox 3648 4075 3819 4132; x_wconf 86' lang='lat' dir='ltr'><strong>Libro</strong></span> 
     </span>
    </p>
   </div>
   <div class='ocr_carea' id='block_1_108' title="bbox 2214 4144 3823 4214">
    <p class='ocr_par' dir='ltr' id='par_1_108' title="bbox 2214 4144 3823 4214">
     <span class='ocr_line' id='line_1_108' title="bbox 2214 4144 3823 4214; baseline 0.002 -16"><span class='ocrx_word' id='word_1_815' title='bbox 2214 4144 2412 4212; x_wconf 89' lang='lat' dir='ltr'><strong>accipit</strong></span> <span class='ocrx_word' id='word_1_816' title='bbox 2436 4185 2451 4208; x_wconf 94' lang='lat'><strong>,</strong></span> <span class='ocrx_word' id='word_1_817' title='bbox 2483 4159 2549 4199; x_wconf 79' lang='lat' dir='ltr'><strong>ex</strong></span> <span class='ocrx_word' id='word_1_818' title='bbox 2591 4160 2700 4214; x_wconf 91' lang='lat' dir='ltr'><strong>quo</strong></span> <span class='ocrx_word' id='word_1_819' title='bbox 2746 4155 2823 4199; x_wconf 90' lang='lat' dir='ltr'><strong>tot</strong></span> <span class='ocrx_word' id='word_1_820' title='bbox 2847 4161 2910 4201; x_wconf 88' lang='lat' dir='ltr'><strong>ac</strong></span> <span class='ocrx_word' id='word_1_821' title='bbox 2937 4156 3082 4201; x_wconf 91' lang='lat' dir='ltr'><strong>tanta</strong></span> <span class='ocrx_word' id='word_1_822' title='bbox 3105 4145 3377 4201; x_wconf 83' lang='lat' dir='ltr'><strong>excidisse</strong></span> <span class='ocrx_word' id='word_1_823' title='bbox 3406 4144 3716 4211; x_wconf 78' lang='lat' dir='ltr'><strong>Contendit,</strong></span> <span class='ocrx_word' id='word_1_824' title='bbox 3753 4163 3823 4202; x_wconf 88' lang='lat' dir='ltr'><strong>ac</strong></span> 
     </span>
    </p>
   </div>
   <div class='ocr_carea' id='block_1_109' title="bbox 2215 4214 3824 4287">
    <p class='ocr_par' dir='ltr' id='par_1_109' title="bbox 2215 4214 3824 4287">
     <span class='ocr_line' id='line_1_109' title="bbox 2215 4214 3824 4287; baseline 0.001 -17"><span class='ocrx_word' id='word_1_825' title='bbox 2215 4214 2519 4287; x_wconf 85' lang='lat' dir='ltr'><strong>supplenda</strong></span> <span class='ocrx_word' id='word_1_826' title='bbox 2557 4228 2722 4282; x_wconf 88' lang='lat' dir='ltr'><strong>porro</strong></span> <span class='ocrx_word' id='word_1_827' title='bbox 2762 4216 2996 4278; x_wconf 88' lang='lat' dir='ltr'><strong>indicat,</strong></span> <span class='ocrx_word' id='word_1_828' title='bbox 3036 4233 3159 4287; x_wconf 78' lang='lat' dir='ltr'><strong>qua:</strong></span> <span class='ocrx_word' id='word_1_829' title='bbox 3202 4232 3302 4270; x_wconf 88' lang='lat' dir='ltr'><strong>suo</strong></span> <span class='ocrx_word' id='word_1_830' title='bbox 3341 4217 3460 4285; x_wconf 88' lang='lat' dir='ltr'><strong>ipse</strong></span> <span class='ocrx_word' id='word_1_831' title='bbox 3507 4217 3677 4273; x_wconf 82' lang='lat' dir='ltr'><strong>Marte</strong></span> <span class='ocrx_word' id='word_1_832' title='bbox 3722 4234 3824 4272; x_wconf 76' lang='lat' dir='ltr'><strong>es-</strong></span> 
     </span>
    </p>
   </div>
   <div class='ocr_carea' id='block_1_110' title="bbox 2215 4286 3820 4358">
    <p class='ocr_par' dir='ltr' id='par_1_110' title="bbox 2215 4286 3820 4358">
     <span class='ocr_line' id='line_1_110' title="bbox 2215 4286 3820 4358; baseline 0.002 -17"><span class='ocrx_word' id='word_1_833' title='bbox 2215 4286 2495 4358; x_wconf 63' lang='lat' dir='ltr'><strong>ctsgitavit.</strong></span> <span class='ocrx_word' id='word_1_834' title='bbox 2523 4287 2765 4358; x_wconf 66' lang='lat' dir='ltr'><strong>illnxpro</strong></span> <span class='ocrx_word' id='word_1_835' title='bbox 2783 4296 2830 4341; x_wconf 89' lang='lat' dir='ltr'><strong>et</strong></span> <span class='ocrx_word' id='word_1_836' title='bbox 2854 4288 2906 4340; x_wconf 84' lang='lat' dir='ltr'><strong>in</strong></span> <span class='ocrx_word' id='word_1_837' title='bbox 2935 4287 3065 4352; x_wconf 80' lang='lat' dir='ltr'><strong>libro</strong></span> <span class='ocrx_word' id='word_1_838' title='bbox 3089 4288 3207 4348; x_wconf 82' lang='lat' dir='ltr'><strong>hoc.</strong></span> <span class='ocrx_word' id='word_1_839' title='bbox 3232 4287 3367 4343; x_wconf 83' lang='lat' dir='ltr'><strong>falso</strong></span> <span class='ocrx_word' id='word_1_840' title='bbox 3391 4288 3519 4357; x_wconf 85' lang='lat' dir='ltr'><strong>legit</strong></span> <span class='ocrx_word' id='word_1_841' title='bbox 3549 4287 3820 4358; x_wconf 82' lang='lat' dir='ltr'><strong>Scaliger,</strong></span> 
     </span>
    </p>
   </div>
   <div class='ocr_carea' id='block_1_111' title="bbox 2217 4355 3822 4428">
    <p class='ocr_par' dir='ltr' id='par_1_111' title="bbox 2217 4355 3822 4428">
     <span class='ocr_line' id='line_1_111' title="bbox 2217 4355 3822 4428; baseline 0.002 -18"><span class='ocrx_word' id='word_1_842' title='bbox 2217 4366 2262 4410; x_wconf 87' lang='lat' dir='ltr'><strong>et</strong></span> <span class='ocrx_word' id='word_1_843' title='bbox 2284 4357 2335 4408; x_wconf 86' lang='lat' dir='ltr'><strong>in</strong></span> <span class='ocrx_word' id='word_1_844' title='bbox 2358 4357 2491 4428; x_wconf 83' lang='lat' dir='ltr'><strong>libro</strong></span> <span class='ocrx_word' id='word_1_845' title='bbox 2519 4355 2743 4426; x_wconf 72' lang='lat' dir='ltr'><strong>Hygini,</strong></span> <span class='ocrx_word' id='word_1_846' title='bbox 2773 4373 2932 4428; x_wconf 87' lang='lat' dir='ltr'><strong>quam</strong></span> <span class='ocrx_word' id='word_1_847' title='bbox 2961 4358 3252 4414; x_wconf 90' lang='lat' dir='ltr'><strong>lectionem</strong></span> <span class='ocrx_word' id='word_1_848' title='bbox 3273 4369 3326 4412; x_wconf 86' lang='lat' dir='ltr'><strong>et</strong></span> <span class='ocrx_word' id='word_1_849' title='bbox 3350 4355 3618 4414; x_wconf 81' lang='lat' dir='ltr'><strong>Poritacus</strong></span> <span class='ocrx_word' id='word_1_850' title='bbox 3648 4355 3822 4428; x_wconf 73' lang='lat' dir='ltr'><strong>repn-</strong></span> 
     </span>
    </p>
   </div>
   <div class='ocr_carea' id='block_1_112' title="bbox 2216 4427 3815 4500">
    <p class='ocr_par' dir='ltr' id='par_1_112' title="bbox 2216 4427 3815 4500">
     <span class='ocr_line' id='line_1_112' title="bbox 2216 4427 3815 4500; baseline 0.004 -20"><span class='ocrx_word' id='word_1_851' title='bbox 2216 4428 2402 4500; x_wconf 87' lang='lat' dir='ltr'><strong>diavit.</strong></span> <span class='ocrx_word' id='word_1_852' title='bbox 2434 4427 2596 4482; x_wconf 85' lang='lat' dir='ltr'><strong>Multa</strong></span> <span class='ocrx_word' id='word_1_853' title='bbox 2625 4427 2804 4484; x_wconf 86' lang='lat' dir='ltr'><strong>autem</strong></span> <span class='ocrx_word' id='word_1_854' title='bbox 2838 4430 2930 4484; x_wconf 89' lang='lat' dir='ltr'><strong>ille</strong></span> <span class='ocrx_word' id='word_1_855' title='bbox 2957 4445 3025 4486; x_wconf 81' lang='lat' dir='ltr'><strong>ex</strong></span> <span class='ocrx_word' id='word_1_856' title='bbox 3052 4430 3248 4500; x_wconf 84' lang='lat' dir='ltr'><strong>Hygini</strong></span> <span class='ocrx_word' id='word_1_857' title='bbox 3292 4431 3569 4484; x_wconf 89' lang='lat' dir='ltr'><strong>mentione</strong></span> <span class='ocrx_word' id='word_1_858' title='bbox 3594 4427 3815 4500; x_wconf 81' lang='lat' dir='ltr'><strong>rursum</strong></span> 
     </span>
    </p>
   </div>
   <div class='ocr_carea' id='block_1_113' title="bbox 2218 4499 3823 4572">
    <p class='ocr_par' dir='ltr' id='par_1_113' title="bbox 2218 4499 3823 4572">
     <span class='ocr_line' id='line_1_113' title="bbox 2218 4499 3823 4572; baseline 0.005 -22"><span class='ocrx_word' id='word_1_859' title='bbox 2218 4499 2270 4572; x_wconf 87' lang='lat' dir='ltr'><strong>in</strong></span> <span class='ocrx_word' id='word_1_860' title='bbox 2306 4515 2432 4572; x_wconf 82' lang='lat' dir='ltr'><strong>rem</strong></span> <span class='ocrx_word' id='word_1_861' title='bbox 2477 4514 2627 4552; x_wconf 91' lang='lat' dir='ltr'><strong>suam</strong></span> <span class='ocrx_word' id='word_1_862' title='bbox 2670 4501 2947 4569; x_wconf 83' lang='lat' dir='ltr'><strong>congerit,</strong></span> <span class='ocrx_word' id='word_1_863' title='bbox 2977 4510 3037 4555; x_wconf 92' lang='lat' dir='ltr'><strong>ut</strong></span> <span class='ocrx_word' id='word_1_864' title='bbox 3076 4499 3281 4572; x_wconf 80' lang='lat' dir='ltr'><strong>probet</strong></span> <span class='ocrx_word' id='word_1_865' title='bbox 3310 4500 3626 4572; x_wconf 81' lang='lat' dir='ltr'><strong>Hieronymi</strong></span> <span class='ocrx_word' id='word_1_866' title='bbox 3675 4499 3823 4558; x_wconf 72' lang='lat' dir='ltr'><strong>hanc</strong></span> 
     </span>
    </p>
   </div>
   <div class='ocr_carea' id='block_1_114' title="bbox 2221 4570 3826 4642">
    <p class='ocr_par' dir='ltr' id='par_1_114' title="bbox 2221 4570 3826 4642">
     <span class='ocr_line' id='line_1_114' title="bbox 2221 4570 3826 4642; baseline 0.002 -19"><span class='ocrx_word' id='word_1_867' title='bbox 2221 4570 2506 4638; x_wconf 76' lang='lat' dir='ltr'><strong>Epitomen</strong></span> <span class='ocrx_word' id='word_1_868' title='bbox 2536 4583 2659 4642; x_wconf 75' lang='lat' dir='ltr'><strong>esse</strong></span> <span class='ocrx_word' id='word_1_869' title='bbox 2684 4586 2898 4642; x_wconf 84' lang='lat' dir='ltr'><strong>eorum,</strong></span> <span class='ocrx_word' id='word_1_870' title='bbox 2923 4587 3042 4640; x_wconf 71' lang='lat' dir='ltr'><strong>qua:</strong></span> <span class='ocrx_word' id='word_1_871' title='bbox 3070 4571 3246 4642; x_wconf 91' lang='lat' dir='ltr'><strong>primo</strong></span> <span class='ocrx_word' id='word_1_872' title='bbox 3272 4571 3392 4626; x_wconf 89' lang='lat' dir='ltr'><strong>loco</strong></span> <span class='ocrx_word' id='word_1_873' title='bbox 3416 4570 3682 4626; x_wconf 80' lang='lat' dir='ltr'><strong>tractabat</strong></span> <span class='ocrx_word' id='word_1_874' title='bbox 3712 4573 3826 4627; x_wconf 81' lang='lat' dir='ltr'><strong>Eu-</strong></span> 
     </span>
    </p>
   </div>
   <div class='ocr_carea' id='block_1_115' title="bbox 2220 4640 3823 4712">
    <p class='ocr_par' dir='ltr' id='par_1_115' title="bbox 2220 4640 3823 4712">
     <span class='ocr_line' id='line_1_115' title="bbox 2220 4640 3823 4712; baseline 0.002 -18"><span class='ocrx_word' id='word_1_875' title='bbox 2220 4643 2401 4712; x_wconf 83' lang='lat' dir='ltr'><strong>sebius</strong></span> <span class='ocrx_word' id='word_1_876' title='bbox 2419 4682 2435 4706; x_wconf 91' lang='lat'><strong>,</strong></span> <span class='ocrx_word' id='word_1_877' title='bbox 2461 4640 2558 4695; x_wconf 87' lang='lat' dir='ltr'><strong>sed</strong></span> <span class='ocrx_word' id='word_1_878' title='bbox 2586 4640 2724 4695; x_wconf 88' lang='lat' dir='ltr'><strong>hanc</strong></span> <span class='ocrx_word' id='word_1_879' title='bbox 2744 4641 2920 4712; x_wconf 81' lang='lat' dir='ltr'><strong>ipsam</strong></span> <span class='ocrx_word' id='word_1_880' title='bbox 2952 4640 3234 4712; x_wconf 80' lang='lat' dir='ltr'><strong>Epitomeu</strong></span> <span class='ocrx_word' id='word_1_881' title='bbox 3269 4642 3338 4698; x_wconf 86' lang='lat' dir='ltr'><strong>ab</strong></span> <span class='ocrx_word' id='word_1_882' title='bbox 3363 4642 3554 4697; x_wconf 83' lang='lat' dir='ltr'><strong>otiosis</strong></span> <span class='ocrx_word' id='word_1_883' title='bbox 3581 4643 3823 4698; x_wconf 82' lang='lat' dir='ltr'><strong>homini-</strong></span> 
     </span>
    </p>
   </div>
   <div class='ocr_carea' id='block_1_116' title="bbox 2222 4710 3044 4777">
    <p class='ocr_par' dir='ltr' id='par_1_116' title="bbox 2222 4710 3044 4777">
     <span class='ocr_line' id='line_1_116' title="bbox 2222 4710 3044 4777; baseline 0.006 -13"><span class='ocrx_word' id='word_1_884' title='bbox 2222 4711 2325 4765; x_wconf 88' lang='lat' dir='ltr'><strong>bus</strong></span> <span class='ocrx_word' id='word_1_885' title='bbox 2356 4720 2672 4766; x_wconf 77' lang='lat' dir='ltr'><strong>temet-aiam</strong></span> <span class='ocrx_word' id='word_1_886' title='bbox 2703 4710 2902 4777; x_wconf 54' lang='lat' dir='ltr'><strong>fuisse,</strong></span> <span class='ocrx_word' id='word_1_887' title='bbox 2934 4710 3044 4769; x_wconf 82' lang='lat' dir='ltr'><strong>etc.</strong></span> 
     </span>
    </p>
   </div>
   <div class='ocr_carea' id='block_1_117' title="bbox 2294 4778 3819 4855">
    <p class='ocr_par' dir='ltr' id='par_1_117' title="bbox 2294 4778 3819 4855">
     <span class='ocr_line' id='line_1_117' title="bbox 2294 4778 3819 4855; baseline 0.005 -19"><span class='ocrx_word' id='word_1_888' title='bbox 2294 4778 2322 4818; x_wconf 76' lang='grc' dir='ltr'><strong>ἀ</strong></span> <span class='ocrx_word' id='word_1_889' title='bbox 2355 4782 2505 4837; x_wconf 81' lang='lat' dir='ltr'><strong>[lane</strong></span> <span class='ocrx_word' id='word_1_890' title='bbox 2548 4781 2708 4855; x_wconf 73' lang='lat' dir='ltr'><strong>adeo</strong></span> <span class='ocrx_word' id='word_1_891' title='bbox 2739 4782 3029 4855; x_wconf 76' lang='lat' dir='ltr'><strong>Africanus</strong></span> <span class='ocrx_word' id='word_1_892' title='bbox 3074 4783 3217 4855; x_wconf 82' lang='lat' dir='ltr'><strong>apud</strong></span> <span class='ocrx_word' id='word_1_893' title='bbox 3273 4783 3588 4855; x_wconf 90' lang='lat' dir='ltr'><strong>Syncellum</strong></span> <span class='ocrx_word' id='word_1_894' title='bbox 3635 4790 3819 4855; x_wconf 58' lang='lat' dir='ltr'><strong>vorago»</strong></span> 
     </span>
    </p>
   </div>
   <div class='ocr_carea' id='block_1_118' title="bbox 2224 4851 3821 4932">
    <p class='ocr_par' dir='ltr' id='par_1_118' title="bbox 2224 4851 3821 4932">
     <span class='ocr_line' id='line_1_118' title="bbox 2224 4851 3821 4932; baseline 0.001 -21"><span class='ocrx_word' id='word_1_895' title='bbox 2224 4852 2711 4932; x_wconf 55' lang='lat' dir='ltr'><strong>rigipav_appellari</strong></span> <span class='ocrx_word' id='word_1_896' title='bbox 2747 4854 2985 4922; x_wconf 76' lang='lat' dir='ltr'><strong>posmlat</strong></span> <span class='ocrx_word' id='word_1_897' title='bbox 3014 4897 3029 4921; x_wconf 91' lang='lat'><strong>,</strong></span> <span class='ocrx_word' id='word_1_898' title='bbox 3064 4851 3150 4932; x_wconf 71' lang='grc' dir='ltr'><strong>διὰ</strong></span> <span class='ocrx_word' id='word_1_899' title='bbox 3174 4856 3233 4912; x_wconf 84' lang='grc' dir='ltr'><strong>τὸ</strong></span> <span class='ocrx_word' id='word_1_900' title='bbox 3261 4851 3650 4932; x_wconf 49' lang='lat' dir='ltr'><strong>adtonitum-ros</strong></span> <span class='ocrx_word' id='word_1_901' title='bbox 3689 4851 3821 4932; x_wconf 59' lang='grc' dir='ltr'><strong>εἶιςᾳι</strong></span> 
     </span>
    </p>
   </div>
   <div class='ocr_carea' id='block_1_119' title="bbox 2223 4925 3822 4999">
    <p class='ocr_par' dir='ltr' id='par_1_119' title="bbox 2223 4925 3822 4999">
     <span class='ocr_line' id='line_1_119' title="bbox 2223 4925 3822 4999; baseline 0.001 -20"><span class='ocrx_word' id='word_1_902' title='bbox 2223 4925 2437 4999; x_wconf 36' lang='grc' dir='ltr'><strong>τέωξ-τό</strong></span> <span class='ocrx_word' id='word_1_903' title='bbox 2461 4925 2843 4999; x_wconf 66' lang='grc' dir='ltr'><strong>πρωτόιιτιστον</strong></span> <span class='ocrx_word' id='word_1_904' title='bbox 2880 4933 2982 4999; x_wconf 70' lang='grc' dir='ltr'><strong>φῶς</strong></span> <span class='ocrx_word' id='word_1_905' title='bbox 3019 4931 3104 4981; x_wconf 78' lang='grc' dir='ltr'><strong>καὶ</strong></span> <span class='ocrx_word' id='word_1_906' title='bbox 3139 4925 3446 4999; x_wconf 66' lang='grc' dir='ltr'><strong>κεχυμὲνᾷιὶ,</strong></span> <span class='ocrx_word' id='word_1_907' title='bbox 3487 4925 3625 4992; x_wconf 86' lang='lat' dir='ltr'><strong>quod</strong></span> <span class='ocrx_word' id='word_1_908' title='bbox 3670 4927 3822 4981; x_wconf 82' lang='lat' dir='ltr'><strong>nulla</strong></span> 
     </span>
    </p>
   </div>
   <div class='ocr_carea' id='block_1_120' title="bbox 2225 4996 3822 5068">
    <p class='ocr_par' dir='ltr' id='par_1_120' title="bbox 2225 4996 3822 5068">
     <span class='ocr_line' id='line_1_120' title="bbox 2225 4996 3822 5068; baseline 0.003 -20"><span class='ocrx_word' id='word_1_909' title='bbox 2225 4996 2452 5068; x_wconf 82' lang='lat' dir='ltr'><strong>parlium</strong></span> <span class='ocrx_word' id='word_1_910' title='bbox 2477 4996 2759 5068; x_wconf 75' lang='lat' dir='ltr'><strong>secretioue</strong></span> <span class='ocrx_word' id='word_1_911' title='bbox 2782 4996 3081 5068; x_wconf 70' lang='lat' dir='ltr'><strong>distinctum</strong></span> <span class='ocrx_word' id='word_1_912' title='bbox 3107 4996 3410 5068; x_wconf 76' lang='lat' dir='ltr'><strong>apparuerit</strong></span> <span class='ocrx_word' id='word_1_913' title='bbox 3438 4999 3702 5068; x_wconf 82' lang='lat' dir='ltr'><strong>hucusque</strong></span> <span class='ocrx_word' id='word_1_914' title='bbox 3732 4999 3822 5051; x_wconf 82' lang='lat' dir='ltr'><strong>lu-</strong></span> 
     </span>
    </p>
   </div>
   <div class='ocr_carea' id='block_1_121' title="bbox 2224 5066 3818 5140">
    <p class='ocr_par' dir='ltr' id='par_1_121' title="bbox 2224 5066 3818 5140">
     <span class='ocr_line' id='line_1_121' title="bbox 2224 5066 3818 5140; baseline 0.005 -22"><span class='ocrx_word' id='word_1_915' title='bbox 2224 5081 2336 5140; x_wconf 79' lang='lat' dir='ltr'><strong>men</strong></span> <span class='ocrx_word' id='word_1_916' title='bbox 2358 5066 2491 5140; x_wconf 71' lang='lat' dir='ltr'><strong>illud</strong></span> <span class='ocrx_word' id='word_1_917' title='bbox 2509 5067 2880 5140; x_wconf 65' lang='grc' dir='ltr'><strong>Δρι’ξυιίςιιεηὶωη</strong></span> <span class='ocrx_word' id='word_1_918' title='bbox 2895 5066 3232 5140; x_wconf 83' lang='lat' dir='ltr'><strong>undequaque</strong></span> <span class='ocrx_word' id='word_1_919' title='bbox 3251 5084 3556 5140; x_wconf 69' lang='lat' dir='ltr'><strong>expansum.</strong></span> <span class='ocrx_word' id='word_1_920' title='bbox 3581 5067 3638 5122; x_wconf 90' lang='lat' dir='ltr'><strong>ln</strong></span> <span class='ocrx_word' id='word_1_921' title='bbox 3655 5083 3818 5138; x_wconf 87' lang='lat' dir='ltr'><strong>quem</strong></span> 
     </span>
    </p>
   </div>
   <div class='ocr_carea' id='block_1_122' title="bbox 2225 5135 2924 5193">
    <p class='ocr_par' dir='ltr' id='par_1_122' title="bbox 2225 5135 2924 5193">
     <span class='ocr_line' id='line_1_122' title="bbox 2225 5135 2924 5193; baseline -0.001 -3"><span class='ocrx_word' id='word_1_922' title='bbox 2225 5137 2400 5191; x_wconf 80' lang='lat' dir='ltr'><strong>locum</strong></span> <span class='ocrx_word' id='word_1_923' title='bbox 2437 5135 2635 5191; x_wconf 33' lang='lat' dir='ltr'><strong>vid’esis</strong></span> <span class='ocrx_word' id='word_1_924' title='bbox 2665 5135 2924 5193; x_wconf 80' lang='lat' dir='ltr'><strong>Gnarum.</strong></span> 
     </span>
    </p>
   </div>
   <div class='ocr_carea' id='block_1_123' title="bbox 2296 5208 3818 5281">
    <p class='ocr_par' dir='ltr' id='par_1_123' title="bbox 2296 5208 3818 5281">
     <span class='ocr_line' id='line_1_123' title="bbox 2296 5208 3818 5281; baseline 0.004 -19"><span class='ocrx_word' id='word_1_925' title='bbox 2296 5218 2320 5246; x_wconf 77' lang='grc' dir='ltr'>ε</span> <span class='ocrx_word' id='word_1_926' title='bbox 2348 5208 2540 5278; x_wconf 83' lang='lat' dir='ltr'><strong>Captat</strong></span> <span class='ocrx_word' id='word_1_927' title='bbox 2567 5209 2786 5278; x_wconf 89' lang='lat' dir='ltr'><strong>quidem</strong></span> <span class='ocrx_word' id='word_1_928' title='bbox 2830 5210 3094 5266; x_wconf 79' lang='lat' dir='ltr'><strong>Eusebius</strong></span> <span class='ocrx_word' id='word_1_929' title='bbox 3136 5225 3203 5266; x_wconf 76' lang='lat' dir='ltr'><strong>ex</strong></span> <span class='ocrx_word' id='word_1_930' title='bbox 3249 5209 3626 5281; x_wconf 65' lang='lat' dir='ltr'><strong>Egyptiornm</strong></span> <span class='ocrx_word' id='word_1_931' title='bbox 3671 5225 3818 5268; x_wconf 81' lang='lat' dir='ltr'><strong>anno</strong></span> 
     </span>
    </p>
   </div>
   <div class='ocr_carea' id='block_1_124' title="bbox 2223 5279 3822 5352">
    <p class='ocr_par' dir='ltr' id='par_1_124' title="bbox 2223 5279 3822 5352">
     <span class='ocr_line' id='line_1_124' title="bbox 2223 5279 3822 5352; baseline 0.003 -18"><span class='ocrx_word' id='word_1_932' title='bbox 2223 5279 2527 5352; x_wconf 85' lang='lat' dir='ltr'><strong>elegantem</strong></span> <span class='ocrx_word' id='word_1_933' title='bbox 2557 5283 2734 5348; x_wconf 90' lang='lat' dir='ltr'><strong>potius</strong></span> <span class='ocrx_word' id='word_1_934' title='bbox 2761 5321 2774 5345; x_wconf 92' lang='lat'><strong>,</strong></span> <span class='ocrx_word' id='word_1_935' title='bbox 2819 5296 2983 5352; x_wconf 83' lang='lat' dir='ltr'><strong>quam</strong></span> <span class='ocrx_word' id='word_1_936' title='bbox 3023 5297 3209 5338; x_wconf 86' lang='lat' dir='ltr'><strong>veram</strong></span> <span class='ocrx_word' id='word_1_937' title='bbox 3257 5279 3554 5349; x_wconf 76' lang='lat' dir='ltr'><strong>Scripturte</strong></span> <span class='ocrx_word' id='word_1_938' title='bbox 3598 5285 3822 5352; x_wconf 78' lang='lat' dir='ltr'><strong>exposi-</strong></span> 
     </span>
    </p>
   </div>
   <div class='ocr_carea' id='block_1_125' title="bbox 2222 5350 3825 5423">
    <p class='ocr_par' dir='ltr' id='par_1_125' title="bbox 2222 5350 3825 5423">
     <span class='ocr_line' id='line_1_125' title="bbox 2222 5350 3825 5423; baseline 0.004 -19"><span class='ocrx_word' id='word_1_939' title='bbox 2222 5352 2464 5415; x_wconf 87' lang='lat' dir='ltr'><strong>tionem,</strong></span> <span class='ocrx_word' id='word_1_940' title='bbox 2489 5350 2632 5423; x_wconf 82' lang='lat' dir='ltr'><strong>dum</strong></span> <span class='ocrx_word' id='word_1_941' title='bbox 2657 5359 2768 5408; x_wconf 84' lang='lat' dir='ltr'><strong>tres</strong></span> <span class='ocrx_word' id='word_1_942' title='bbox 2799 5351 2949 5423; x_wconf 89' lang='lat' dir='ltr'><strong>dies,</strong></span> <span class='ocrx_word' id='word_1_943' title='bbox 2999 5355 3087 5423; x_wconf 89' lang='lat' dir='ltr'><strong>qui</strong></span> <span class='ocrx_word' id='word_1_944' title='bbox 3133 5352 3414 5408; x_wconf 86' lang='lat' dir='ltr'><strong>luminaria</strong></span> <span class='ocrx_word' id='word_1_945' title='bbox 3445 5353 3631 5409; x_wconf 91' lang='lat' dir='ltr'><strong>mundi</strong></span> <span class='ocrx_word' id='word_1_946' title='bbox 3673 5350 3825 5420; x_wconf 71' lang='lat' dir='ltr'><strong>prte-</strong></span> 
     </span>
    </p>
   </div>
   <div class='ocr_carea' id='block_1_126' title="bbox 2222 5420 3820 5494">
    <p class='ocr_par' dir='ltr' id='par_1_126' title="bbox 2222 5420 3820 5494">
     <span class='ocr_line' id='line_1_126' title="bbox 2222 5420 3820 5494; baseline 0.003 -19"><span class='ocrx_word' id='word_1_947' title='bbox 2222 5430 2537 5494; x_wconf 82' lang='lat' dir='ltr'><strong>cesserunt,</strong></span> <span class='ocrx_word' id='word_1_948' title='bbox 2567 5420 2740 5477; x_wconf 84' lang='lat' dir='ltr'><strong>tribus</strong></span> <span class='ocrx_word' id='word_1_949' title='bbox 2767 5422 2913 5493; x_wconf 90' lang='lat' dir='ltr'><strong>apud</strong></span> <span class='ocrx_word' id='word_1_950' title='bbox 2940 5420 3036 5479; x_wconf 83' lang='lat' dir='ltr'><strong>eos</strong></span> <span class='ocrx_word' id='word_1_951' title='bbox 3074 5426 3198 5478; x_wconf 90' lang='lat' dir='ltr'><strong>anni</strong></span> <span class='ocrx_word' id='word_1_952' title='bbox 3241 5423 3486 5492; x_wconf 89' lang='lat' dir='ltr'><strong>partibus</strong></span> <span class='ocrx_word' id='word_1_953' title='bbox 3509 5435 3820 5494; x_wconf 85' lang='lat' dir='ltr'><strong>comparat.</strong></span> 
     </span>
    </p>
   </div>
   <div class='ocr_carea' id='block_1_127' title="bbox 2223 5491 3819 5563">
    <p class='ocr_par' dir='ltr' id='par_1_127' title="bbox 2223 5491 3819 5563">
     <span class='ocr_line' id='line_1_127' title="bbox 2223 5491 3819 5563; baseline 0.004 -18"><span class='ocrx_word' id='word_1_954' title='bbox 2223 5491 2489 5563; x_wconf 83' lang='lat' dir='ltr'><strong>Loquitur</strong></span> <span class='ocrx_word' id='word_1_955' title='bbox 2516 5508 2644 5563; x_wconf 87' lang='lat' dir='ltr'><strong>vero</strong></span> <span class='ocrx_word' id='word_1_956' title='bbox 2667 5509 2732 5548; x_wconf 81' lang='lat' dir='ltr'><strong>ex</strong></span> <span class='ocrx_word' id='word_1_957' title='bbox 2762 5491 2952 5549; x_wconf 69' lang='lat' dir='ltr'><strong>carum</strong></span> <span class='ocrx_word' id='word_1_958' title='bbox 2994 5494 3175 5563; x_wconf 82' lang='lat' dir='ltr'><strong>prisco</strong></span> <span class='ocrx_word' id='word_1_959' title='bbox 3205 5491 3407 5560; x_wconf 80' lang='lat' dir='ltr'><strong>sensu,</strong></span> <span class='ocrx_word' id='word_1_960' title='bbox 3447 5511 3569 5550; x_wconf 91' lang='lat' dir='ltr'><strong>cum</strong></span> <span class='ocrx_word' id='word_1_961' title='bbox 3610 5491 3819 5552; x_wconf 80' lang='lat' dir='ltr'><strong>annum</strong></span> 
     </span>
    </p>
   </div>
   <div class='ocr_carea' id='block_1_128' title="bbox 2223 5562 3822 5636">
    <p class='ocr_par' dir='ltr' id='par_1_128' title="bbox 2223 5562 3822 5636">
     <span class='ocr_line' id='line_1_128' title="bbox 2223 5562 3822 5636; baseline 0.004 -21"><span class='ocrx_word' id='word_1_962' title='bbox 2223 5562 2511 5636; x_wconf 83' lang='lat' dir='ltr'><strong>duodecim</strong></span> <span class='ocrx_word' id='word_1_963' title='bbox 2559 5562 2777 5636; x_wconf 85' lang='lat' dir='ltr'><strong>quidem</strong></span> <span class='ocrx_word' id='word_1_964' title='bbox 2825 5562 3387 5636; x_wconf 78' lang='lat' dir='ltr'><strong>mensiom,menses</strong></span> <span class='ocrx_word' id='word_1_965' title='bbox 3419 5581 3547 5621; x_wconf 87' lang='lat' dir='ltr'><strong>vero</strong></span> <span class='ocrx_word' id='word_1_966' title='bbox 3599 5567 3822 5636; x_wconf 83' lang='lat' dir='ltr'><strong>triginta</strong></span> 
     </span>
    </p>
   </div>
   <div class='ocr_carea' id='block_1_129' title="bbox 2225 5633 3821 5709">
    <p class='ocr_par' dir='ltr' id='par_1_129' title="bbox 2225 5633 3821 5709">
     <span class='ocr_line' id='line_1_129' title="bbox 2225 5633 3821 5709; baseline 0.006 -24"><span class='ocrx_word' id='word_1_967' title='bbox 2225 5633 2504 5709; x_wconf 78' lang='lat' dir='ltr'><strong>dumtaxat</strong></span> <span class='ocrx_word' id='word_1_968' title='bbox 2558 5633 2771 5690; x_wconf 90' lang='lat' dir='ltr'><strong>dierum</strong></span> <span class='ocrx_word' id='word_1_969' title='bbox 2824 5634 3472 5709; x_wconf 75' lang='lat' dir='ltr'><strong>perionclauderent,</strong></span> <span class='ocrx_word' id='word_1_970' title='bbox 3526 5633 3821 5709; x_wconf 82' lang='lat' dir='ltr'><strong>antequam</strong></span> 
     </span>
    </p>
   </div>
   <div class='ocr_carea' id='block_1_130' title="bbox 2224 5703 3824 5777">
    <p class='ocr_par' dir='ltr' id='par_1_130' title="bbox 2224 5703 3824 5777">
     <span class='ocr_line' id='line_1_130' title="bbox 2224 5703 3824 5777; baseline 0.005 -18"><span class='ocrx_word' id='word_1_971' title='bbox 2224 5703 2564 5777; x_wconf 51' lang='lat' dir='ltr'><strong>inﬁmam,</strong></span> <span class='ocrx_word' id='word_1_972' title='bbox 2606 5719 2700 5760; x_wconf 87' lang='lat' dir='ltr'><strong>seu</strong></span> <span class='ocrx_word' id='word_1_973' title='bbox 2745 5703 2986 5777; x_wconf 83' lang='lat' dir='ltr'><strong>quinque</strong></span> <span class='ocrx_word' id='word_1_974' title='bbox 3025 5705 3105 5760; x_wconf 92' lang='lat' dir='ltr'><strong>illi</strong></span> <span class='ocrx_word' id='word_1_975' title='bbox 3138 5705 3258 5762; x_wconf 88' lang='lat' dir='ltr'><strong>dies</strong></span> <span class='ocrx_word' id='word_1_976' title='bbox 3298 5717 3574 5777; x_wconf 89' lang='lat' dir='ltr'><strong>postremo</strong></span> <span class='ocrx_word' id='word_1_977' title='bbox 3612 5703 3824 5772; x_wconf 78' lang='lat' dir='ltr'><strong>mensis</strong></span> 
     </span>
    </p>
   </div>
   <div class='ocr_carea' id='block_1_131' title="bbox 2225 5775 3827 5852">
    <p class='ocr_par' dir='ltr' id='par_1_131' title="bbox 2225 5775 3827 5852">
     <span class='ocr_line' id='line_1_131' title="bbox 2225 5775 3827 5852; baseline 0.001 -22"><span class='ocrx_word' id='word_1_978' title='bbox 2225 5775 2342 5831; x_wconf 78' lang='lat' dir='ltr'><strong>sive</strong></span> <span class='ocrx_word' id='word_1_979' title='bbox 2370 5775 2400 5832; x_wconf 74' lang='grc' dir='ltr'><strong>ιι</strong></span> <span class='ocrx_word' id='word_1_980' title='bbox 2430 5775 2625 5832; x_wconf 79' lang='lat' dir='ltr'><strong>Pisone</strong></span> <span class='ocrx_word' id='word_1_981' title='bbox 2650 5775 2800 5847; x_wconf 83' lang='lat' dir='ltr'><strong>rege,</strong></span> <span class='ocrx_word' id='word_1_982' title='bbox 2829 5775 3268 5846; x_wconf 85' lang='lat' dir='ltr'><strong>utCeusoriuus,</strong></span> <span class='ocrx_word' id='word_1_983' title='bbox 3301 5775 3416 5836; x_wconf 78' lang='lat' dir='ltr'><strong>Sive</strong></span> <span class='ocrx_word' id='word_1_984' title='bbox 3445 5778 3512 5834; x_wconf 91' lang='lat' dir='ltr'><strong>ab</strong></span> <span class='ocrx_word' id='word_1_985' title='bbox 3544 5779 3738 5850; x_wconf 78' lang='lat' dir='ltr'><strong>Aseth,</strong></span> <span class='ocrx_word' id='word_1_986' title='bbox 3765 5806 3827 5852; x_wconf 73' lang='grc' dir='ltr'>ιη</span> 
     </span>
    </p>
   </div>
  </div>
