3996 6300
184 244 236 306 ω

1061 256 1613 317 lNTERPRETATlO
1651 252 2025 314 CllliONIFAS
2067 252 2333 313 EUSEBII
2376 251 2716 311 PMIPHILI.
3464 252 3535 311 70

198 366 399 425 Latuecit
450 372 644 429 duxit
701 376 829 432 sibi
881 375 1037 430 binas
1078 390 1293 437 uxores,
1346 371 1496 428 Adda
1546 370 1752 426 scilicet
1782 381 1835 425 et
1864 377 1915 435 Α
1946 381 2065 423 sunt
2095 372 2261 439 fontes
2294 368 2497 439 t.by5.‘;i,
2540 380 2584 422 et
2618 380 2890 422 eutaracttr
2918 369 3030 424 (teli
3058 384 3075 423 :
3114 378 3158 424 et
3182 372 3390 425 cessarit
3417 373 3535 439 plu-

210 465 341 522 Seba.
371 466 456 522 Ex
492 470 679 523 Adda
717 470 929 541 genuit
965 470 1139 534 Jobel,
1167 470 1259 538 qui
1292 470 1524 539 primum
1552 467 1690 522 intra
1719 477 1834 522 teu-

228 561 389 617 toriutn
434 560 819 619 habitaculis
855 579 1063 619 moram
1097 560 1204 635 [AL
1236 561 1474 635 morem]
1517 562 1704 632 gessit.
1759 561 1838 615 Ex

239 655 393 712 eadem
421 657 633 727 genuit
674 656 881 725 Jubal,
912 660 1001 727 qui
1034 656 1127 710 fuit
1152 655 1572 711 cititarmdornm
1608 654 1837 724 primus.

248 751 307 806 Et
330 750 466 806 Sella
497 752 711 820 genuit
742 751 993 814 Tbobcl,
1022 751 1110 817 qui
1142 749 1405 804 mirabilis
1432 747 1711 803 malleator
1742 747 1841 801 luit

248 845 287 897 in
309 843 437 897 omni
472 842 668 898 fabrili
697 853 822 898 arte
851 842 1215 897 metallorum.

300 937 356 993 V.
392 937 511 993 Noe
544 952 689 993 vero
721 952 850 992 cum
900 952 934 991 ι)
962 947 1106 992 esset
1146 951 1412 991 annorum
1458 936 1645 1005 genuit
1685 934 1835 1001 Sem,

244 1029 389 1085 Citam
425 1040 482 1085 et
507 1029 739 1100 Japhet.
794 1030 863 1084 Et
912 1045 1033 1084 cum
1082 1028 1541 1099 multiplicassent
1587 1027 1839 1083 homines

246 1138 392 1193 super
417 1133 618 1177 terram
653 1121 918 1188 valde,ac
946 1121 1203 1176 ducerent
1233 1134 1434 1175 uxores
1458 1120 1756 1191 speciosus,
1786 1119 1837 1171 in

246 1234 447 1288 quarum
479 1218 717 1271 fortnam
744 1214 1162 1269 exardescerent
1191 1213 1241 1267 in
1284 1213 1647 1273 concubitum,
1682 1222 1839 1279 prout

244 1312 488 1379 cujusque
538 1310 711 1364 libido
756 1308 879 1371 fuit,
916 1325 982 1362 ex
1013 1308 1207 1376 quibus
1236 1307 1482 1376 gigan'es
1511 1305 1613 1359 viri
1647 1303 1838 1359 famosi

248 1413 477 1471 potentes
501 1418 533 1455 a
556 1402 764 1456 saeculo
785 1402 952 1471 geniti
979 1402 1031 1454 in
1057 1402 1284 1470 populus
1309 1400 1602 1469 ﬂagitiosus
1618 1415 1831 1454 cresce-

252 1502 379 1553 rent,
407 1491 689 1561 proclives
741 1492 793 1545 itt
841 1507 1005 1545 omne
1050 1491 1280 1558 fucinus,
1330 1504 1519 1560 Spreto
1547 1491 1729 1545 divino
1767 1495 1835 1544 ti-

245 1600 404 1651 more,
446 1587 568 1639 siue
598 1585 754 1639 cultu
795 1562 1099 1654 religionis.
1141 1582 1273 1638 Cum
1308 1583 1451 1639 foret
1493 1594 1673 1639 autem
1722 1583 1836 1638 Noe

245 1681 601 1749 solusjustus,
627 1680 851 1748 placens
886 1680 996 1733 Deo
1026 1680 1077 1733 in
1105 1680 1546 1749 generationibus
1577 1680 1709 1743 suis,
1741 1680 1837 1734 de—

1950 472 2027 519 tta
2049 466 2113 520 de
2143 466 2277 533 loco,
2302 476 2348 518 et
2378 462 2648 533 deﬁciebat
2688 481 2821 534 aqua
2856 463 3168 518 descendens
3206 466 3270 519 de
3303 476 3457 532 terra,
3487 476 3536 520 et

1940 560 2323 614 diminuebatur
2338 574 2471 629 aqua
2490 566 2600 627 post
2624 572 2689 612 CL
2711 558 2838 623 dies,
2862 568 2909 611 et
2938 558 3070 613 sedit
3089 575 3211 611 arca
3242 561 3295 612 in
3318 561 3535 627 septimo

1940 668 2114 705 mense
2143 667 2251 705 xvn
2280 651 2363 702 die
2391 651 2577 703 mensis
2599 666 2755 720 super
2778 660 2972 705 montes
2999 650 3220 705 Ararath
3246 650 3396 719 (Gen.
3415 667 3529 721 VIII,

1942 745 2085 813 1-5).
2123 745 2212 798 Isti
2258 753 2470 798 montes
2506 743 2558 797 in
2604 742 2863 798 Armenia
2896 746 3177 814 superiore
3212 758 3337 801 sunt
3376 762 3534 803 secus

1940 838 2158 893 Persas.
2204 841 2348 905 Aqua
2398 849 2567 891 autem
2597 840 2762 909 magis
2806 838 3206 908 diminuebatur,
3260 859 3418 913 usque
3465 845 3533 897 ad

1938 930 2112 985 decem
2135 946 2366 995 menses;
2397 931 2596 983 decimo
2628 942 2798 984 autem
2834 948 3004 985 mense
3041 934 3207 1001 primo
3239 935 3322 988 die
3346 938 3535 992 mensis

1939 1026 2047 1079 risu
2092 1035 2211 1078 sunt
2261 1026 2432 1096 capita
2474 1026 2744 1079 montium.
2780 1024 2846 1080 Et
2886 1031 3081 1097 factum
3125 1038 3199 1081 est
3254 1041 3365 1097 post
3402 1042 3421 1067 ο
3468 1048 3534 1085 x1.

1940 1123 2073 1189 dies,
2104 1124 2306 1192 aperuit
2341 1122 2391 1177 Ν
2399 1140 2456 1178 oe
2486 1126 2759 1195 fenestram
2792 1124 2941 1180 Area:
2965 1142 3117 1195 quam
3146 1133 3355 1196 fecerat,
3375 1139 3424 1183 et
3455 1129 3536 1184 di-

1942 1215 2079 1266 misit
2111 1232 2317 1269 corvum
2359 1216 2531 1271 videre
2558 1218 2603 1271 si
2630 1228 2873 1271 cessasset
2903 1234 3041 1288 aqua
3067 1236 3099 1272 a
3128 1220 3261 1288 facie
3283 1230 3457 1289 teme,
3488 1234 3536 1281 et

1940 1312 2113 1361 exiens
2141 1326 2244 1363 non
2269 1319 2344 1363 est
2368 1327 2596 1365 reversus
2614 1310 2683 1362 ad
2706 1328 2844 1365 eum.
2878 1310 2941 1362 Et
2970 1313 3215 1366 sustinuit
3246 1315 3406 1369 donec
3437 1317 3536 1370 sic-

1940 1412 2145 1455 caretur
2167 1420 2302 1473 aqua
2332 1422 2363 1457 a
2394 1413 2549 1469 terra,
2580 1413 2626 1457 et
2657 1404 2851 1457 dimisit
2881 1406 3171 1459 columbam
3196 1425 3227 1460 ιι
3259 1425 3332 1472 se,
3365 1410 3535 1464 videre

1938 1496 1984 1549 si
2014 1512 2149 1566 aqua
2179 1506 2423 1551 cessasset
2454 1514 2485 1548 a
2516 1496 2647 1565 [acie
2688 1506 2857 1565 terrm,
2901 1508 2948 1550 et
2996 1514 3098 1551 non
3142 1500 3405 1554 inveniens
3451 1517 3537 1554 co-

1940 1586 2116 1640 lumba
2169 1588 2392 1657 requiem
2441 1588 2656 1659 pedibus
2698 1589 2825 1656 suis,
2869 1604 3071 1642 reversa
3103 1599 3175 1643 est
3217 1592 3285 1643 ad
3326 1608 3441 1645 eum
3482 1592 3535 1645 in

1939 1694 2113 1732 arcam
2144 1696 2163 1733 .'
2208 1680 2328 1748 quia
2378 1697 2513 1750 aqua
2555 1692 2661 1733 erat
2703 1696 2858 1752 super
2890 1697 3089 1734 omnem
3135 1683 3325 1749 [aciem
3363 1694 3533 1739 terrm.

248 1775 408 1828 crevit
447 1773 591 1827 Deus
622 1775 835 1828 servari
865 1772 937 1828 de
965 1788 1308 1843 quacumque
1330 1773 1533 1842 specie,
1565 1772 1631 1827 ad
1674 1788 1835 1841 repa-
1868 1768 1914 1827 B
1946 1769 2246 1824 Extendens
2284 1781 2457 1825 autem
2487 1790 2670 1826 manus
2698 1790 2819 1825 suos
2849 1772 2963 1827 Noe
2982 1775 3177 1845 accepit
3208 1792 3344 1843 eam,
3378 1786 3423 1832 et
3455 1778 3537 1830 iu-

247 1868 468 1920 randum
508 1880 695 1920 semen
742 1866 1037 1935 cujuslibet
1074 1865 1433 1920 animantium
1469 1884 1481 1917 :
1521 1875 1715 1919 caetera
1742 1880 1835 1918 au-

245 1968 349 2013 tem
393 1957 643 2012 universa
682 1974 782 2027 per
830 1959 1094 2013 diluvium
1139 1961 1369 2027 perdere
1416 1974 1477 2013 ac
1520 1959 1733 2024 ulcisci,
1770 1957 1837 2011 ab

246 2053 461 2107 homine
503 2068 675 2120 usque
726 2052 792 2107 ad
829 2068 1018 2122 pecus,
1055 2062 1163 2107 tam
1200 2050 1503 2107 volatilium
1551 2067 1712 2116 quam
1744 2065 1834 2106 rc-

252 2145 509 2214 ptantiunt
541 2158 707 2212 super
740 2152 971 2199 terram.
1016 2142 1251 2198 lustituit
1277 2158 1409 2211 ergo
1438 2143 1553 2197 Noe
1584 2142 1835 2196 fabricari

246 2249 421 2289 arcam
449 2251 515 2289 ex
550 2236 714 2305 lignis
734 2235 1038 2289 elaboratis
1069 2246 1117 2290 et
1146 2236 1394 2305 levigalis
1429 2233 1833 2291 tabulatnentis.

253 2329 408 2381 altam
440 2344 552 2381 xxx
583 2329 806 2397 cubitis,
833 2329 997 2382 latam
1028 2343 1078 2391 ι,
1099 2327 1313 2396 longam
1342 2343 1459 2392 ccc,
1484 2336 1535 2380 et
1569 2328 1624 2379 in
1652 2325 1832 2379 cubitu

242 2432 688 2487 consummatam,
740 2422 1010 2477 bitumine
1043 2422 1251 2475 linitam
1297 2421 1623 2475 intrinsecus
1662 2432 1714 2475 et
1740 2436 1827 2474 ex-

245 2514 527 2578 trinsecus,
572 2512 806 2567 divisam
851 2513 907 2567 in
953 2512 1363 2566 mansinncnlas
1403 2522 1459 2567 et
1502 2512 1740 2581 tristega.
1779 2510 1834 2565 ln

240 2620 398 2671 quam
426 2606 506 2665 sic
533 2605 856 2677 dispositam
889 2606 1135 2661 introivit
1165 2605 1276 2660 Noe
1298 2622 1419 2660 cum
1449 2604 1599 2670 ﬁliis,
1628 2613 1682 2658 et
1704 2621 1837 2657 uxo-

242 2700 386 2753 ribus
429 2702 566 2765 suis,
613 2715 676 2755 ac
723 2700 1148 2755 introduxerunt
1178 2709 1308 2753 nutu
1346 2699 1434 2751 Dei
1469 2715 1532 2751 ex
1579 2698 1837 2753 omnibus

242 2791 605 2847 animantibus
641 2792 883 2859 mundis,
930 2801 955 2829 ιι
985 2808 1051 2847 ex
1086 2792 1299 2847 feminis
1327 2801 1574 2860 septena,
1619 2807 1681 2844 ex
1737 2792 1837 2844 im-

244 2884 453 2937 mundis
489 2900 619 2939 vero
654 2888 780 2939 bina
825 2906 835 2937 :
871 2900 1052 2940 escam
1085 2886 1337 2939 similiter
1372 2885 1529 2954 juxta
1558 2885 1832 2954 ptopriam

241 2977 527 3045 cujuslibet
556 2989 808 3033 naturam
856 2978 1239 3035 Convenientia
1272 2980 1336 3031 ad
1384 2976 1709 3033 vescendum
1742 2993 1835 3048 pa-

246 3068 385 3123 bula.
426 3070 677 3139 Septimo
726 3082 911 3125 autem
966 3072 1053 3126 die
1113 3072 1182 3125 ab
1228 3071 1471 3141 ingressu
1512 3084 1671 3134 arca),
1712 3085 1833 3139 qua:

1941 1864 2090 1916 duxit
2113 1880 2223 1916 eam
2246 1864 2383 1935 apud
2404 1880 2457 1917 se
2481 1864 2535 1916 in
2559 1880 2757 1917 arcam.
2791 1862 2861 1917 Et
2882 1866 3125 1919 sustinuit
3155 1868 3323 1919 tul/mc
3343 1877 3534 1939 septem

1942 1956 2050 2007 dies
2076 1954 2232 2021 alios,
2267 1968 2314 2009 et
2340 1957 2529 2009 iterum
2558 1957 2754 2009 dimisit
2785 1958 3073 2011 columbam
3104 1960 3167 2012 de
3195 1976 3341 2027 arca,
3375 1970 3419 2015 et
3456 1978 3538 2016 re-

1939 2062 2082 2099 versa
2103 2056 2175 2099 est
2199 2046 2268 2099 ad
2289 2064 2399 2100 eum
2416 2048 2651 2101 columba
2680 2050 2750 2101 ad
2778 2066 3066 2118 vesperum,
3090 2062 3135 2105 et
3154 2053 3332 2105 habuit
3350 2055 3536 2123 folium

1942 2141 2089 2193 olim?
2118 2156 2230 2192 cum
2264 2143 2477 2194 surculo
2519 2142 2572 2193 in
2604 2158 2693 2195 ore
2724 2158 2842 2197 suo.
2873 2140 2941 2195 Et
2980 2143 3237 2198 intellexit
3274 2145 3390 2199 Noe
3415 2148 3537 2216 quia

1942 2232 2156 2285 cessavit
2198 2249 2334 2301 aqua
2352 2250 2401 2309 κα
2438 2234 2572 2301 [acie
2614 2244 2781 2287 terrae.
2822 2232 2891 2286 Et
2928 2236 3176 2288 sustinuit
3216 2235 3332 2290 Noe
3367 2238 3539 2292 adhuc

1943 2332 2135 2391 septem
2169 2322 2277 2375 dies
2306 2320 2462 2389 alios,
2494 2335 2538 2375 et
2566 2324 2759 2376 dimisit
2782 2324 3096 2390 columbam,
3122 2337 3166 2379 et
3189 2343 3289 2379 non
3311 2338 3384 2381 est
3408 2345 3537 2382 ausa

1940 2424 2118 2467 t't‘t'trll
2146 2415 2214 2467 ad
2237 2431 2372 2468 eum.
2406 2412 2432 2451 ἀ
2462 2414 2645 2469 Tenuit
2681 2432 2805 2488 ergo
2847 2418 3097 2469 diluriunt
3136 2427 3327 2471 terram
3374 2419 3539 2473 donec

1938 2510 2222 2561 siccnretur
2271 2525 2465 2562 annum
2513 2511 2769 2580 integrum
2798 2508 2994 2577 (Ibid,
3030 2510 3206 2579 5-H).
3244 2511 3535 2582 Postquam

1943 2601 2188 2655 introivit
2231 2612 2409 2657 autem
2459 2602 2573 2657 Noe
2616 2604 2667 2657 in
2716 2619 2923 2670 arcam,
2980 2607 3214 2673 septimo
3244 2606 3334 2659 die
3368 2605 3540 2661 inclu-

1942 2696 2013 2747 sit
2047 2705 2069 2731 ι’
2106 2695 2244 2748 Dens
2272 2694 2338 2750 de
2378 2695 2511 2751 foris
2544 2698 2833 2751 fenestram
2867 2713 3031 2761 arcte,
3066 2705 3121 2751 et
3149 2714 3215 2752 η
3244 2699 3455 2761 diebus,
3484 2710 3542 2754 et

1942 2804 2008 2841 χι.
2043 2791 2293 2843 noctibus
2321 2789 2461 2844 facta
2492 2801 2574 2845 est
2608 2792 2809 2860 pluvia,
2850 2793 3109 2857 stetitque
3133 2808 3271 2862 aqua
3302 2808 3368 2847 et.
3396 2792 3539 2847 dies.

1939 2882 2071 2937 Post
2104 2885 2235 2937 istos
2274 2884 2393 2939 dies
2440 2885 2609 2939 clausi
2642 2896 2766 2939 sunt
2814 2885 2991 2939 iantes
3034 2886 3239 2955 abyssi,
3290 2898 3340 2940 et
3374 2888 3542 2956 cmpit

1944 2992 2079 3046 aqua
2140 2977 2391 3033 dimintti.
2449 2979 2691 3045 Septimo
2729 2989 2909 3033 autem
2967 2996 3152 3035 mense
3207 2980 3348 3035 sedit
3397 2981 3536 3035 Area

1937 3084 2104 3136 super
2138 3081 2380 3124 montem
2422 3069 2680 3125 Araralh.
2728 3071 3144 3127 Diminuebatur
3187 3082 3366 3127 autem
3399 3088 3537 3142 aqua

245 3161 389 3214 tuith
420 3179 526 3216 xvn
560 3168 771 3217 mensis
804 3164 1053 3228 secundi,
1084 3172 1437 3220 excesserunt
1465 3178 1618 3231 aqua!
1648 3162 1838 3215 termi-
1862 3149 1909 3211 C
1942 3177 2116 3231 usque
2169 3178 2220 3216 xt
2270 3177 2509 3219 menses.
2546 3162 2724 3216 Prima
2767 3172 2946 3217 autem
2998 3163 3086 3218 die
3130 3163 3291 3233 hujus
3337 3164 3539 3219 mensis

244 3270 341 3309 nos
366 3264 417 3310 et
444 3256 679 3310 conﬁnia
715 3266 947 3321 natnrze,
977 3264 1230 3326 tantaque
1260 3256 1340 3309 vis
1368 3254 1618 3307 imbrium
1646 3254 1837 3323 largis-

244 3347 487 3401 simorum
516 3356 601 3401 est
638 3358 859 3412 exorta,
911 3359 1017 3401 tant
1066 3349 1257 3418 ingens
1300 3363 1558 3417 aquarum
1604 3347 1835 3417 abyssus

244 3439 428 3495 invasit
457 3440 722 3495 continuo
773 3440 1117 3495 incremento
1151 3457 1247 3509 per
1289 3440 1407 3496 dies
1450 3440 1830 3510 quadraginta,

240 3529 414 3585 scissis
435 3532 729 3587 cataractis
761 3533 908 3593 ereti,
935 3532 1111 3587 donec
1136 3533 1333 3587 nedum
1368 3532 1717 3601 superﬁciem
1755 3541 1834 3584 to-

242 3620 338 3675 tius
385 3624 557 3691 orbis,
620 3624 717 3679 sed
776 3624 1029 3679 universa
1080 3624 1341 3678 montium
1396 3625 1680 3678 cacumina
1732 3623 1834 3677 sub

240 3712 393 3767 undis
414 3716 761 3770 involverent
791 3715 995 3771 cubitis
1021 3733 1088 3771 xv
1110 3718 1352 3774 altiores.
1389 3718 1559 3773 Porro
1592 3733 1714 3772 arca
1748 3716 1829 3771 fe-

240 3803 451 3859 rebatur
481 3822 647 3876 super
674 3822 897 3877 aqnam,
949 3824 1013 3862 ex
1058 3825 1161 3879 qua
1194 3819 1515 3879 consumpta
1547 3820 1629 3865 est
1654 3812 1833 3864 omnis

238 3911 380 3958 (faro,
409 3914 526 3970 qu:e
560 3902 889 3956 movebatur
916 3916 1085 3971 super
1115 3913 1337 3969 terram,
1374 3905 1681 3971 volucrum,
1717 3906 1833 3959 ani-

238 3990 514 4059 mantium,
549 3992 870 4058 bestiarum,
904 3994 1259 4065 omniumque
1306 3995 1669 4065 reptibiliutn,
1710 4013 1830 4066 qua:

238 4083 513 4150 reptabant
534 4100 699 4155 super
724 4096 949 4151 terram,
984 4089 1229 4144 universi
1258 4090 1525 4151 homines,
1552 4103 1603 4146 et
1634 4100 1828 4146 cuncta

237 4174 284 4226 in
312 4178 500 4246 quibus
524 4189 641 4233 erat
671 4182 1008 4250 Spiraeulttm
1036 4183 1185 4238 vita}.
1215 4183 1661 4255 Obtinueruntque
1682 4202 1832 4255 aqua:

231 4274 388 4321 terras
414 4284 477 4325 cr.
507 4271 709 4334 diebus,
742 4282 788 4326 et
819 4274 1122 4327 recordatus
1158 4285 1231 4329 est
1271 4273 1411 4328 Deus
1446 4273 1582 4340 Noe,
1632 4284 1681 4329 et
1720 4291 1831 4328 om-

230 4362 366 4413 nium
395 4366 705 4419 animalium
735 4384 856 4437 qua?
884 4378 1035 4422 erant
1074 4386 1189 4422 cum
1220 4386 1279 4423 eo
1304 4370 1359 4423 in
1388 4368 1548 4438 Area,
1579 4371 1829 4424 adduxit-

227 4458 579 4548 ιζκἯι-ίιιηη
602 4474 762 4528 super
789 4471 1003 4529 terram,
1027 4470 1077 4516 et
1097 4462 1311 4517 cessarit
1336 4477 1497 4533 aqua,
1527 4472 1573 4517 et
1594 4463 1830 4533 adoperti

1944 3254 2125 3322 capita
2159 3255 2422 3309 montium
2457 3253 2795 3323 reliquorum
2824 3256 2935 3309 visa
2984 3265 3129 3316 sttnt.
3164 3264 3217 3310 et
3248 3266 3445 3311 cratera
3481 3266 3540 3310 ut

1939 3362 2121 3416 supra.
2158 3345 2352 3401 Postea
2380 3344 2492 3400 Noe
2516 3345 2811 3401 denudavit
2840 3362 2983 3402 arere
3016 3355 3218 3402 tectum
3266 3359 3387 3419 post
3435 3366 3536 3403 an-

1941 3456 2067 3493 num
2096 3441 2389 3509 integrum,
2431 3450 2484 3494 et
2525 3438 2628 3493 ltnc
2658 3440 2837 3509 ipsum
2870 3440 3153 3506 scribitur,
3183 3451 3239 3494 et
3266 3439 3540 3509 signiﬁcat

1939 3532 2127 3586 dicens
2159 3548 2173 3585 :
2218 3531 2285 3585 Et
2321 3537 2516 3603 factum
2540 3544 2612 3586 est
2651 3535 2705 3587 in
2736 3535 2906 3604 primo
2928 3546 2974 3588 et
2998 3550 3062 3589 nc
3087 3551 3223 3589 anno
3254 3536 3370 3590 t'itte
3398 3536 3539 3605 Noe,

1940 3624 2108 3692 primo
2138 3624 2223 3677 die
2250 3626 2461 3690 mensis,
2494 3642 2608 3678 cum
2659 3626 2923 3682 minuisset
2966 3642 3101 3695 aqua
3141 3644 3171 3677 π
3202 3627 3336 3697 facie
3360 3634 3537 3695 terrm,

1938 3716 2219 3769 denudavit
2244 3714 2359 3771 Noe
2382 3726 2567 3770 tectum
2594 3717 2764 3781 Arcw,
2787 3700 2922 3788 quod
2948 3722 3158 3788 fecerat,
3176 3727 3222 3771 et
3245 3719 3372 3771 cidit
3398 3722 3542 3791 quod

1938 3808 2246 3877 deﬂuaisset
2266 3825 2400 3879 aqua
2423 3827 2453 3862 α
2477 3813 2608 3880 facie
2635 3820 2807 3865 terrm.
2837 3809 2901 3864 lu
2923 3811 3156 3865 secundo
3182 3823 3351 3866 autem
3370 3830 3543 3869 mense

1936 3916 2010 3956 VII
2039 3910 2085 3953 et
2110 3916 2182 3954 xx
2216 3902 2299 3954 die
2329 3902 2517 3955 mensis
2542 3896 2732 3955 siccata
2778 3914 2851 3957 est
2900 3913 3036 3957 terra
3068 3902 3255 3974 (lbid.,
3285 3904 3370 3969 14,
3402 3904 3492 3976 15)
3526 3926 3540 3960 :

1938 4005 1995 4050 et
2023 3994 2153 4049 exiit
2186 3994 2318 4061 Noe,
2352 4005 2404 4049 et
2439 4010 2575 4049 uxor
2598 3995 2739 4065 ejus,
2769 4008 2822 4051 et
2850 3996 2944 4050 lilii
2974 3996 3115 4066 ejus,
3146 4006 3201 4053 et
3233 4012 3432 4052 uxores
3474 3998 3541 4053 ﬁ-

1939 4089 2137 4142 liorum
2162 4102 2386 4143 suorum
2419 4104 2541 4142 cum
2582 4104 2671 4153 eo,
2703 4104 2894 4145 omnes
2922 4091 3112 4145 bestia:
3140 4102 3194 4146 et
3218 4093 3399 4147 omnia
3444 4108 3543 4161 pe-

1936 4196 2089 4248 cora,
2120 4190 2174 4237 et
2198 4182 2378 4237 omnia
2402 4182 2639 4251 reptilia,
2670 4198 2787 4251 qua:
2816 4192 3103 4237 moventur
3124 4198 3288 4255 super
3312 4195 3539 4255 terram,

1936 4276 2230 4329 secundum
2282 4284 2688 4343 genus‘suum,
2735 4281 2789 4327 et
2825 4275 3008 4328 omnia
3064 4274 3301 4331 volatilia
3342 4291 3546 4334 secun-

1934 4370 2063 4425 dum
2090 4381 2262 4439 genus
2292 4382 2484 4424 eorum
2514 4368 2775 4423 exierunt
2797 4365 2865 4422 de
2897 4382 3044 4422 arca.

1776 4613 2013 4673 NOTAS.

296 4780 319 4846 ξι
346 4772 506 4846 Vetus
536 4773 727 4838 editio,
758 4786 808 4832 et
836 4777 1055 4846 feminas
1085 4792 1103 4831 :
1134 4790 1195 4831 ac
1226 4776 1270 4831 si
1300 4784 1483 4831 essent
1513 4792 1580 4830 ex
1613 4776 1828 4830 mundis
1858 4775 1907 4835 D
1934 4782 2163 4846 septem,
2198 4785 2370 4846 usque
2396 4769 2704 4846 ad_verba,_
2726 4766 2914 4846 Postea
2942 4770 3055 4826 Noe
3096 4776 3395 4841 denudavit,
3428 4787 3542 4835 etc.

226 4842 538 4919 animalibus
578 4858 787 4918 septem
814 4842 913 4917 pro
947 4863 1156 4919 quoque
1183 4849 1423 4903 masculo
1472 4848 1705 4902 feminae.
1741 4846 1829 4902 Vi-

227 4913 377 4970 detur
402 4928 583 4973 antem
607 4913 978 4973 restituendus
1010 4913 1095 4973 bié
1122 4920 1292 4985 locus,
1340 4921 1828 4989 supplendumque,

224 4991 547 5060 c.r_maseulis
578 5001 624 5042 et
654 4991 886 5060 feminis,
910 5001 1016 5045 etc.

292 5056 319 5093 δ
345 5058 447 5114 Alii
469 5075 592 5115 eum
620 5056 905 5129 S'caligero
930 5061 1046 5116 libri
1081 5060 1373 5132 prte‘lernnt
1404 5077 1574 5129 xxvn,
1607 5061 1695 5132 qui
1731 5076 1831 5115 nu-

222 5140 398 5206 merus
446 5147 628 5201 gralco
686 5132 903 5199 quidem
936 5129 1139 5206 textui,
1189 5131 1385 5206 ἕϐδόμῃ
1428 5137 1511 5188 καὶ
1557 5129 1713 5188 εἰκάδι
1739 5140 1829 5188 τοῦ

216 5201 621 5267 μη-»ὁςειιιὶηον
669 5214 853 5257 autem
914 5204 1001 5258 ille
1058 5201 1433 5263 Ιῐειιι-ίιξοτζν
1456 5212 1830 5267 ﬁtfit-517127:

214 5275 525 5338 rependet.
560 5274 768 5329 Eadem
797 5283 880 5328 est
910 5277 1046 5329 ratio
1102 5277 1258 5345 paulo
1290 5285 1431 5346 post,
1465 5277 1551 5329 ubi
1611 5274 1827 5346 dicitur,

212 5346 423 5417 sedisse
453 5360 581 5399 arca
607 5361 778 5417 super
806 5357 1016 5417 montes
1042 5348 1271 5401 Araratb
1292 5345 1491 5401 decimo
1512 5348 1725 5417 septimo
1748 5345 1833 5399 die

212 5415 423 5488 mensis,
457 5431 616 5484 quem
648 5415 795 5471 diem
843 5416 933 5470 alii
991 5418 1306 5488 vigesimum
1349 5415 1638 5488 septimum
1676 5416 1827 5487 juxta

208 5478 718 5541 Gnatum-Vocant.
1042 5478 1069 5488 ν
1414 5478 1429 5488 ’
1676 5478 1695 5487 ⁷
1784 5544 1787 5545 ,

284 5555 440 5630 ¢__Hie
468 5574 607 5630 vero
637 5558 895 5627 Hebrum,
933 5558 1143 5626 Gneeo,
1176 5572 1339 5630 atque
1369 5560 1488 5615 aliis
1516 5559 1669 5614 libris
1700 5574 1831 5614 con-

197 5627 628 5703 tradicentibus,
656 5631 857 5685 vitiose
905 5627 1410 5703 retinuitScaliger,
1463 5641 1576 5702 post
1624 5640 1828 5687 centum

192 5700 560 5771 quadraginta
592 5704 646 5753 di
653 5719 728 5754 es.

270 5766 302 5807 ἀ
327 5764 461 5827 Teia
489 5788 614 5843 qua:
642 5772 774 5826 hinc
810 5773 1052 5845 sequitur
1077 5764 1334 5847 periocha
1369 5787 1618 5831 versuum
1659 5772 1833 5833 ferme

1939 4841 2094 4900 deest
2143 4843 2196 4897 in
2222 4841 2588 4912 St-aligeriana
2620 4842 2877 4909 editione,
2911 4855 3071 4915 atque
3097 4849 3234 4903 adeo
3257 4848 3306 4901 in
3338 4847 3537 4903 Frehc-

1939 4919 2113 4981 τίειιιω,
2138 4926 2330 4968 cmtera
2352 4915 2568 4987 reliquis
2590 4916 2830 4969 auctiore
2850 4916 3121 4985 omnibus,
3144 4919 3537 4987 manuscripto.

1942 4987 2206 5042 Videntur
2224 4999 2401 5060 autem
2430 4985 2616 5060 verba,
2646 4997 2757 5053 post
2785 5004 2979 5060 annum
3003 4990 3277 5060 integrum.
3306 4985 3433 5055 utne
3456 4992 3539 5043 bis

1937 5066 2250 5121 recurrunt,
2278 5056 2557 5125 ipsamque
2585 5058 2827 5111 lacunam
2868 5056 3168 5124 utrinque'a
3210 5060 3317 5112 ﬁne
3343 5060 3537 5126 prioris

1940 5129 2123 5184 isocoli
2153 5126 2507 5200 concludunt,
2543 5126 2713 5182 fraudi
2751 5128 2919 5183 fuisse
2959 5131 3283 5197 antiquario,
3331 5140 3382 5181 ut
3414 5147 3536 5200 qute

1937 5216 2104 5268 supra
2129 5208 2304 5267 erant,
2324 5198 2554 5253 Solemni
2587 5200 2863 5254 oculorum
2900 5200 3048 5266 lapsu
3076 5198 3534 5266 prartermitteret.

2018 5284 2039 5308 (⁸
2071 5272 2252 5336 Nullo,
2286 5281 2375 5325 :tut
2409 5272 2752 5324 incenttnodo
2782 5286 2965 5325 sensu.
3003 5268 3280 5337 legebatur
3302 5284 3455 5326 antea
3482 5274 3535 5328 itt

1942 5342 2171 5415 vulgatis
2198 5343 2472 5415 omnibus,
2492 5341 2697 5415 inclusit
2727 5340 2911 5415 deinde
2937 5339 3077 5406 [oras
3106 5342 3406 5407 Ieneslram,
3424 5356 3535 5400 etc.

1942 5410 2103 5486 ptava
2132 5416 2293 5469 etiam
2326 5414 2779 5486 interpunctione.
2808 5410 2908 5463 Pro
2929 5425 3151 5479 quotins
3171 5419 3531 5486 reposuimus,

1938 5484 2149 5540 int-lusit
2185 5486 2319 5537 Deus
2346 5485 2557 5554 deforis
2590 5484 2888 5554 fenestram,
2920 5493 3052 5554 etc.,
3082 5498 3143 5534 ex
3177 5484 3388 5551 ingenio
3413 5488 3533 5553 qui-

1937 5558 2084 5617 dem,
2116 5572 2177 5609 ac
2219 5556 2376 5607 nullis
2426 5552 2843 5620 Suﬁragantibus
2871 5568 3001 5607 mss.
3029 5553 3144 5619 ipso
3170 5564 3347 5607 autem
3387 5552 3535 5609 recto

1939 5630 1990 5681 id
2018 5625 2268 5694 exigente
2295 5638 2487 5694 sensu,
2518 5636 2567 5676 et
2600 5624 2735 5694 :arri
2773 5633 2948 5676 textus
2983 5622 3292 5677 testimonio
3321 5634 3428 5677 tum
3482 5626 3533 5680 itt

1938 5692 2293 5765 ("agminibus
2324 5692 2496 5765 libris,
2525 5709 2647 5765 cum
2672 5693 2858 5765 iisdem
2909 5709 3074 5763 prope
3094 5696 3274 5748 verbis
3296 5695 3348 5749 in
3372 5696 3536 5765 latitia

1938 5763 2413 5839 interpretatione,
2440 5764 2644 5818 inclusit
2678 5763 2926 5821 Dominus
2954 5764 3187 5838 deforis,
3217 5774 3327 5823 etc.
3396 5768 3399 5773 ’
