3996 6322
116 244 164 310 T5
940 259 1500 326 tarsumenno
1538 260 1915 327 annorum
1958 264 2227 326 EUSEBII
2268 266 2614 329 PAMPlllLl.
3358 268 3427 331 74

133 383 357 448 postquam
407 383 633 452 genuit
685 384 924 442 Cainam
954 385 1109 442 annis
1136 401 1404 450 ccccxxx,
1448 395 1502 441 et
1541 384 1724 455 genuit
1750 386 1800 446 Α
1828 384 1913 439 Ab
1940 402 2084 442 anno
2127 386 2313 443 diluvii
2362 404 2535 459 usque
2572 388 2640 444 ad
2674 385 3014 446 nativitatem
3042 386 3277 445 Abraha:
3299 398 3430 446 sunt

144 468 245 528 ilics
269 480 315 526 et
340 472 515 530 ﬁlias.
545 474 807 533 Cainam
846 494 967 535 eum
993 486 1137 535 esset
1171 493 1435 533 annorum
1466 493 1609 533 cxxx
1637 493 1728 548 ge-

155 567 243 622 nuit
274 566 410 622 Sale.
458 567 537 623 Et
568 570 723 626 vixit
766 571 994 628 Cainam
1044 580 1332 642 postquam
1376 573 1567 643 genuit
1604 570 1728 627 Sala

164 661 283 717 annis
304 676 509 718 cccxxx
534 708 551 733 ,
584 673 643 719 et
680 665 881 735 genuit
909 664 1050 719 ﬁlios
1081 672 1136 720 et
1176 663 1351 733 ﬁlias,
1393 672 1449 719 et
1476 673 1729 720 mortuus

165 768 246 813 est.
271 756 377 813 Sala
417 772 547 814 cum
602 768 758 815 esset
800 774 1070 815 annorum
1112 774 1254 816 cxxx
1300 759 1490 830 genuit
1527 759 1727 816 Heber.

164 852 219 908 Et
254 853 363 908 vixit
412 853 549 910 Sala
608 864 899 926 postquam
938 855 1125 927 genuit
1163 854 1346 911 Heber
1400 856 1558 911 annis
1605 870 1725 921 ccc,

160 955 204 1001 et
234 945 396 1016 genuit
438 945 581 1002 ﬁlios
638 955 696 1002 et
754 947 932 1013 ﬁlias,
990 956 1045 1003 et
1102 956 1355 1004 mortuus
1403 956 1502 1004 est.
1553 947 1730 1004 lleber

159 1052 257 1091 eum
319 1047 461 1093 esset
520 1054 794 1095 annorum
866 1055 1063 1096 cxxxtv
1131 1026 1318 1111 genuit
1380 1038 1598 1096 Phalec.
1662 1040 1730 1095 Et

155 1132 276 1187 vixit
310 1131 483 1188 lleber
529 1144 823 1205 postquam
858 1134 1045 1205 genuit
1091 1134 1291 1191 Phalec
1332 1136 1488 1190 annis
1517 1150 1727 1192 ccccxx

157 1226 250 1300 [ΑΙ.
276 1226 481 1300 cccxx],
515 1239 570 1285 et
608 1229 795 1300 genuit
821 1229 961 1285 ﬁlios
984 1237 1038 1284 et
1068 1229 1228 1297 ﬁlias,
1260 1238 1315 1285 et
1341 1237 1589 1285 mortuus
1619 1238 1725 1284 est.

156 1321 381 1378 "Phalec
411 1338 538 1378 cum
568 1331 716 1381 esset
754 1338 1026 1379 annorum
1066 1339 1208 1381 cxxx
1250 1325 1439 1396 genuit
1479 1324 1720 1397 Rhagau.

154 1413 213 1470 Et
238 1416 361 1470 vixit
398 1416 601 1473 Phalec
629 1426 915 1487 postquam
944 1418 1129 1489 genuit
1151 1417 1375 1489 Rhagau
1405 1419 1561 1473 annis
1582 1433 1722 1485 ccrx,

155 1515 205 1563 et
229 1509 399 1577 genuit
428 1508 570 1565 ﬁlios
600 1517 653 1564 et
679 1508 837 1577 ﬁlias,
873 1517 929 1565 et
958 1517 1204 1565 mortuus
1225 1519 1329 1565 est.
1354 1509 1576 1581 Rhagau
1602 1526 1725 1566 cum

153 1609 285 1658 esset
316 1615 581 1657 annorum
612 1616 794 1657 cxxxn
829 1602 1016 1673 genuit
1048 1601 1283 1659 Serucb.
1332 1602 1400 1656 Et
1422 1602 1555 1657 vixit
1579 1602 1726 1657 Rha-

153 1711 260 1766 gau,
290 1705 569 1768 postquam
607 1697 799 1768 genuit
836 1695 1067 1766 Seruch,
1106 1696 1266 1751 annis
1294 1693 1323 1733 δ
1354 1710 1414 1763 c,
1448 1704 1505 1751 ct
1540 1695 1725 1767 genuit

1833 480 1961 536 anni
2012 494 2218 536 uLxxu.
2250 481 2429 538 Thare
2471 482 2575 538 iste
2612 492 2734 553 post
2769 494 3001 539 mortem
3032 482 3125 543 ﬁlii
3153 482 3235 538 sui
3264 486 3428 538 Aram

1831 572 2056 629 adduxit
2105 590 2296 631 omnes
2335 591 2466 632 suos
2513 576 2580 631 de
2628 592 2723 633 sua
2782 578 3012 649 regione
3047 586 3104 633 et
3144 577 3428 645 provincia

1836 676 1859 705 ο
1913 668 2304 740 Assyriorum,
2367 669 2461 726 ubi
2511 670 2629 725 nati
2686 672 2945 738 fuerunt,
3002 680 3057 727 et
3101 671 3375 727 Abraham
3409 714 3424 740 ,

1830 772 1886 817 et
1938 762 2187 830 Nachor,
2236 773 2292 819 et
2347 767 2513 819 Aram
2558 766 2759 820 mortui
2813 765 3024 832 ﬁlium,
3078 774 3134 823 et
3177 766 3325 821 venit
3372 768 3429 820 in

1832 864 2029 913 terram
2054 856 2268 913 Charan
2298 868 2353 914 et
2374 858 2639 914 habitavit
2668 860 2740 915 ibi
2762 861 2920 915 annis
2944 876 3061 929 ccv,
3092 870 3147 916 et
3179 870 3426 917 mortuus

1831 958 1916 1005 est
1942 950 1995 1005 in
2032 949 2275 1019 Charan,
2310 952 2401 1007 ubi
2442 951 2704 1007 habitavit
2733 953 2786 1008 in
2840 954 3060 1025 regione
3089 952 3427 1009 Chananzeo-

1832 1056 1975 1096 rum.
2007 1041 2178 1112 Hujus
2207 1041 2402 1098 Tharze
2424 1058 2566 1099 anno
2594 1061 2782 1112 xxvm,
2814 1047 3161 1117 Assyriorum
3192 1062 3288 1103 rex
3315 1048 3430 1118 pri-

1832 1149 1953 1189 mus
1985 1135 2147 1192 Belus
2197 1146 2445 1193 mortuus
2473 1145 2577 1203 est,
2608 1154 2770 1209 quem
2801 1140 3011 1212 Assyrii
3043 1139 3205 1195 deum
3252 1142 3431 1197 nomi-

1830 1236 2123 1295 naverunt,
2155 1235 2211 1283 et
2258 1228 2350 1283 alii
2379 1229 2567 1285 dicunt
2611 1229 2907 1285 Saturnum
2936 1273 2951 1297 ,
2995 1240 3156 1301 atque
3186 1232 3299 1287 ﬁlio
3326 1247 3427 1288 suo

1830 1334 2060 1389 regnum
2091 1320 2435 1376 tradiderunt
2469 1338 2483 1375 :
2514 1324 2815 1377 vocabatur
2837 1332 3018 1379 autem
3049 1323 3235 1378 Ninus.
3259 1324 3428 1395 Hujus

1829 1408 2027 1469 Tharze
2051 1426 2195 1467 anno
2246 1428 2401 1481 xux,
2446 1413 2829 1486 Sicyoniorum
2861 1415 2916 1470 in
2939 1415 3151 1471 Graecia
3180 1418 3432 1487 regnavit

1831 1502 2070 1575 Europe,
2096 1505 2355 1562 defuncto
2394 1506 2670 1579 Egialeo,
2704 1510 2793 1578 qui
2821 1509 3027 1579 primus
3047 1509 3429 1581 Sicyoniorum

1832 1600 2083 1670 regnavit
2138 1618 2153 1654 :
2218 1616 2284 1657 ex
2352 1618 2460 1673 quo
2514 1602 2851 1659 territorium
2900 1603 3428 1673 Peloponnesiorum

1833 1691 2076 1764 Egialea
2108 1698 2426 1752 vocabatur.
2748 1693 2759 1705 “

155 1787 277 1844 ﬁlios
322 1798 374 1844 et
413 1790 573 1856 ﬁlias,
610 1798 664 1844 et
733 1800 987 1845 mortuus
1015 1798 1116 1845 est.
1175 1788 1393 1846 Seruch
1425 1805 1550 1844 eum
1581 1798 1725 1844 esset
1753 1785 1803 1845 B
1901 1784 1996 1839 χι.
2034 1786 2249 1843 Nachor
2277 1789 2380 1854 vir,
2412 1787 2615 1843 Melcha
2646 1789 2867 1859 conjux.
2895 1788 3023 1845 Filii
3044 1790 3287 1855 Melchae,
3319 1788 3423 1858 Ox,

152 1895 394 1937 annorum
442 1894 464 1921 ε
518 1897 655 1938 cxxx
706 1882 897 1953 genuit
944 1881 1179 1937 Nachor.
1236 1881 1305 1936 Et
1339 1880 1475 1935 vixit
1514 1880 1723 1936 Seruch

150 1982 419 2046 postquam
444 1976 624 2047 genuit
648 1973 873 2030 Naehor
904 1974 1058 2030 annis
1084 1990 1167 2043 cc,
1200 1983 1254 2029 et
1284 1973 1472 2045 genuit
1501 1972 1644 2027 ﬁlios
1670 1981 1726 2027 et

148 2063 297 2136 ﬁlias,
344 2075 397 2122 et
438 2076 687 2123 mortuus
728 2076 836 2123 est.
870 2066 1083 2122 Nachor
1112 2082 1233 2122 cum
1272 2072 1419 2122 esset
1453 2079 1719 2120 annorum

147 2172 298 2214 Lxxtx
324 2162 505 2230 genuit
532 2160 736 2217 Thare.
773 2161 843 2215 Et
882 2160 1017 2215 vixit
1046 2159 1263 2216 Nachor
1303 2170 1590 2231 postquam
1624 2176 1718 2231 ge—

145 2254 255 2308 nuit
283 2252 450 2310 Thare
478 2255 636 2309 annis
664 2251 689 2291 ἀ
723 2269 891 2322 cxxv,
925 2262 982 2310 et
1003 2253 1189 2325 genuit
1212 2252 1356 2309 ﬁlios
1385 2260 1441 2308 et
1469 2252 1630 2319 ﬁlias,
1664 2261 1720 2308 et

140 2353 377 2400 mortuus
404 2356 500 2402 est.
534 2345 717 2402 Thare
752 2360 874 2402 cum
910 2356 1055 2402 esset
1083 2361 1353 2400 annorum
1385 2360 1495 2400 Lxx
1537 2344 1724 2415 genuit

142 2436 355 2505 Abram,
386 2448 436 2495 et
460 2437 702 2505 Nachor,
728 2448 783 2494 et
809 2438 996 2493 Aram.
1027 2441 1195 2495 Aram
1228 2446 1410 2495 autem
1441 2447 1567 2493 ante
1594 2453 1724 2494 con-

138 2539 375 2601 spectum
400 2531 566 2603 patris
609 2532 696 2587 sui
729 2538 979 2587 mortuus
1007 2540 1125 2599 est‘,
1168 2530 1497 2603 reliquitque
1526 2530 1719 2602 ﬁlium,

138 2623 231 2695 qui
257 2625 627 2684 nominabatur
648 2624 815 2696 Loth,
843 2640 1006 2699 quem
1034 2624 1245 2684 socium
1274 2624 1466 2682 habuit
1493 2624 1720 2682 Abram.

1834 1877 2013 1947 Baux,
2072 1880 2315 1947 (Samuel,
2360 1880 2547 1949 Cazat,
2594 1881 2612 1920 ι
2663 1883 2836 1949 Axau,
2887 1879 3141 1951 Pheldas,
3190 1882 3431 1950 Jeldath,

1832 1973 2081 2030 Bathuel.
2144 1973 2253 2031 lste
2286 1984 2388 2042 est,
2421 1975 2511 2045 qui
2553 1990 2713 2044 supra
2758 1975 3007 2045 Bathuel,
3053 1991 3121 2031 ex
3166 1990 3274 2046 quo
3324 1977 3434 2031 Re-

1832 2064 1996 2122 becca
2027 2083 2043 2120 :
2074 2066 2189 2122 haec
2219 2077 2303 2122 est
2324 2082 2461 2123 uxor
2487 2067 2638 2122 Isaac
2672 2087 2686 2119 :
2720 2067 3018 2123 concubina
3053 2068 3278 2139 Regma.
3305 2067 3430 2122 Filii

1830 2156 2069 2230 Regmaa,
2097 2160 2362 2227 Chaman,
2392 2161 2593 2231 Tabce,
2626 2160 2863 2229 Toehos,
2897 2162 3145 2218 Maacha.
3174 2162 3425 2217 Nascon-

1830 2260 1920 2307 tur
1948 2267 2078 2325 ergo
2113 2268 2179 2309 ex
2223 2254 2471 2310 Nachore
2501 2262 2554 2309 et
2580 2253 2790 2308 Melcha
2836 2268 3011 2309 uxore
3038 2254 3134 2309 ﬁlii
3162 2262 3310 2321 octo,
3347 2263 3432 2309 at-

1826 2358 1933 2415 que
1962 2345 2139 2414 neptis
2163 2342 2270 2416 [ΑΙ.
2298 2344 2491 2418 nepos]
2523 2344 2792 2414 Rebecca,
2817 2360 2939 2415 quae
2963 2343 3063 2399 fuit
3091 2359 3228 2400 uxor
3252 2344 3432 2399 Isaac:

1826 2441 1883 2491 et
1904 2450 1971 2491 ex
1991 2435 2196 2507 Itegma
2220 2437 2524 2493 concubina
2555 2446 2855 2493 nascuntur
2895 2437 2993 2493 ﬁlii
3021 2446 3276 2509 quatuor.
3304 2438 3437 2495 0m-

1829 2543 1930 2586 nes
1954 2545 2084 2601 ergo
2110 2530 2208 2588 ﬁlii
2236 2531 2452 2589 Nachor
2483 2532 2796 2589 duodecim.
2841 2531 3116 2588 Abraham
3161 2534 3389 2591 maritus
3411 2578 3427 2603 ,

1829 2623 1967 2683 Sara
1986 2641 2146 2697 uxor,
2173 2626 2303 2684 Filii
2333 2626 2505 2698 Sane,
2522 2627 2688 2697 Esau,
2712 2626 2882 2685 Jacob
2910 2644 2921 2680 :
2945 2627 3249 2686 concubina
3264 2628 3431 2701 Agar,

1644 2780 1876 2840 NOTE.

140 2918 289 2976 sebio
334 2916 502 2976 fuisse
528 2915 834 2991 Cainanum
881 2919 1095 2978 huncce
1133 2918 1367 2976 alterum
1408 2917 1726 2991 Arphaxadi

141 2991 304 3046 ﬁlium
326 2992 773 3062 praetermissum.
804 2990 927 3061 lpse
947 2993 1089 3047 idem
1115 2991 1382 3047 Eusebius
1411 2990 1573 3048 mOdo
1602 3006 1724 3047 eum

141 3064 326 3129 tacuit,
368 3064 455 3118 ubi
486 3065 724 3134 primum
772 3063 1195 3119 serui-nationes
1225 3064 1474 3132 digessit.
1518 3064 1729 3117 Recen-

138 3142 260 3189 seut
304 3134 388 3189 hic
430 3133 619 3189 tamen
651 3142 806 3190 tanto
850 3149 1122 3190 consensu
1178 3142 1398 3190 veteres
1435 3133 1727 3190 Euscbiaui

138 3204 263 3260 libri
291 3221 500 3273 omnes,
523 3206 656 3261 editi
690 3222 754 3261 ac
780 3222 944 3273 mss.,
975 3207 1351 3273 utPontacus,
1384 3207 1472 3275 qui
1504 3206 1727 3260 minima

134 3292 360 3348 quaque
396 3280 531 3333 mira
573 3277 862 3333 sedulitate
914 3280 1279 3348 persequitur,
1321 3278 1478 3345 nihil,
1511 3277 1579 3331 de
1620 3291 1726 3344 quo

1909 2915 1939 2957 ι)
1980 2917 2119 2995 Huic
2160 2934 2335 2995 annos
2373 2934 2513 2977 ccvu
2545 2918 2731 2995 tribuit
2772 2918 3037 2995 Scaliger,
3083 2922 3438 2995 quemadmo-

1834 2988 2049 3062 dumet
2076 2992 2128 3047 in
2158 2993 2366 3062 aliquot
2394 3008 2525 3047 mss.
2557 2992 2826 3048 Pontacus
2850 2988 3077 3050 invenit.

1911 3073 1932 3102 ε
1973 3060 2597 3136 Pontacus‘septuaginta
2617 3081 2795 3136 novent
2820 3063 3128 3135 dumtaxat,
3152 3082 3312 3136 quem
3336 3085 3437 3126 nu-

1834 3148 2044 3189 merum
2071 3134 2212 3190 haud
2240 3136 2356 3206 scio
2383 3134 2692 3206 quempiam
2728 3135 3005 3204 Veterum,
3032 3149 3123 3191 aut
3145 3134 3438 3198 Recentio-

1835 3221 1953 3276 rum
1984 3206 2238 3275 probare.
2290 3205 2410 3263 Nos
2425 3222 2566 3263 cxxx
2597 3207 2749 3275 juxta
2781 3222 2941 3276 quam
2971 3210 3230 3265 continuo
3269 3212 3437 3269 refert

1834 3275 2153 3354 Graecorum
2173 3279 2540 3354 interpretum
2563 3283 3029 3354 supputationem,
3061 3289 3114 3336 et
3141 3282 3435 3354 plerosque

136 3344 394 3404 lectorem
424 3363 585 3422 suum
616 3344 1017 3422 moneret,'hic
1063 3344 1167 3404 loci
1199 3344 1470 3403 habuerit.
1498 3348 1619 3422 Sed
1637 3363 1731 3403 ne-
1758 3344 1805 3409 C
1837 3348 1984 3422 ipsos
2024 3344 2361 3422 Eusebianos
2386 3348 2554 3422 eodd._
2579 3344 2935 3422 restituimus.
2982 3344 3154 3406 Porro
3178 3344 3431 3422 quaedam

135 3434 240 3488 que
270 3435 392 3476 eum
429 3418 598 3475 editio
641 3420 906 3491 Scaligeri
946 3430 1108 3484 tacet,
1160 3434 1282 3489 quae
1314 3429 1495 3491 tamen
1539 3419 1732 3475 subse-

134 3503 385 3559 quentem
433 3491 561 3545 inde
604 3488 914 3547 Verborum
973 3488 1304 3562 pericopent.
1362 3488 1576 3562 Cainam
1614 3507 1729 3543 cum

137 3574 264 3615 esset
313 3579 574 3637 annorum
620 3577 757 3637 cxxx
814 3563 987 3637 genuit
1045 3561 1197 3618 Salo.
1241 3561 1311 3615 Ει
1358 3564 1483 3637 vixit
1514 3561 1730 3637 (ζαξηαηι

134 3642 396 3705 postquam
420 3633 764 3705 genuitSala
801 3633 949 3689 tinnis
977 3650 1205 3697 cccxxx,
1238 3642 1283 3687 et
1325 3635 1497 3705 genuit
1519 3633 1655 3702 ﬁlios
1684 3642 1731 3687 et

134 3703 290 3776 Elius,
320 3703 546 3760 omittit.
579 3704 715 3759 Nam
744 3705 911 3761 fuisse
938 3706 1155 3776 quidem
1182 3703 1336 3760 tacet
1353 3704 1491 3759 Salze
1524 3717 1729 3771 patrem

134 3773 617 3848 Caiuanumanon
666 3773 1022 3848 Arpbaxad’i.
1069 3791 1230 3848 quem
1282 3776 1443 3848 modo
1494 3777 1729 3848 dixerat,

133 3847 379 3917 eumdem
414 3846 585 3902 ﬁlium
626 3865 638 3901 :
681 3846 853 3917 eaque
886 3848 938 3901 in
969 3863 1027 3902 re
1057 3846 1346 3902 manifesto
1380 3846 1728 3901 librariorum

132 3915 285 3986 lapsu
328 3918 398 3976 ob
425 3918 747 3974 earumdem
769 3915 995 3981 ‘vncum,
1043 3918 1182 3989 ﬁlios
1210 3926 1258 3971 et
1284 3918 1422 3989 ﬁlius
1452 3934 1729 3989 recursum

131 3998 360 4069 peccat;
378 4004 533 4069 nec_a
559 4005 670 4060 quo
702 3989 865 4046 fuerit
891 3990 1015 4045 Sala
1042 3988 1291 4069 genitus,
1310 3991 1487 4069 docet.
1516 3988 1731 4044 Verene

133 4060 291 4128 igitur
319 4061 598 4116 Eusebius
622 4106 635 4129 ,
672 4076 829 4131 quem
861 4060 1138 4116 sexcentis
1170 4060 1492 4115 testimoniis
1521 4069 1733 4115 constat

130 4131 425 4203 Eainauum
458 4130 703 4187 alterum,
720 4134 1050 4203 expunxisse
1074 4147 1107 4203 e
1130 4130 1558 4203 patriarcharum
1584 4132 1729 4203 albo,

131 4199 219 4255 hic
259 4203 529 4258 admisit?
570 4203 685 4274 Ego
728 4199 1016 4274 scripsisse
1070 4199 1369 4258 Eusebium
1427 4202 1545 4258 haec
1583 4202 1726 4270 dico,

133 4288 237 4327 non
288 4290 390 4329 suo
431 4273 641 4341 sensu,
695 4275 789 4330 sed
841 4273 905 4331 ex
964 4273 1316 4345 Septuaginta
1370 4276 1728 4342 interpretum

134 4355 313 4401 mente
350 4366 361 4399 :
393 4361 517 4401 nam
572 4356 628 4401 et
672 4355 836 4401 totam
871 4361 1159 4411 annorum,
1199 4360 1335 4415 quos
1382 4353 1637 4413 supputat
1675 4346 1729 4400 in

132 4416 360 4488 reliquis
382 4418 1057 4489 generationibusseriem
1088 4432 1258 4486 usque
1290 4417 1356 4471 ad
1381 4416 1611 4481 Nachor,
1646 4432 1733 4473 re-

133 4490 260 4541 citat
300 4489 368 4543 ad
395 4487 584 4543 eorum
618 4487 800 4543 ﬁdem.
840 4487 1321 4544 Verosimillimum
1380 4498 1560 4541 autem
1589 4488 1731 4543 arbi-

139 4566 267 4621 tror,
299 4562 391 4615 isti
433 4559 749 4615 Graecorum
786 4560 1022 4625 calculo,
1067 4561 1210 4629 quod
1244 4568 1295 4612 et
1330 4558 1525 4613 factum
1564 4575 1729 4628 supra

138 4633 407 4701 novimus,
438 4629 609 4685 alium
639 4647 854 4701 quoque
883 4631 1096 4686 llebrmt
1128 4650 1139 4682 :
1174 4629 1449 4701 interdum
1492 4631 1652 4685 etiam
1677 4638 1733 4685 et

139 4698 467 4784 Samaritani
505 4698 837 4793 exemplaris
880 4702 1193 4793 subdidisse
1214 4745 1228 4768 ,
1266 4711 1324 4755 ut
1356 4700 1631 4793 integrum
1653 4703 1725 4756 lc-
1750 4732 1807 4793 D

139 4774 269 4827 ctori
296 4784 492 4841 esset,
524 4774 613 4829 cui
645 4775 808 4828 vellet
834 4772 1118 4829 accedere.
1152 4772 1373 4827 Factum
1405 4789 1534 4828 vero
1565 4774 1727 4828 libra-

138 4843 340 4915 riorum
361 4846 544 4915 culpa,
580 4854 639 4898 ut
660 4845 871 4900 duobus
901 4845 1053 4909 aliis,
1085 4845 1151 4898 ad
1188 4844 1571 4911 compendium
1606 4845 1726 4901 libri

143 4911 471 4982 iaciendum,
499 4917 738 4983 omissis,
771 4931 913 4971 unus
941 4918 1041 4971 iste
1071 4915 1421 4986 Septuaginta
1452 4916 1727 4971 seniorum

144 4986 393 5059 calculus,
424 4989 520 5059 qui
552 4988 714 5058 Vulgo
739 4998 851 5043 tum
878 4989 1139 5058 temporis
1156 4986 1456 5059 obtinebat,
1486 4988 1731 5055 reliquus

142 5053 297 5130 fuerit
334 5077 345 5111 ε
382 5053 606 5130 tametsi
646 5053 933 5130 minusque
980 5053 1251 5127 impendio
1298 5053 1501 5114 auctori
1547 5053 1729 5129 operis

143 5127 473 5195 probaretur.
506 5129 647 5185 Hinc
666 5127 860 5185 autem
880 5145 1022 5184 novo
1050 5130 1126 5197 id,
1157 5130 1303 5201 quod
1331 5127 1603 5201 superius,
1628 5146 1730 5186 nec

143 5202 308 5273 semel
337 5201 592 5273 diximus,
628 5202 1022 5273 comprobatur
1048 5200 1369 5273 argumento
1403 5200 1416 5255 ξ
1447 5200 1584 5257 nihil
1614 5202 1728 5257 θοι*

144 5267 344 5326 licitum
387 5272 555 5328 fuisse
580 5267 890 5329 Eusebium
932 5272 985 5327 iu
1023 5267 1298 5343 ea,'quam
1332 5273 1433 5329 hoc
1463 5274 1729 5343 procemio

137 5344 473 5413 persuinxil,
501 5345 756 5410 historia,
790 5355 973 5399 certas
1003 5353 1308 5414 temporum
1341 5345 1586 5401 rationes
1608 5361 1731 5415 per-

133 5417 317 5485 sequi,
344 5418 481 5487 quod
512 5416 798 5487 proposito
820 5416 1041 5470 minime
1064 5416 1341 5487 intererat.

207 5494 235 5522 ⁸
266 5485 446 5543 Altera
470 5485 687 5558 quoque
716 5487 913 5558 isthaec
935 5489 1211 5557 pericope,
1234 5485 1428 5542 Phalec
1455 5505 1571 5543 cum
1602 5497 1729 5544 esset

124 5573 384 5612 annorum
411 5557 756 5632 cxxxgg'enuit
791 5557 1034 5632 Rhugau.
1081 5558 1147 5615 Et
1175 5559 1301 5614 tixit
1332 5558 1552 5625 PItalec,
1584 5572 1728 5632 post-

120 5646 285 5755 ianm
322 5632 495 5704 genuit
522 5630 750 5703 Rhagau
792 5631 943 5682 annis
970 5644 1115 5696 CCIX,
1143 5642 1191 5686 et
1210 5632 1385 5701 genuit
1414 5632 1550 5701 ﬁlios
1581 5630 1628 5684 et
1658 5633 1725 5701 ﬁ.-

144 5703 244 5755 ἔας.
282 5716 335 5755 et
360 5711 595 5755 mortuus
639 5711 739 5755 est.
774 5700 828 5753 in
869 5699 1230 5755 Sealiueriana
1262 5704 1514 5755 Editione
1545 5704 1721 5755 mani-

144 5703 244 5768 ias,
282 5699 340 5757 ei
360 5711 595 5757 mortuus
639 5699 739 5767 est,
774 5700 828 5772 in
869 5699 1230 5772 Sealigeriana
1262 5699 1514 5761 Editibue
1545 5699 1721 5759 mani-

116 5772 258 5835 tesm
290 5774 712 5845 Bxscriptorum
742 5771 879 5825 vitio
907 5773 1259 5831 desideratur.

403 5871 689 5936 Ρλτιιοι..
710 5950 727 5953 η
740 5863 1010 5929 xxvii.

1834 3420 1902 3475 de
1932 3418 2177 3494 Serucho
2204 3420 2426 3476 tradunt
2451 3420 2649 3494 blalala
2676 3419 2883 3494 C_hrou.
2914 3437 2968 3492 p.
3002 3424 3092 3494 75,
3125 3418 3436 3494 iisdemque

1834 3491 2019 3564 verbis
2041 3492 2320 3549 Cedrenus
2343 3508 2395 3564 p.
2437 3490 2508 3546 45
2530 3492 2663 3546 edit.
2696 3490 2833 3561 Reg.
2863 3490 2983 3562 quae
3026 3493 3095 3547 ab
3122 3492 3225 3549 hoc
3254 3490 3432 3552 Euse-

1834 3561 1908 3639 bii
1932 3563 2073 3639 libro
2099 3579 2162 3639 se
2192 3561 2755 3639 innituntaccepisse:
2785 3565 2839 3618 ἐκ
2859 3561 2951 3625 τὲῆς
2976 3566 3132 3639 φυλῆς
3153 3572 3244 3619 τοῦ
3270 3566 3433 3639 ἰᾁφεθ

1834 3636 2061 3710 ﬂammida
2089 3635 2370 3710 ὁλξεροὺχ,
2395 3633 2545 3710 ,ὅστις
2584 3635 2822 3710 ἐνήρξᾳῖο
2851 3633 3056 3710 «primo;
3084 3638 3164 3710 τὸγ
3190 3643 3281 3691 τοῦ
3319 3633 3435 3710 Ἑλ·-

1832 3706 2079 3796 inrumpet“)
2108 3705 2362 3796 δόχματὸξ·
2389 3705 2474 3763 διὰ
2500 3714 2593 3796 τῆς
2618 3705 3053 3796 εἰδωλολαζτρεξαςε
3082 3709 3243 3787 κσςθώς
3268 3708 3430 3796 Εὐσέ-

1836 3778 1945 3860 ϐςος
1972 3774 1998 3835 ὅ
2021 3774 2272 3860 Eugenio?
2293 3776 2691 3860 ρυνεγράψατο.
2722 3774 3047 3860 Επ-Ιάιέξξςιὶ
3075 3777 3239 3859 stirpe
3266 3777 3433 3860 S‘em—

1835 3852 1961 3921 elms
1991 3845 2200 3921 quidcim
2229 3850 2345 3921 fuit,
2376 3845 2473 3912 qui
2490 3845 2681 3920 primus
2698 3857 2887 3921 auctor
2908 3845 3205 3921 Elienismi,
3233 3847 3430 3921 callum

1832 3918 2431 3984 Idololatrireiiistituit,
2481 3918 2921 3989 quemadmodum
2963 3918 3219 3973 Eusebius
3270 3918 3432 3974 Pam-

1833 3989 1966 4064 phili
1992 3992 2219 4064 scripsit.
2250 3991 2452 4064 Locum
2484 3991 2753 4064 integrum
2781 3990 3431 4064 eumquesatislongum

1835 4060 1900 4117 ex
1928 4060 2176 4118 Cedreno
2204 4063 2397 4119 reeitat
2424 4061 2667 4131 Scaliger
2694 4063 2745 4115 iu
2768 4060 2977 4133 Grzrcisr
3002 4060 3222 4116 Eusebii
3253 4060 3430 4133 p.15,

1834 4134 1925 4199 qui
1974 4142 2028 4189 et
2066 4136 2367 4191 Seruchum
2401 4150 2508 4189 non
2552 4150 2617 4187 ex
2663 4131 2879 4200 Japheti
2916 4132 3107 4199 stirpe,
3148 4131 3430 4191 sed’Semi

1833 4203 2000 4261 fuisse
2031 4207 2269 4261 ostendit
2301 4224 2315 4260 :
2354 4215 2409 4260 et
2432 4202 2725 4259 Eusebium
2764 4202 2836 4255 ita
2860 4202 3144 4271 scripsisse
3184 4205 3434 4271 suspica-

1835 4286 1965 4355 tur}
1995 4282 2195 4355 Σερορχ
2225 4277 2493 4355 γενόμενος
2524 4276 2647 4355 tier
2674 4272 2767 4355 ρλέ
2799 4279 2942 4355 γεννᾷ
2972 4276 3058 4329 τὸν
3083 4279 3318 4355 ῌαχὼρ,
3347 4283 3432 4333 καὶ

1834 4342 2080 4423 ξπέζησεῖο
2108 4342 2295 4423 ἕ
2324 4342 2473 4423 ῥιεκρὶ
2496 4345 2569 4401 va’
2588 4342 2734 4423 ξηροὺς
2754 4342 3008 4423 Ἀϐραὰμ.
3032 4342 3432 4423 Οὖτο’ξ.πὲθῶςτος

1832 4419 2018 4495 ἤρξατο
2042 4428 2133 4495 eo}?
2154 4414 2511 4495 Ἐλληνίεψῷῦ2
2538 4414 3013 4495 καὶτοῡ-ᾃᾷᾑιατέᾳς
3038 4424 3141 4495 τῆς.
3158 4414 3431 4495 εἰδώλολας

1834 4487 2027 4566 simae.
2086 4491 2153 4548 Ut
2205 4507 2335 4547 vero
2366 4487 2439 4546 sit
2481 4490 2548 4544 de
2598 4487 3216 4566 Eusebii'testimonio,
3268 4491 3428 4566 quod

1834 4559 1924 4616 hic
1952 4574 2101 4618 certe
2133 4579 2240 4618 non
2263 4569 2585 4628 comparet:
2628 4560 2788 4629 longe
2827 4559 2987 4614 etiam
3022 4573 3051 4612 a
3091 4559 3197 4615 ﬁde
3234 4560 3426 4629 abest,

1834 4632 2458 4690 auctoremldololatrici
2480 4631 2653 4702 cultus
2682 4629 2980 4702 Seruchum
3007 4631 3184 4700 ipsum
3209 4641 3423 4702 putare,

1833 4705 1900 4759 ad
1925 4705 2081 4775 cujus
2113 4715 2317 4761 tantum
2352 4714 2592 4772 tempora
2622 4700 2944 4757 ldololatriae
2971 4702 3184 4758 initium
3210 4700 3311 4759 alii
3332 4700 3423 4760 re?

1833 4776 2015 4832 lerunt
2042 4777 2350 4847 Scriptores
2374 4776 2525 4829 boni.

1906 4850 1933 4885 ά
1972 4848 2149 4919 Atque
2170 4843 2332 4902 'hunc
2368 4861 2658 4919 numerum
2718 4854 2922 4916 augent
2967 4854 3127 4919 vetus
3161 4843 3328 4899 editio
3367 4851 3426 4897 et

1835 4916 2102 4990 Scaliger,
2146 4935 2308 4990 quem
2356 4918 2562 4990 iaciunt
2605 4931 2727 4973 esse
2772 4932 2953 4972 cxxtx.
2999 4916 3166 4971 Paulo
3208 4928 3427 4984 quoque

1836 5000 1958 5061 post
1980 4989 2075 5060 pro
2094 4989 2242 5058 quem
2273 4990 2490 5056 socium,
2517 4989 2699 5061 legunt
2724 5004 2873 5061 quem
2900 5004 3097 5042 secum.

1910 5072 1933 5099 θ
1973 5054 2120 5117 idem
2162 5062 2288 5116 libri
2310 5063 2372 5114 de
2401 5054 2698 5129 proviricia,
2728 5054 2914 5123 idest,
2957 5058 3311 5129 Assyriorum.
3354 5054 3426 5110 Et

1834 5149 1982 5199 mox,
2014 5134 2070 5186 in
2101 5142 2289 5187 terram
2320 5126 2572 5197 Cauaam,
2600 5146 2702 5202 pro
2727 5130 2956 5198 Charan,
2980 5126 3085 5199 qua
3106 5126 3426 5183 delectione

1830 5204 1957 5260 vide
1977 5204 2292 5261 Pontacum.

1910 5273 1929 5314 τ
1976 5276 2143 5333 Deest
2170 5276 2259 5332 hic
2280 5277 2429 5332 Axau
2460 5277 2515 5328 in
2538 5273 2903 5346 Scaligeriana
2933 5269 3344 5346 editione,_qu:e
3370 5278 3429 5325 et

1832 5347 1969 5419 legit
2001 5347 2271 5420 AJedaap/t,
2323 5342 2707 5420 proAJeldath,‘
2738 5355 2810 5420 _et
2849 5343 3052 5420 Reitma
3080 5342 3428 5420 continenter

1833 5411 1932 5491 pro
1988 5411 2201 5491 Regina,
2247 5411 2301 5474 et
2323 5411 2970 5491 'Tabeelt,_et_Moso_eh,
3014 5430 3113 5486 pro
3157 5411 3354 5491 Tabes.
3370 5421 3428 5466 et

1835 5482 2299 5561 Maacha'aat'que
2328 5492 2462 5544 inlra
2492 5488 2751 5561 Nabeoljt,
2779 5496 2835 5561 et
2862 5482 3090 5561 Maenia.
3123 5500 3217 5554 pro
3247 5482 3430 5561 Naita-

1836 5561 1966 5626 loth,
2002 5571 2056 5615 et
2099 5552 2287 5614 Mus-na
2334 5577 2352 5613 :
2394 5560 2631 5627 denique
2661 5557 2902 5627 Gephar,
2941 5552 3169 5630 Nupltdr
3201 5570 3297 5623 pro
3328 5552 3432 5630 βε-

1831 5624 1988 5703 phar,
2020 5630 2250 5702 Gephar,
2283 5645 2403 5700 quae
2432 5624 2630 5699 passim
2659 5624 2929 5683 annotare
2965 5624 3098 5684 saue
3139 5624 3435 5697 permoles-

1833 5714 1946 5761 tum
1969 5710 2073 5761 εει.

2960 5853 3001 5919 3
