3996 6296
1289 259 1636 322 CHRONICA
1675 251 1975 328 EUSEBII,
2010 246 2457 315 INTEBPRETE
2497 256 2558 315 S.
2600 248 3026 314 HIERONYMO.

3701 234 3806 302 101

503 401 878 447 ιιρειιλτοιιιε
908 398 1249 442 ROMANORUI;
1475 403 1689 440 mataras
1725 401 1952 438 natura.

3089 363 3338 444 ράκαλλος
3634 359 3723 422 ἔτη
3763 365 3794 427 ζ

505 482 570 541 C.
627 483 802 541 Julius
849 483 1028 539 Caesar
1067 495 1159 538 an,
1198 473 1255 547 4,
1336 473 1934 550 θΓαΐοςΊούλιοςΚαῐσαρ
1957 468 2098 530 {mg

2236 468 2479 524 lacrinus
2707 466 2898 521 Annos
2934 463 2962 518 1
3040 467 3299 540 Μακρῖνος
3757 452 3804 510 α’

983 585 1198 627 menses
1227 567 1261 623 6

2236 561 2273 616 ι.
2301 561 2554 618 Aurelius
2574 557 2879 614 Antoninus
2923 553 2960 610 4
3032 562 3314 614 Ἀντωνῖνος
3343 550 3590 630 Αὐρήλιος
3763 547 3806 605 δ’

507 670 781 740 Augustus
809 665 992 724 Caesar
1038 679 1129 720 an.
1162 662 1250 727 56,
1327 667 1532 737 Καῖσαρ
1560 657 1858 732 Αὔγουστος
2033 657 2100 724 νζ⁸

2236 651 2516 709 tlexander
2569 650 2848 707 Mammeae
3027 643 3346 722 Ἀλέξανδρος
3418 640 3445 699 ὁ
3523 641 3804 740 Μαμμαίας

978 769 1193 814 menses
1223 752 1256 809 6
1501 732 1512 737 ’

2279 746 2421 801 illius
2892 741 2962 797 ιδ
3105 738 3214 800 υἱός
3741 732 3803 807 ιγ’

506 853 751 914 Tiberius
1185 849 1260 904 25
1331 851 1564 924 Τιϐέριος
2026 847 2100 901 κδ’

2236 839 2531 896 laxiininus
2929 834 2962 888 5
3032 835 3304 903 Μαξιμῖνος·
3770 824 3807 880 θ’

507 947 572 1003 C.
598 945 838 1018 Caligula
882 959 977 1001 an.
1003 945 1060 1013 5,
1095 959 1170 999 m.
1202 942 1270 1000 10
1349 941 1368 981 ί
1394 918 1544 1004 Γάϊος
1561 941 1896 1015 Καλλιγούλας
1926 938 2014 1000 ἴτη
2033 938 2100 1013 γ’,

2236 935 2513 992 iordianus
2922 929 2957 989 6
3028 925 3300 1005 Γορδιανὸς
3768 918 3807 982 ς’

1408 1044 1571 1108 μῆνας
1603 1034 1654 1088 ι’.

2236 1033 2489 1104 Ἰιὶιίρρυε
2922 1025 2956 1082 7
3030 1025 3274 1086 Φίλιππος
3767 1015 3807 1082 ζ

509 1131 764 1192 Claudius
788 1148 875 1191 an.
913 1132 1012 1201 13,
1040 1147 1112 1188 ni.
1150 1130 1183 1186 8
1211 1139 1262 1199 α,
1341 1127 1576 1190 ελαύδιος
2041 1127 2103 1200 ιγ’

2236 1129 2406 1185 )ecius
2619 1139 2711 1180 an.
2743 1123 2798 1190 1,
2827 1136 2908 1184 m.
2928 1123 2963 1178 5
3037 1121 3206 1182 Δέκιος
3761 1113 3808 1185 β’

1101 1224 1154 1281 d.
1189 1223 1261 1279 28

2236 1220 2398 1278 lallus
2427 1226 2484 1276 et
2506 1217 2836 1275 Volusianus
2922 1213 2958 1268 2
3031 1212 3217 1275 Γάλλος
3252 1212 3340 1267 καὶ
3369 1207 3696 1269 saeuam
3763 1204 3810 1278 β’

510 1321 654 1380 Nero
678 1335 767 1380 an.
797 1320 884 1390 15,
911 1335 987 1376 ιη.
1014 1319 1071 1391 7,
1103 1318 1160 1375 d.
1188 1317 1260 1372 28
1330 1319 1473 1394 Νὲρω
2043 1310 2103 1386 ιγ’

2236 1316 2530 1374 falerianus
2554 1325 2610 1372 et
2650 1313 2856 1372 Gallie-
3039 1307 3723 1387 ΟὖαλεριανὸςκαίΓαλιηνός
3757 1303 3811 1361 ιε’

509 1413 877 1486 Vespasianus
893 1426 982 1468 an.
999 1411 1056 1482 9,
1074 1427 1148 1468 tn.
1168 1411 1257 1480 11,
1334 1410 1725 1470 Οὐεσπασιανὸς
2076 1404 2104 1460 ι’

2285 1427 2388 1468 nus
2897 1406 2966 1464 15
3203 1399 3205 1401 ’

1111 1505 1168 1562 d.
1197 1505 1270 1559 22

2236 1504 2470 1560 Ilaudius
2614 1517 2706 1558 an.
2740 1500 2795 1567 1,
2827 1515 2900 1556 m.
2931 1499 2965 1554 9
3048 1498 3064 1553 l
3105 1494 3350 1562 musae;
3764 1493 3811 1552 α’

508 1599 666 1659 Titus
690 1598 1049 1672 Vespasianus
1077 1613 1166 1654 an.
1197 1597 1258 1666 2,
1333 1607 1482 1660 Τῖτος
1511 1594 1906 1656 οὺσσπασιανὸς
2059 1592 2106 1665 β’

2236 1596 2539 1652 lurelianus
2615 1610 2707 1649 an.
2739 1592 2795 1662 5,
2827 1607 2903 1647 m.
2936 1589 2970 1646 6
3041 1590 3337 1666 Δύριλιανός
3773 1584 3812 1648 ς’

1125 1692 1268 1746 m.8
1522 1751 1531 1762 ,

2236 1689 2432 1744 l‘acitus
2825 1700 2902 1739 m.
2933 1683 2967 1739 6
3039 1683 3253 1743 Τάκιτος
3587 1688 3752 1755 μῆνας
3773 1679 3812 1741 ς’

509 1785 850 1843 Domitianus
870 1799 961 1842 an.
991 1785 1082 1853 15,
1116 1800 1190 1840 m.
1224 1784 1259 1840 5
1333 1787 1658 1857 Δομειτιανὸς
2047 1779 2103 1835 ιε’

2236 1779 2423 1835 ’robus
2573 1792 2662 1832 an.
2689 1774 2745 1844 6,
2773 1791 2850 1831 In.
2879 1775 2913 1830 4
2940 1782 2964 1822 8
3041 1774 3233 1848 Πρόϐος
3383 1769 3472 1830 ἔτη
3497 1771 3561 1839 ς’,
3585 1780 3744 1844 μῆνας
3769 1767 3811 1827 δ’

509 1879 685 1937 Nerva
918 1895 1008 1937 an.
1041 1880 1097 1949 1,
1127 1895 1201 1934 m.
1231 1877 1267 1932 4
1338 1881 1558 1958 Νέρουας
2061 1874 2106 1930 α’

2236 1874 2390 1934 Sarus
2426 1888 2550 1930 cum
2595 1871 2716 1928 ﬁliis
2753 1869 2856 1928 Ca-
3037 1870 3199 1947 κάρος
3229 1869 3324 1924 σὺν
3350 1874 3464 1928 τοῖς
3492 1868 3689 1932 παισὶ,
3719 1878 3816 1921 ια·

508 1973 776 2044 Trajanus
878 1988 969 2033 an.
1001 1972 1091 2040 19,
1124 1988 1198 2028 m.
1232 1972 1266 2028 6
1338 1957 1583 2052 Τραιανὸς
2052 1967 2108 2022 ιθ¹

2291 1973 2412 2028 rino
2432 1980 2489 2026 et
2516 1967 2844 2025 Numeriano
2931 1964 2968 2020 2
3111 1966 3236 2042 ρίνῳ
3261 1964 3342 2019 καὶ
3369 1968 3705 2039 Νουμσριανῷ
3770 1957 3814 2033 β’

513 2067 822 2130 Hadrianus
1194 2066 1261 2122 2i
1339 2065 1596 2142 Ἁδριανὸς
2039 2059 2110 2118 κοί

2236 2066 2588 2123 Diocletianus
2899 2058 2972 2117 20
3045 2058 3400 2120 Διοκλητιανός
3775 2053 3817 2108 κ’

507 2162 780 2218 Antonius
811 2160 938 2215 Pius
973 2174 1099 2215 cum
1139 2157 1268 2212 [iliis
1336 2165 1630 2217 ’Δντωνῖνος
1659 2154 1686 2211 ὃ
1711 2155 1993 2218 tutamen;
2018 2156 2114 2208 Εὐ-

2236 2160 2472 2217 Galerius
2937 2153 2975 2208 2
3048 2153 3289 2232 Γαλέριος
3772 2146 3818 2220 β

1417 2251 1574 2312 σεϐἠς·
1635 2254 1730 2306 σὺν
1777 2258 1889 2312 τοῖς
1936 2251 2115 2306 παισὶν

1419 2345 1647 2420 Δὺρηλίῳ
1679 2345 1765 2398 καὶ
1790 2345 1989 2415 Λουκίῳ
2042 2343 2117 2418 κγ’

1343 2438 1542 2516 Μάρκος
1599 2445 1893 2498 Ἀντωνῖνος
1951 2437 1978 2492 ὁ
2037 2439 2121 2492 καὶ

585 2253 806 2310 Aurelio
855 2259 910 2308 et
959 2251 1127 2306 Lucio
1179 2265 1268 2306 an.

957 2342 1272 2412 22b,m.3

514 2439 586 2498 Μ.
619 2437 946 2504 Antoninus,
975 2437 1067 2508 qui
1087 2446 1146 2493 et
1168 2437 1273 2493 Ve-

586 2549 722 2604 rus,
779 2541 836 2590 et
877 2532 958 2604 ,L.
1017 2531 1270 2589 Aurelius

586 2625 979 2684 Commodusa.
1001 2625 1274 2692 19,ηι.1ε

514 2717 844 2775 Commodes
1199 2717 1272 2775 15

1416 2535 1628 2610 Οὐῆρος,
1644 2533 1862 2593 Λούκιός
1885 2551 1937 2589 τι
1960 2533 2122 2611 Αὐρή-

1422 2625 1525 2687 λιος
1556 2624 1582 2680 ὁ
1608 2628 1694 2681 καὶ
1720 2623 1977 2698 Κόμμοδος
2068 2622 2122 2680 ιϐ’

1343 2716 1612 2791 Κόμμοδος
2055 2718 2116 2793 ιγ’

516 2813 740 2870 Helvius
768 2812 1027 2870 Pertinax
1135 2829 1210 2867 In.
1241 2815 1274 2869 6
1347 2813 1566 2875 Ἐλουΐος
1595 2815 1834 2892 Περτίναξ
1901 2822 2065 2887 μῆνας
2085 2813 2124 2876 ς’

515 2906 749 2964 Severus
975 2979 977 2982 ⁴
1083 2921 1174 2963 an.
1202 2908 1270 2964 18
1345 2915 1591 2982 ἃουῆρος·
1945 2905 2034 2966 ἔτη
2058 2908 2122 2965 ιη’

515 3001 818 3063 Antoninus
844 2999 1117 3060 Caracalla
1143 2999 1170 3039 ιί
1229 3002 1260 3057 7
1337 3001 1668 3066 Ἀντωνῖνοςὸ
1697 3003 1977 3066 ἕπικληθιὶς
2024 3017 2124 3060 Ka-

2221 2250 2607 2308 Constantinus
2618 2263 2708 2304 an.
2722 2247 2813 2314 50,
2828 2245 2979 2303 m.lo
3052 2250 3426 2310 κωνσταντῖνος
3437 2241 3526 2304 In
3537 2242 3576 2310 ζ
3586 2285 3600 2309 ,
3617 2244 3779 2316 μῆνας
3793 2238 3821 2294 ι’

2221 2342 2612 2403 Constantinus
2629 2384 2645 2410 ,
2675 2338 2703 2378 ιι
2735 2341 2877 2398 Con-

2295 2437 2528 2495 stantius
2555 2479 2572 2506 ,
2623 2442 2680 2491 et
2726 2432 2876 2490 Con-

2299 2541 2450 2586 stans
2467 2544 2555 2584 an.
2575 2529 2665 2595 24,
2682 2542 2756 2582 m.
2778 2527 2832 2594 5,
2851 2524 2984 2582 d.l3
3537 2526 3566 2557 ί

2228 2622 2475 2682 Julianus
2503 2622 2768 2694 Apostata
2795 2634 2887 2676 an.
2920 2620 2978 2687 2,

2837 2711 2980 2768 m.8

2226 2811 2547 2872 Iovinianus
2841 2823 2917 2864 m.
2950 2806 2984 2862 8

2227 2908 2664 2978 Valentinianus,
2691 2906 2872 2964 etVa-

2299 3003 2416 3062 lens
2517 3019 2608 3060 an.
2648 3002 2733 3071 15,
2766 3017 2839 3058 ω.
2870 3000 2904 3056 5
2937 2997 2978 3054 ί.

2052 3139 2283 3198 NOTAE.

591 3269 616 3299 ⁸
642 3259 889 3331 Scaliger
906 3274 1007 3333 pro
1036 3268 1152 3315 octo
1179 3261 1367 3319 scribit
1385 3277 1569 3333 norem
1594 3275 1833 3333 menses,
1865 3259 2116 3318 tondcm-
2142 3261 2188 3324 C

516 3348 624 3401 que
655 3333 796 3388 infra
827 3331 928 3404 pro
972 3333 1255 3397 undecim;
1297 3333 1350 3388 in
1382 3331 1718 3404 Vespasiano
1766 3332 1887 3388 Tito
1934 3343 2116 3389 autem

519 3406 658 3462 duos
687 3414 895 3459 tantum
924 3420 1024 3474 pro
1055 3412 1170 3457 octo
1199 3405 1413 3460 tribuit.

595 3476 621 3514 δ
664 3474 826 3531 Falso
854 3475 1128 3547 Pontacus
1153 3476 1342 3547 viginti
1391 3484 1503 3531 tres
1532 3490 1704 3531 annos
1754 3483 1808 3530 et
1850 3476 1992 3547 quod
2025 3491 2121 3533 ex-

519 3547 697 3603 currit
738 3546 974 3602 Antonio
1005 3547 1102 3602 Pio
1128 3546 1427 3614 asserebat,
1462 3563 1584 3602 cum
1617 3549 1830 3602 etiamsi
1870 3546 2118 3603 rationes

521 3621 676 3675 ineas
711 3632 740 3672 a
770 3619 879 3685 die,
904 3633 1009 3686 qua
1044 3617 1258 3688 imperii
1290 3618 1494 3686 collega
1537 3619 1772 3675 asscitus
1800 3627 1884 3674 est
1913 3619 1981 3675 ab
2015 3620 2118 3674 lla-

521 3691 755 3756 driano,
813 3689 1032 3745 nonnisi
1089 3690 1209 3743 dies
1269 3692 1521 3762 undecim
1573 3706 1735 3760 supra
1792 3692 2117 3762 vigesimum

524 3766 741 3815 tertium
789 3775 990 3815 annum
1026 3762 1284 3830 regnarit.
1323 3761 1513 3816 Verius
1551 3771 1734 3817 autem
1763 3761 1832 3816 ab
1861 3761 2116 3815 lladriaui

523 3845 700 3886 morte
725 3832 1126 3902 supputandum
1157 3839 1264 3896 est,
1293 3847 1319 3884 a
1347 3849 1459 3902 quo
1486 3847 1659 3886 annos
1687 3833 1780 3899 22,
1811 3847 2028 3886 menses
2059 3833 2115 3898 7,

521 3903 640 3958 dies
682 3901 1105 3971 26,7itnperium
1150 3902 1405 3955 obtinuit.
1445 3901 1804 3958 Restituimus
1843 3904 1982 3958 adeo
2018 3917 2116 3958 nos

518 3973 670 4044 juvta
699 3974 1064 4043 Scaligcrum,
1084 3972 1343 4044 aliosilue
1375 3972 1568 4037 libros,
1601 3990 1764 4028 annos
1790 3974 1882 4040 22,
1915 3984 2116 4030 cultera

523 4041 589 4098 ad
625 4041 888 4107 Eusebii}
936 4041 1400 4113 sive_llier0nymi
1433 4044 1670 4098 rationes
1697 4087 1709 4108 ,
1739 4054 1898 4112 prout
1938 4056 2114 4113 erant,

525 4127 815 4168 remanere
850 4113 1012 4183 passi.
1045 4110 1306 4168 Griecuni
1338 4113 1661 4169 laterculum
1703 4110 1804 4170 suo
1838 4132 1990 4170 more
2019 4110 2117 4168 ab;

522 4187 700 4239 solute
733 4185 920 4255 viginti
952 4196 1063 4237 tres
1103 4193 1393 4250 numerat,
1419 4202 1526 4256 quo
1571 4185 1776 4241 scilicet
1821 4200 1985 4250 anno,
2033 4196 2116 4241 ta-

525 4257 686 4311 metsi
709 4257 993 4310 dumtaxat
1017 4256 1254 4322 incepto,
1276 4266 1368 4310 aut
1402 4265 1550 4311 certe
1574 4272 1681 4311 non
1702 4258 1940 4322 expleto,
1962 4258 2116 4313 obiit.

598 4339 618 4364 ε
651 4327 803 4390 Illud,
834 4343 1006 4380 mense
1034 4343 1158 4387 una,
1191 4328 1334 4397 quod
1363 4327 1592 4397 ipsemet
1623 4331 1674 4382 in
1719 4329 1989 4383 ClirOnico
2024 4329 2118 4382 atl-

522 4398 604 4453 dit
634 4399 916 4462 Eusebius,
953 4400 1004 4450 in
1036 4397 1345 4454 l’0ntaccna
1373 4409 1552 4454 autem
1584 4400 1825 4454 editione
1855 4401 1939 4454 liic
1968 4399 2115 4454 desi-

523 4470 852 4541 derabatur,
905 4467 1310 4541 suuecimnset
1348 4486 1444 4541 nos
1483 4481 1607 4541 post
1645 4470 2010 4540 Scaligeruin,
2055 4486 2120 4526 ac

525 4540 848 4594 vetustiores
897 4539 1182 4612 editiones.
1237 4539 1314 4595 Re
1362 4539 1523 4595 etiam
1565 4541 1701 4612 ipsa,
1753 4539 1964 4596 tametsi
2009 4556 2115 4596 non

525 4613 739 4682 integro
769 4611 1202 4682 mense,dielius
1227 4614 1418 4666 saltem
1447 4611 1729 4682 undecim,
1763 4613 1974 4681 imperii
2025 4630 2120 4667 an-

527 4681 661 4737 nnni
689 4681 1150 4753 undevicesimum
1193 4698 1579 4753 supergressus
1619 4681 1800 4738 est'lll.
1837 4684 2115 4749 Aurelius,

524 4755 667 4826 quod
697 4770 763 4809 ex
792 4751 1175 4807 historicorum
1205 4751 1559 4820 testimoniis,
1589 4766 1642 4809 et
1669 4770 1788 4810 cum
1820 4755 2009 4826 primis
2049 4770 2114 4808 ex

519 4823 666 4880 Julio
700 4825 1008 4894 Capitolino
1053 4825 1344 4896 colligitur.
1387 4827 1633 4880 Alterum
1676 4827 1743 4880 ab
1786 4823 2112 4896 liocnomcn

523 4897 714 4952 vitiose
742 4899 794 4951 in
835 4906 993 4950 antea
1022 4895 1396 4952 editis/Elius
1434 4898 1708 4966 Pertinax,
1741 4913 1841 4966 pro
1875 4895 2111 4963 Helvius,

520 4976 628 5021 etc.
661 4969 960 5023 dicebatur.

588 5039 613 5075 ι¹
639 5040 744 5095 Sex
769 5049 973 5094 tantum
997 5053 1170 5094 annos
1186 5037 1478 5094 Caracalla:
1494 5038 1736 5095 trihuunt
1753 5054 1872 5096 cum
1892 5049 2109 5096 veteres

517 5109 662 5175 alim,
697 5121 807 5164 tum
845 5109 1036 5164 Latina
1073 5110 1330 5181 Scaligeri
1373 5109 1570 5182 editio;
1605 5111 1746 5180 quod
1777 5121 1864 5168 est
1891 5112 2106 5182 quidem

521 5196 654 5235 vero
683 5183 937 5251 ιποιιίυε,
967 5183 1010 5234 si
1049 5181 1231 5236 Dionis
1250 5225 1266 5250 ,
1295 5181 1388 5251 qui
1418 5190 1544 5235 tunc
1587 5186 1846 5248 temporis
1869 5181 2105 5246 vivebat,

522 5250 834 5306 testimonio
884 5251 1032 5306 omni
1091 5250 1485 5322 propemodum
1537 5253 1858 5320 exceptione
1914 5257 2107 5322 majori

517 5324 856 5392 stcmus,u|ii
887 5339 1008 5378 eum
1040 5323 1201 5378 tradit
1222 5325 1361 5379 libro
1375 5337 1580 5377 Lxxvm
1607 5334 1770 5392 supra
1792 5339 1884 5378 sex
1912 5339 2106 5391 annos,

517 5409 626 5448 non
672 5395 773 5449 nisi
815 5391 1028 5448 duobus
1067 5395 1372 5461 mensibus,
1415 5391 1754 5463 totidemque
1792 5394 1983 5450 diebus
2022 5411 2081 5451 re

517 5479 735 5537 gnasse.
766 5467 1088 5537 Spartianus
1114 5476 1295 5522 tamen
1317 5508 1333 5532 ,
1381 5481 1542 5537 quem
1573 5463 1673 5520 hac
1706 5467 1822 5535 ipsa
1853 5469 1920 5520 de
1942 5479 2102 5521 causa

519 5533 716 5604 Pagius
759 5533 1144 5604 reprehendit,
1195 5533 1413 5604 sibique
1453 5538 1675 5592 minimc
1713 5533 1966 5594 constare
2007 5538 2104 5603 ait,

517 5603 732 5681 longius
765 5603 934 5661 multo
962 5618 1175 5681 tempus
1203 5603 1334 5660 illud
1368 5607 1633 5681 protrahit
1679 5625 1692 5662 :
1721 5608 1960 5681 licetque
2008 5610 2108 5664 du-

781 5690 912 5800 qum
960 5691 1025 5732 ex
1075 5671 1197 5748 'ejus
1252 5671 1516 5736 sententia
1575 5679 1840 5738 Eusebius
1874 5671 2106 5755 'qnoquc

749 5759 795 5801 rt
827 5784 840 5797 .

749 5759 840 5801 ιἰι.

2296 3270 2333 3334 θ,
2352 3260 2435 3318 Ab
2447 3260 2732 3334 ,Syncello,
2756 3258 2846 3330 qui
2873 3257 2940 3313 de
2968 3271 3118 3313 more
3134 3255 3364 3334 totidem
3388 3254 3502 3312 fere
3533 3254 3826 3334 Eusebium

2223 3332 2405 3388 verbis
2427 3327 2738 3402 descripsit,
2769 3327 2868 3384 hoc
2892 3345 3106 3400 quoque
3133 3329 3498 3402 Romanorum
3531 3327 3832 3402 imperato-

2223 3420 2342 3460 rum
2386 3397 2708 3459 laterculum
2728 3397 2733 3398 ν
2753 3397 3090 3456 θιεοίείηιύε
3115 3416 3144 3454 a
3177 3415 3298 3470 pag.
3325 3399 3433 3456 250
3457 3397 3674 3470 Veneta
3693 3399 3827 3456 edit.

2221 3476 2286 3531 ad
2322 3475 2480 3531 linem
2515 3489 2686 3544 usque
2714 3473 2830 3544 ejus
2867 3468 3344 3543 clironographize,
3375 3485 3496 3540 qua:
3528 3472 3580 3524 in
3614 3468 3832 3528 Diocle-

2227 3549 2378 3601 tiano
2406 3546 2623 3602 desiuit.

2300 3616 2404 3672 ‘In
2447 3620 2549 3672 hoc
2595 3629 2741 3686 saepe
2777 3615 2843 3669 ab
2890 3613 3233 3686 Eusebianis,
3277 3628 3346 3686 ex
3395 3611 3582 3686 Latina
3630 3613 3827 3670 saltem

2224 3685 2704 3757 interpretatione,
2758 3687 2983 3742 calculis
3039 3685 3246 3741 abludit
3301 3685 3626 3758 Syncellus,
3679 3688 3828 3755 quod

2222 3774 2435 3815 menses
2465 3760 2557 3829 qui
2587 3758 2791 3812 solidos
2821 3773 2992 3812 annos
3021 3766 3380 3829 exsuperant,
3414 3765 3556 3829 tacet
3587 3774 3600 3812 :
3633 3772 3832 3826 quam-

2221 3847 2380 3902 quam
2424 3826 2496 3886 id'
2529 3830 2713 3902 malim
2758 3843 2859 3899 ego
2898 3826 3217 3902 plerumque
3236 3826 3829 3902 librariorumupotius

2220 3897 2380 3973 quam
2411 3901 2646 3956 auctoris
2662 3897 2963 3973 oscitantim
2983 3897 3400 3973 tribui.AAli_as_si
3423 3897 3556 3956 levis
3579 3898 3828 3973 dierum,

2220 3969 2310 4026 aut
2362 3975 2522 4028 unius
2569 3972 2866 4027 alteriusve
2895 3971 3098 4024 mensis
3137 3969 3207 4024 sit
3248 3969 3525 4035 defectus,
3571 3970 3831 4024 absolute

2221 4043 2351 4098 illud
2381 4046 2612 4114 spatium
2652 4058 2748 4114 pro
2775 4057 2919 4097 anno
2955 4051 3232 4114 supputat,
3261 4039 3520 4114 Primum,
3550 4040 3637 4095 hic
3669 4039 3829 4096 vides

2222 4115 2274 4169 in
2314 4111 2539 4170 Claudio
2574 4129 2636 4169 ac
2655 4111 2902 4178 Nerone,
2949 4113 3178 4168 alterum
3217 4111 3270 4166 in
3303 4111 3634 4182 Vespasiano
3660 4120 3830 4183 atque

2221 4187 2371 4253 aliis,
2403 4202 2526 4257 quan
2559 4187 2674 4240 !oca
2715 4185 3024 4254 singillatim
3052 4183 3358 4254 expendere
3380 4223 3397 4250 ,
3429 4198 3537 4238 non
3566 4193 3749 4237 vacat.

2299 4266 2322 4303 π
2351 4254 2597 4326 Scaliger
2627 4267 2727 4312 (res
2757 4265 2960 4318 tamam
2995 4269 3211 4309 menses
3250 4268 3348 4323 pro
3383 4265 3607 4325 quatuor
3652 4254 3828 4310 ascri-

2222 4327 2337 4392 bit;
2364 4343 2426 4383 ac
2457 4328 2621 4383 refert
2653 4330 2766 4398 ipse
2796 4328 2957 4382 etiam
3005 4326 3361 4381 Cassiodorus
3382 4367 3397 4392 ,
3425 4326 3635 4394 aliquot
3665 4326 3829 4381 dum-

2224 4409 2372 4454 taxat
2420 4399 2537 4454 dies
2586 4414 2748 4468 supra
2802 4405 3014 4452 sextum
3075 4411 3276 4452 annum
3333 4406 3552 4468 tresque
3600 4412 3828 4452 menses

2223 4468 2460 4526 Probum
2491 4467 2778 4538 imperium
2823 4469 3142 4524 obtinuisse.
3183 4467 3650 4523 Absolnteautcm
3692 4485 3828 4538 qua-

2223 4551 2340 4595 tuor
2371 4551 2628 4614 suppntat
2670 4541 3035 4614 Syncellushin
3077 4538 3272 4614 Graeco
3304 4539 3596 4606 laterculo,
3628 4555 3826 4614 quam-

2145 4651 2196 4711 υ
2224 4628 2394 4711 quea
2420 4611 2677 4711 εςειβεθν.
2695 4611 3033 4711 inluni”
3054 4612 3821 4711 genere.uestiui:-

2293 4681 2321 4719 ¹ι
2355 4685 2428 4738 De
2455 4680 2729 4754 stquine
2759 4695 2881 4754 post
2902 4681 3248 4754 Constantini
3281 4680 3595 4754 Vicetinalia
3628 4680 3829 4737 subse-

2219 4765 2478 4823 quuntur,
2512 4751 2900 4825 Hieronymum
2933 4753 3246 4808 adtexuisse
3287 4751 3354 4825 ad
3378 4751 3626 4825 Valentis
3649 4769 3825 4819 usque

2220 4822 2431 4890 necem,
2467 4822 2592 4880 sive
2622 4822 2965 4880 consulatum
2993 4825 3115 4894 ejus
3139 4839 3187 4880 vt
3216 4834 3271 4880 et
3309 4822 3679 4879 Valentiniani
3713 4825 3823 4881 ite-

2217 4912 2335 4952 rum
2357 4938 2371 4960 ,
2401 4913 2559 4951 nemo
2589 4907 2707 4960 est,
2741 4898 2829 4966 qui
2860 4899 3094 4967 ignoret.

2296 4967 2310 5004 ί
2356 4968 2452 5023 llis
2486 4967 2668 5022 subdit
2705 4965 2960 5038 continua
2989 4968 3135 5023 serie
3176 4965 3486 5022 Parmensis
3518 4979 3625 5022 ms.
3653 4968 3822 5038 longa

2217 5039 2418 5096 lacinia
2450 5039 2879 5113 ἀνακεφαλαίωσιν
2924 5037 3184 5096 hactenus
3227 5038 3631 5110 descriptorum
3679 5037 3821 5095 tem-

2290 5255 2302 5306 l
2350 5255 2503 5328 Legit
2531 5255 2584 5311 in
2607 5252 2808 5328 Graeco
2835 5252 3077 5328 Scaliger
3104 5251 3192 5312 ἔτη
3215 5252 3284 5328 β,
3315 5252 3458 5324 quod
3482 5259 3570 5308 est
3593 5250 3820 5323 quidem

2219 5325 2779 5383 nedum'Eusebianis
2809 5325 3109 5383 rationibus
3147 5325 3317 5392 magis
3353 5334 3813 5392 consentaneum,

2217 5400 2311 5452 sed
2340 5401 2503 5453 etiam
2535 5399 2916 5454 historicorum
2947 5395 3301 5459 testimoniis,
3334 5411 3397 5449 ex
3428 5395 3627 5466 quibus
3658 5396 3820 5451 colli-

2250 5484 2345 5524 ere
2384 5480 2506 5534 est,
2547 5471 2752 5539 aliquot
2795 5470 2958 5539 etiam
2995 5481 3208 5539 menses
3240 5480 3400 5539 supra
3453 5467 3594 5521 duos
3637 5482 3820 5522 annos

2241 5540 2496 5595 Ilandium
2526 5536 2805 5610 regnasse.
2835 5536 3329 5610 Verosimiliushic
3354 5547 3537 5610 tamen
3570 5539 3819 5602 videtur,

2214 5609 2528 5682 Syncellum
2557 5607 2678 5666 cum
2709 5613 2827 5665 hare
2846 5607 3180 5682 abEusebio
3206 5607 3566 5682 describeret,
3592 5625 3821 5666 menses

2211 5681 2280 5737 ab
2311 5697 2378 5736 eo
2407 5691 2696 5738 annotatos
2720 5681 3074 5749 pra-teriisse,
3105 5688 3198 5734 aut
3222 5687 3370 5734 certe
3391 5681 3702 5740 scribarum
3731 5683 3821 5742 in-

2212 5754 2364 5813 curia
2391 5770 2458 5814 ex
2488 5755 2605 5827 ejus
2629 5751 2977 5826 posmodum
3005 5749 3162 5810 libris
3191 5750 3484 5810 excidisse.
