4016 6370
169 429 275 486 665
720 430 778 488 8.
820 427 1202 488 HIERONYMI
1226 428 1785 489 .INTERPBETATIC

1896 432 2213 492 ilRONlC/E
2254 435 2526 495 EUSEBII
2566 435 2918 496 PAMPIIILI.
3369 444 3476 502 666

3345 537 3474 589 Ann.

207 586 404 653 Olymp.
1571 590 1911 639 Romanorum.
3038 592 3281 646 An.Dom.
3347 600 3454 711 ﬁt;

527 711 560 761 2
592 710 885 761 Maximinus
904 712 933 743 ⁸
958 719 1010 761 et
1032 711 1255 763 Severus
1273 725 1299 762 a
1324 711 1523 763 Galerio
1540 711 1833 763 Maximiano
1850 711 2070 765 Casares
2092 713 2219 766 facti.

3103 718 3198 770 309

590 772 947 847 Con-stantius.b
971 774 1165 847 decimo
1180 782 1325 827 sexto
1349 777 1544 847 imperii
1568 789 1693 847 anno
1710 776 1841 826 diem
1857 776 1981 827 obiit
1997 779 2045 847 in
2063 777 2308 829 Britannia
2324 778 2548 847 Eboraci,
2564 785 2672 843 post
2683 794 2831 845 quem
2850 781 2977 833 ﬁlius

653 836 762 898 ejus
779 835 1123 910 Constantinus
1147 835 1496 910 exnconcubiina
1522 840 1544 869 ο
1573 836 1764 889 Helena
1808 846 2115 903 procreatus,
2139 855 2347 905 regnum
2373 835 2555 893 invadit
2566 835 2589 893 ’;
2615 835 2790 907 quarto
2811 853 2974 896 autem

648 901 1007 961 persecutionis
1028 912 1171 957 anno,
1195 901 1536 951 Constantinus
1559 913 1773 956 regnare
1796 913 1953 949 orsus.

715 964 1037 1029 Romanorum
1059 963 1234 1029 .1;ng
1253 966 1312 1029 ν,
1340 962 1661 1029 ,εΟΝΠξΤΑΝ
1671 964 1742 1011 ΤΙ
1746 964 1793 1013 Ν
1804 965 1885 1029 US
1912 964 2127 1029 regnavit
2149 964 2291 1029 annis
2300 965 2337 1029 id
2358 968 2418 1018 50
2432 1005 2444 1025 ,
2472 968 2710 1019 mensibus
2736 968 2813 1021 10.

529 1023 555 1074 1
590 1023 872 1096 marentius
893 1023 1116 1075 Herculii
1155 1026 1435 1077 Maximiani
1469 1025 1594 1076 illius
1631 1039 1657 1074 a
1683 1023 1987 1089 praetorianis
2011 1028 2248 1079 militibus
2278 1023 2444 1080 Romae
2471 1031 2495 1060 °
2520 1030 2772 1093 Augustus
2807 1031 2978 1096 appel-

650 1084 797 1136 latur.

3102 1032 3197 1082 310

1453 1233 1716 1292 GRAECA
1761 1233 2212 1293 FRAGMENTA.

248 1378 493 1453 Γαλέριος
512 1373 834 1453 ἠαξιμιαξόξ
858 1372 1144 1453 ﬁcto-Ofbc»
1172 1373 1489 1453 'Péiungﬁuo
1518 1377 1778 1453 Kaioapotc

175 1442 422 1511 ἕποὶησέ,
468 1442 738 1518 Μαξιμῖὺον
740 1442 786 1570 ἐ
795 1442 891 1498 Ed.
932 1444 1199 1517 Μαξέντον]
1230 1442 1321 1516 at»
1368 1446 1418 1501 ἐν
1447 1442 1696 1518 ἀνατολῇζ
1728 1446 1777 1498 ἐν

176 1519 232 1570 δὲ
259 1520 453 1570 Ἰταλία
477 1527 708 1570 Σευῆρον.
787 1517 943 1570 liron.
983 1515 1174 1570 Pasch.
1209 1531 1260 1570 D.
1294 1514 1417 1569 222.

176 1519 232 1576 δὲ
259 1520 453 1594 Ἰταλίᾳ
477 1514 708 1594 Σευῆρον..
740 1514 943 1571 Chron.
983 1514 1197 1594 Paschf

249 1585 446 1647 Κελτῶῦ
489 1585 803 1660 βασίλεύσᾳς
831 1589 1172 1648 κωνστὰντιος
1214 1590 1300 1643 ἐπὶ
1334 1585 1428 1647 ἔτη
1459 1586 1518 1659 ιγ’
1545 1588 1773 1660 ἁπέθᾳγϊ

176 1668 261 1717 καὶ
292 1657 544 1727 διεδέξαλτο
571 1658 765 1715 αὐτὸνὸ
793 1666 919 1719 παῖς
945 1661 1103 1715 αὐτοῦ
1135 1657 1520 1719 Κωνσταντῖνός
1539 1701 1552 1721 ,
1584 1657 1610 1712 ὁ
1635 1658 1778 1718 νόθος

178 1734 229 1801 ἕξ
255 1733 453 1797 Ἐλένης
482 1734 619 1806 αὐτῷ
641 1730 926 1805 γενόμενος
955 1730 1099 1785 Idem
1132 1730 1350 1785 ibidem.

1955 1377 2207 1458 Ῥῳμέἰων
2237 1374 2570 1458 ἐξασίλςγεξεν
2609 1376 2673 1430 λε’
2702 1382 3149 1437 ΚΩΝΣΤΔΝΤΙΝΟΣ
3176 1376 3264 1441 ἔτη
3288 1378 3351 1449 λ’,
3381 1390 3481 1458 μῆ-

1883 1467 1970 1507 νας
2002 1445 2055 1500 ι’.
2081 1447 2156 1501 Ex
2184 1446 2373 1501 eodem
2406 1446 2626 1502 ibidem.

2046 1518 2095 1571 ἐν
2140 1521 2303 1605 Ῥάξμῃ
2338 1527 2653 1608 ετρατιξῦται
2690 1518 3479 1608 (πραιτωριανοξχάνηχὸρειίσαν

1883 1592 2265 1670 {lugentes-Iov
2300 1592 2412 1670 uti-ou
2430 1592 2860 1670 Μαξιμιαχρῖτοῦ
2891 1592 3177 1670 Ἐρκουλὶου
3195 1635 3211 1664 ,
3235 1592 3478 1667 βάσιλέα.

1884 1661 2117 1717 Cedren.
2151 1661 2289 1717 Hist.
2321 1660 2509 1731 Comp.
2543 1660 2596 1733 p.
2637 1660 2760 1719 215.

1715 1857 1945 1916 NOTAE}.

175 2006 482 2064 centiores.
532 2003 741 2060 Deinde
786 2004 888 2073 ipsi
943 2002 1229 2060 Melchiadi
1282 2004 1427 2059 solos
1484 2002 1859 2074 attribuuntA
1889 1999 2282 2074 sebiumgnam
2311 1998 2567 2074 chronici
2596 1999 2875 2074 Paschalis
2896 2012 3107 2071 auctor,
3164 2019 3326 2074 quem
3358 2006 3478 2063 lau-

176 2095 348 2132 annos
364 2076 423 2139 ἓ,
451 2092 647 2131 menses
675 2076 728 2142 6,
757 2076 867 2130 dies
903 2077 971 2143 9,
1014 2091 1122 2145 quo
1177 2086 1333 2144 pacto
1383 2073 1781 2131 emendandum

177 2150 495 2216 catalogum
519 2147 946 2213 Bucherianum,
1003 2148 1259 2215 probant.
1303 2146 1382 2202 Re
1434 2145 1599 2202 etiam
1656 2158 1783 2199 vera

178 2230 311 2275 sunt
338 2218 447 2273 alia
472 2216 699 2286 hujusce
725 2220 1012 2273 Euscbiani
1046 2219 1229 2287 operis
1271 2219 1626 2286 exemplaria,
1662 2231 1783 2287 quze

178 2307 290 2347 non
318 2306 415 2345 sex
442 2304 636 2352 annos,
670 2289 764 2344 sed
794 2300 904 2344 tres
926 2286 1135 2343 tantum
1178 2298 1487 2344 numerent.
1532 2289 1674 2355 Quin
1707 2286 1783 2340 ita

188 2362 357 2419 habet
387 2361 652 2429 Scaligeri
676 2361 864 2428 editio,
889 2361 1094 2431 etquod
1114 2362 1336 2431 gravius
1364 2362 1521 2427 longe
1543 2373 1787 2431 momen-

188 2444 304 2487 tum
332 2443 437 2496 est,
471 2435 561 2501 qui
598 2431 892 2487 Eusebium
923 2429 1235 2487 describere
1270 2441 1435 2498 amat,
1470 2429 1785 2501 Prospcrin

182 2499 503 2559 Chronico;
525 2504 823 2557 Potuerunt
847 2504 1139 2557 numericze
1164 2512 1306 2558 nota:
1340 2501 1406 2557 Vl
1437 2503 1599 2556 facile
1647 2516 1677 2555 a
1720 2499 1786 2553 li-

181 2575 392 2632 brariis
427 2575 480 2628 in
514 2574 625 2628 fere
655 2573 861 2627 similes
897 2574 958 2628 ll]
988 2576 1208 2627 mutari.
1264 2573 1369 2628 Sed
1397 2572 1665 2627 minorem
1688 2587 1787 2625 nu-

182 2662 402 2701 merum
424 2647 502 2699 sic
527 2654 703 2699 ratum
734 2646 931 2699 habent
957 2644 1099 2699 docti
1139 2646 1487 2713 cltronologi,
1535 2655 1591 2697 ut
1623 2644 1786 2711 vulgo

183 2719 623 2785 interpretentur
670 2732 766 2781 pro
814 2715 1028 2771 duobus
1079 2716 1391 2783 completis,
1430 2725 1484 2769 et
1538 2730 1647 2768 uno
1705 2715 1788 2768 in-

186 2794 415 2849 choato.
443 2798 555 2841 tres
582 2788 711 2841 dici.
772 2786 996 2851 Verum,
1050 2796 1106 2842 ut
1130 2789 1329 2853 sentio,
1364 2802 1471 2840 non
1500 2787 1632 2840 satis
1663 2785 1787 2839 hinc

183 2870 340 2916 recte
363 2869 615 2929 arguunt,
651 2874 774 2913 nam
807 2858 935 2911 licet
967 2866 1079 2913 tres
1101 2859 1415 2911 adscribunt
1439 2855 1789 2929 laudatiEu-

183 2931 403 2986 sebiaoi
433 2926 686 2993 'codices,
731 2939 787 2984 et
834 2930 1100 2998 Prosper,
1152 2930 1205 2982 iu
1250 2933 1363 2997 ipsa
1396 2938 1572 2981 tamen
1606 2926 1789 2993 diges-

180 3008 336 3058 tione
365 3015 669 3071 temporum
697 3018 725 3055 a
758 3000 998 3054 Miltiade
1023 3000 1088 3054 ad
1127 3000 1456 3071 Silvestrum
1501 3005 1789 3052 numerant

183 3088 354 3141 supra
381 3070 655 3141 quinque:
687 3081 743 3127 et
768 3072 871 3125 iste
896 3072 1110 3140 quidem
1155 3085 1251 3140 per
1302 3070 1616 3139 intcrjectos
1657 3083 1785 3122 con-

185 3140 555 3210 sulatus,ille
596 3157 690 3212 per
742 3143 865 3197 huic
913 3144 1072 3211 plane
1126 3140 1461 3196 conformem
1518 3155 1785 3194 annorum

184 3215 592 3271 recensionem.
652 3214 905 3269 Dicemus
937 3213 1039 3269 hac
1071 3214 1138 3268 de
1170 3228 1227 3268 re
1254 3213 1449 3267 iterum
1473 3212 1538 3266 ad
1576 3212 1785 3266 Silves~

185 3299 334 3342 trum
363 3285 457 3356 qui
484 3302 606 3340 mox
632 3286 898 3340 succedit.

266 3393 291 3419 ⁸
327 3382 534 3437 Eodem
561 3396 725 3449 anno,
760 3383 924 3435 immo
955 3395 1063 3434 una
1101 3379 1398 3448 eademque
1421 3378 1530 3450 die,
1575 3377 1789 3432 scilicet
1820 3392 1866 3450 Β

186 3454 454 3510 kalendis
477 3452 655 3514 Maiis,
688 3452 884 3522 quibus
918 3449 1292 3506 Diocletianus
1329 3458 1385 3504 et
1431 3449 1791 3522 Maximianus

186 3526 536 3588 abdicarunt,
568 3520 815 3578 Galerius
847 3531 901 3576 et
938 3522 1295 3577 Constantius
1327 3522 1554 3591 Augusti
1607 3520 1794 3588 appel-

186 3597 290 3651 lati
322 3608 473 3656 sunt.
507 3609 557 3650 et
590 3593 919 3663 pronuntiati
947 3593 1189 3647 Cmsares
1232 3592 1467 3648 Severus
1497 3608 1577 3663 ac
1606 3592 1791 3663 Maxi-

189 3671 397 3722 minus.
433 3661 784 3734 Coiupertum
811 3665 913 3719 hoc
943 3674 1117 3719 estex
1153 3663 1436 3717 Lactantio
1477 3661 1545 3717 de
1603 3662 1790 3715 Morti-

187 3739 294 3793 bus
326 3740 746 3792 Persecutorum
777 3745 893 3790 toto
936 3744 1195 3789 eontextu
1243 3749 1361 3801 eap.
1417 3735 1485 3788 18
1540 3744 1592 3788 et
1640 3734 1791 3787 initio

194 3810 632 3879 subsequentis;
665 3824 783 3876 qua:
816 3807 933 3861 loca
964 3806 1294 3879 hucrel'eras
1330 3820 1452 3879 cum
1502 3805 1791 3879 doctorum

195 3875 486 3935 hominum
542 3875 1033 3934 observationibus.
1079 3876 1278 3931 Noster
1325 3877 1441 3929 sive
1498 3875 1788 3940 Eusebius,

194 3953 316 4006 sive
366 3952 754 4021 Hieronymus,
793 3965 915 4003 cum
964 3949 1014 4001 in
1061 3947 1497 4021 praecedentibus
1551 3947 1792 4000 historiis

191 4033 362 4093 atque
407 4019 588 4076 annis
627 4021 1022 4089 persecutionis
1071 4019 1483 4093 prochr_oni_smo
1537 4027 1789 4093 peccent,

196 4086 289 4148 hic
318 4102 510 4148 errant
534 4094 585 4146 in
613 4086 940 4147 contrariam
986 4086 1216 4159 partem.
1254 4089 1452 4144 Eadem
1480 4098 1660 4143 tamen
1687 4086 1793 4142 illis

187 4180 353 4221 mens
410 4172 563 4229 erat,
602 4180 721 4233 quce
775 4162 1051 4229 Eutrapio,
1108 4173 1217 4233 tum
1262 4160 1497 4233 Socrati,
1532 4173 1583 4233 et
1612 4159 1792 4214 Theo-

186 4236 387 4307 phani,
419 4237 511 4303 qui
540 4231 757 4307 nonnisi
793 4245 1072 4307 postquam
1098 4232 1368 4307 Galerius.
1391 4234 1442 4284 in
1465 4231 1671 4285 Italiam
1700 4246 1795 4307 ve-

186 4302 294 4373 iiit,
316 4302 536 4362 creatos
564 4302 830 4362 Severum
870 4302 1300 4360 et’Maximinum
1331 4302 1593 4368 Czcsares,
1651 4303 1793 4357 scri-

184 4381 352 4434 bunt.

263 4470 293 4510 δ
328 4469 644 4525 Parmensis
675 4484 778 4524 ms.
804 4477 1007 4523 tantum
1059 4468 1261 4532 habet,
1295 4468 1329 4522 6
1358 4468 1565 4536 imperii
1610 4483 1747 4520 anno
1774 4482 1793 4521 :

186 4543 291 4599 sed
322 4542 393 4596 16
421 4557 491 4595 ex
532 4555 638 4612 quo
663 4539 847 4595 Cmsar
890 4548 1196 4608 assumptus
1222 4549 1328 4612 _cst
1367 4555 1396 4591 a
1454 4539 1794 4612 Diocletiano

186 4623 250 4668 et
280 4608 638 4677 Maximiano,
694 4627 898 4665 annum
953 4608 1257 4679 tupputari,
1304 4609 1648 4677 perSpicuum
1686 4620 1787 4663 est.

186 4684 379 4739 Malim
429 4693 615 4737 tamen
669 4683 897 4737 dixisset
946 4692 1135 4736 auctor
1196 4689 1381 4733 noster
1414 4723 1426 4744 ,
1492 4680 1556 4731 ili
1594 4680 1795 4750 imperii

186 4772 372 4809 mense
400 4769 502 4823 pro
522 4770 683 4818 anno,
714 4763 769 4806 ut
815 4770 881 4808 ex
923 4768 1029 4818 quo
1054 4754 1326 4819 Augustus
1355 4752 1656 4821 appellatus
1679 4760 1781 4816 est,

189 4828 381 4880 statim
415 4841 442 4876 a
480 4825 796 4879 Diocletiani
827 4834 881 4878 et
922 4824 1230 4877 Maximiani
1281 4823 1642 4885 abdicatione,
1696 4836 1785 4874 or-

186 4900 426 4953 diretur.
458 4896 721 4950 Nitnirum
760 4911 826 4951 eo
877 4896 1044 4949 ferme
1078 4898 1251 4963 spatio
1295 4896 1556 4961 temporis
1600 4908 1781 4947 rerum

187 4971 398 5040 potitus
426 4978 512 5021 est
537 4966 931 5040 COnstantius,
991 4982 1018 5017 a
1052 4966 1299 5040 kalendis
1320 4966 1531 5040 scilicet
1562 4962 1682 5040 Maii
1715 4964 1781 5017 ad

186 5034 577 5109 subsequentis
603 5039 727 5091 anni
756 5053 850 5092 vni
875 5037 1131 5091 kalendas
1151 5036 1395 5109 Augusti.
1444 5034 1620 5090 Sentit
1646 5036 1783 5109 Sca-

189 5112 330 5181 liger
359 5108 501 5179 apud
526 5109 775 5183 Photium
795 5151 809 5173 ,
842 5112 889 5163 ἐν
929 5117 1010 5183 τῇ
1034 5110 1267 5183 “noli-tsi?
1314 5108 1469 5179 ἁγίων
1520 5108 1781 5183 πατέρων,

188 5180 301 5237 dici
330 5183 523 5247 istum,
571 5196 678 5249 quo
732 5180 1083 5234 Constantius
1124 5180 1303 5249 obiit,i
1330 5194 1528 5232 annum
1567 5180 1780 5249 tertium

190 5246 629 5325 persecutionis.
660 5251 857 5305 Vereor
879 5262 1083 5325 autem,
1118 5251 1241 5325 quin
1275 5248 1462 5303 Graeca
1501 5252 1672 5325 cpi-ron

184 5324 285 5385 ἤδη
326 5326 447 5379 τότε
497 5320 556 5382 ἦν
594 5321 709 5383 ἔτος
750 5329 844 5378 τοῦ
878 5322 984 5394 κᾷθ’
1023 5324 1162 5394 ἡμῶν
1215 5321 1461 5394 διωγμοῦ,
1521 5320 1781 5394 Satistlle

186 5406 347 5450 recte
376 5396 675 5461 acceperit,
706 5408 826 5463 quae
866 5393 994 5445 mihi
1053 5390 1232 5458 potius
1272 5390 1526 5463 videntur
1573 5390 1779 5463 initium

188 5468 375 5534 quarti
408 5462 759 5535 significare:
794 5465 978 5533 sicque
1010 5463 1340 5535 interpretor
1361 5481 1381 5535 A:
1430 5462 1629 5535 Tertius
1667 5462 1782 5530 jam

188 5532 315 5592 tunc
343 5532 681 5605 eratlactus)
708 5551 871 5588 annus
895 5532 1291 5605 persecutionis;
1319 5533 1413 5592 ἤδη
1435 5532 1513 5599 ἧν,
1540 5536 1647 5599 iam
1669 5538 1781 5605 [ue-

185 5619 293 5673 rat,
324 5623 445 5673 seu,
468 5603 626 5679 paulo
651 5603 768 5679 ante
790 5607 974 5675 fuerat.
1006 5604 1083 5657 Re
1105 5608 1265 5679 etiam
1290 5619 1420 5679 vera
1454 5608 1643 5679 tertius
1667 5603 1780 5679 jam

187 5690 310 5732 erat
338 5675 516 5733 annus
537 5677 845 5741 absolutus,
878 5687 930 5730 et
968 5685 1196 5746 quartus
1237 5675 1546 5746 inchoatus.
1575 5675 1784 5746 Confer

190 5749 457 5805 Dodwelli
487 5746 897 5818 cbronologiam
948 5744 1215 5815 persecat.
1265 5755 1319 5799 et
1362 5744 1784 5800 Diocletianeam

188 5821 431 5876 Baluzil.

275 5926 297 5952 ε
325 5913 518 5970 Mirum
546 5912 599 5969 id
631 5926 765 5968 sane
786 5910 855 5968 de
875 5908 1217 5969 Constantini
1248 5917 1370 5963 ortu
1419 5910 1622 5965 sentire
1680 5906 1788 5962 Eu-

1887 2071 2080 2126 damus
2111 2071 2164 2124 in
2191 2069 2421 2135 Graacis,
2456 2072 2752 2127 Eusebium
2798 2069 3097 2144 descripsit
3127 2092 3141 2130 :
3182 2069 3475 2133 "Zosimum

1889 2150 2068 2196 autem
2098 2158 2207 2197 non
2241 2157 2447 2209 moror,
2475 2153 2663 2211 utpote
2691 2145 2902 2200 hostem
2934 2143 3279 2202 Censtantini
3308 2150 3484 2204 nomi-

1888 2215 1973 2288 nis
2001 2213 2449 2288 infensissimum.
2501 2214 2754 2288 Sedenim
2784 2217 3029 2286 plerique
3056 2217 3145 2272 alii
3188 2220 3483 2288 scriptores

1887 2286 2049 2358 etiam
2103 2299 2177 2358 es
2221 2284 2456 2358 ethnicis
2488 2292 2673 2338 natum
2703 2284 3119 2342 Constantinum
3147 2284 3392 2358 tradunt,
3417 2307 3481 2346 ea:

1888 2355 2179 2430 obscuriori
2236 2356 2454 2430 quidem
2494 2358 2856 2430 matrimonio,
2904 2368 2961 2412 ut
3008 2359 3344 2430 Eutropius:
3381 2355 3487 2416 aut

1889 2426 2098 2500 Ilelena
2137 2436 2298 2479 matre
2349 2426 2620 2492 vilissima,
2670 2436 2724 2480 ut
2767 2428 3085 2500 Anonymus
3125 2426 3477 2498 valesianus;

1891 2496 2132 2567 legitima
2163 2511 2332 2551 uxore
2364 2504 2570 2568 tamen,
2605 2511 2707 2551 nec
2756 2500 2856 2552 nisi
2911 2496 3133 2568 promer
3190 2496 3485 2557 nobiliores

1892 2566 2133 2642 nuptias,
2168 2566 2807 2642 cogentegDiocletiano,
2864 2566 3168 2639 repudiata.
3227 2571 3364 2642 Quin
3415 2589 3483 2629 ex

1892 2639 1993 2693 hoc
2028 2640 2144 2714 ipso
2172 2639 2313 2714 quod
2328 2640 2940 2714 prioremrepudiatam
2970 2639 3486 2714 Eusebiusipsemet

1891 2712 2146 2779 superius
2168 2709 2474 2777 tradiderit,
2499 2710 2759 2780 colligunt
2802 2712 2967 2767 fuisse
3005 2709 3478 2771 Helenam'veram

1891 2781 2273 2855 uxor-emicui
2314 2796 2508 2849 nempe
2546 2781 2730 2855 datum
2770 2784 3072 2855 _repudiuin
3118 2784 3485 2855 interpretan-

1894 2863 1997 2925 tur.
2052 2851 2254 2925 Desipit
2295 2861 2442 2906 certe
2488 2851 2705 2925 quidem
2763 2852 3047 2924 Scaliger,
3103 2857 3193 2925 qui
3244 2851 3483 2925 priorem

1891 2923 2191 2997 Constantii
2224 2938 2480 2997 uxorem
2547 2921 2716 2997 fuisse
2772 2921 3088 2997 pronuntiat
3122 2921 3481 2997 'Min'erviam,

1893 3004 2119 3048 matrem
2146 2993 2322 3062 Crispi
2363 2992 2614 3056 Caesaris,
2645 3007 2805 3062 quam
2836 2993 3109 3049 dimittere
3138 3008 3358 3052 coactus
3377 2992 3481 3063 est,

1892 3079 2018 3136 cum
2052 3063 2393 3118 Theodoram
2447 3064 2747 3136 privignam
2796 3064 3039 3136 Herculii
3088 3066 3268 3122 duxit.
3316 3069 3481 3136 Atqui

1891 3134 2117 3205 Crispus
2147 3136 2330 3189 Cmsar
2353 3149 2457 3188 non
2487 3134 2814 3203 Constantii,
2844 3137 2938 3190 sed
2961 3134 3302 3193 Constantini
3339 3134 3483 3194 iilius

1894 3205 1991 3259 fuit
2021 3224 2032 3259 :
2064 3206 2343 3273 Minervio,
2385 3220 2479 3259 seu
2524 3207 2728 3260 rectius
2777 3207 3103 3275 Minervius,
3157 3225 3262 3263 non
3311 3219 3487 3266 mater

1891 3276 2252 3339 Constantini,
2288 3277 2381 3331 sed
2413 3279 2714 3332 concubina
2746 3281 2950 3349 utique.
3005 3280 3131 3334 Haac
3187 3296 3349 3336 nemo
3402 3291 3486 3336 est

2233 3365 2389 3419 orum
2420 3350 2510 3419 qui
2545 3350 2768 3404 nesciat.
2802 3351 2975 3406 Porro
2997 3366 3131 3417 non,
3160 3361 3221 3406 ut
3247 3353 3319 3407 ait
3357 3352 3482 3407 Ilie-

1900 3418 2179 3492 ronymus,
2231 3418 2617 3493 Constantinus
2653 3423 2836 3475 invasit
2884 3424 3207 3493 imperium,
3267 3424 3361 3478 sed
3418 3438 3485 3478 ex

1899 3505 2149 3561 suprema
2173 3492 2337 3561 patris
2368 3492 2670 3557 voluntate,
2694 3492 2989 3548 accedente
3018 3494 3247 3549 militum
3280 3495 3330 3547 in
3368 3493 3486 3547 Bri-

1902 3564 2083 3634 tannia
2113 3576 2405 3627 consensu,
2436 3562 2692 3616 obtinuit.
2720 3563 2945 3618 Fallitur
2974 3579 3104 3634 ergo
3141 3563 3483 3634 denuoSca-

1897 3632 2056 3704 liger,
2090 3634 2177 3699 qui
2211 3640 2400 3704 contra
2432 3645 2710 3704 auctorem
2741 3634 2950 3689 Politia:
2989 3632 3088 3689 SS.
3116 3633 3484 3704 Metrophanis

1896 3712 1953 3757 et
1982 3703 2297 3766 Alexandri,
2324 3714 2484 3772 negat
2513 3702 2928 3758 Constantinum
2954 3702 3322 3761 successorem
3377 3704 3483 3758 im-

1899 3774 2031 3843 perii
2088 3788 2114 3825 a
2168 3784 2322 3842 patre
2361 3774 2725 3844 designatum.
2787 3776 3078 3829 'l‘estantur
3108 3777 3159 3830 id
3202 3777 3483 3830 enimvero

1897 3849 2172 3913 c0nceptis
2201 3844 2405 3917 verbis,
2440 3844 2731 3899 Eumenius
2764 3846 2817 3899 in
2847 3847 3198 3917 panegyrico,
3232 3847 3481 3902 Julianus

1896 3926 2036 3969 orat.
2070 3916 2236 3984 prima
2270 3917 2332 3968 ad
2365 3916 2759 3983 Constantium,
2790 3930 2843 3972 et
2872 3916 3097 3971 Orosius
3138 3918 3233 3972 lib.
3273 3932 3390 3985 vm,
3429 3933 3482 3973 c.

1895 3985 1988 4060 g6.
2009 3988 2264 4060 Denique
2285 3985 2470 4040 Cmsar
2496 4002 2524 4039 a
2555 3986 2774 4060 Galerio
2798 3988 3103 4060 appellatus
3131 3998 3213 4043 est
3244 4004 3338 4043 vni
3380 3987 3481 4060 ka-f

1898 4056 2089 4112 lendas
2116 4059 2424 4130 Januarias,
2451 4066 2637 4130 atque
2679 4058 2811 4113 illud
2836 4056 3064 4114 'nutuini
3112 4074 3328 4130 quoque
3381 4059 3483 4129 ipsi

1899 4137 2184 4182 testantur.
2212 4130 2317 4182 Eos
2345 4128 2587 4199 Scaliger
2618 4145 2737 4184 cum
2765 4145 2872 4184 non
2916 4128 3266 4200 intelligeret,
3319 4128 3484 4185 tertio

1896 4200 2123 4265 erravit,
2145 4210 2197 4253 et
2216 4201 2566 4269 pronuntiare
2589 4215 2753 4255 ausus
2775 4210 2881 4267 est,
2935 4201 3141 4255 nullam
3198 4200 3482 4256 historiam

1897 4270 2104 4325 referre
2148 4285 2271 4325 eum
2325 4271 2593 4325 Cmsarem
2645 4286 2675 4325 a
2725 4272 2939 4327 Galerio
2988 4274 3210 4328 dictum.
3262 4273 3484 4329 Scilicet

1896 4341 2178 4411 ignorabat
2211 4357 2464 4413 pancgyr.
2500 4358 2513 4395 ι
2546 4343 2850 4397 Maximiani
2875 4354 2929 4399 et
2955 4344 3328 4398 Constantini:
3352 4342 3483 4397 Cum

1898 4414 1988 4486 tibi
2020 4422 2162 4481 pater
2177 4415 2451 4485 imperium
2482 4414 2789 4485 reliquisset,
2838 4414 3059 4469 Caesaris
3090 4425 3261 4469 tamen
3311 4416 3485 4486 appel-

1898 4483 2093 4557 latione
2114 4483 2404 4549 contentus,
2430 4483 2725 4555 exspectare
2756 4488 3020 4550 malueris,
3050 4499 3105 4539 ut
3136 4487 3273 4541 idem
3296 4483 3362 4550 te,
3394 4488 3483 4557 qui

1896 4555 2064 4630 illam,
2115 4556 2398 4630 declararet
2446 4557 2760 4630 Augustum.
2816 4558 3265 4612 Luculcntissime
3301 4555 3481 4630 autem

1897 4625 2210 4681 Lactantius
2235 4628 2326 4682 lib.
2359 4628 2425 4682 de
2454 4625 2717 4682 Mortibus
2749 4629 3093 4684 Pcrsccutor.
3124 4644 3243 4698 cap.
3290 4629 3384 4697 25,
3414 4628 3483 4683 de

1898 4698 2115 4751 Galerio
2155 4701 2379 4765 loquens
2414 4717 2427 4751 :
2462 4698 2609 4753 Illud
2641 4701 2967 4772 exaugitavit,
3012 4709 3064 4754 ut
3096 4700 3366 4772 Severum,
3393 4700 3483 4765 qui

1813 4774 1858 4836 C
1894 4779 2001 4843 erat
2024 4780 2174 4823 (etate
2198 4772 2470 4843 maturior,
2503 4770 2789 4842 Augustum
2826 4779 3144 4843 nuncuparet
3172 4787 3188 4823 :
3218 4770 3479 4843 Constant

1893 4842 2055 4913 tinum
2086 4840 2772 4913 vero,nongimperatorem,
2815 4844 2942 4895 sicut
2986 4840 3094 4896 erat
3139 4844 3335 4913 factus,
3387 4840 3481 4892 sed

1890 4912 2146 4985 Caesarem
2175 4929 2290 4964 cum
2324 4911 2608 4985 Maximino
2634 4912 2889 4985 appellari
2909 4914 3130 4983 jnberet.

1961 4982 1987 5018 ιί
2011 4983 2195 5038 Victor
2224 4984 2277 5036 in
2313 4984 2560 5052 Epitome
2585 4982 2718 5039 solis
2749 4988 2826 5037 ait
2855 4982 3003 5038 annis
3058 4984 3267 5053 triginta
3311 4995 3330 5034 :
3385 4982 3491 5050 qui

1890 5063 2067 5107 tamen
2101 5069 2129 5106 a
2152 5055 2447 5121 semetipso
2479 5056 2721 5109 dissentit
2760 5054 3002 5118 inferius,
3040 5055 3127 5110 ubi
3160 5053 3227 5107 de
3248 5067 3314 5106 eo
3345 5067 3473 5120 pro-

1888 5124 2132 5177 verbium
2158 5126 2371 5189 recitat,
2416 5124 2673 5178 Trachala
2702 5127 2873 5179 decem
2918 5127 3066 5178 annis
3111 5124 3479 5194 prazstantissi-

1888 5211 2022 5257 mus,
2072 5194 2346 5247 duodecim
2402 5197 2727 5263 sequentibus
2766 5199 2919 5259 latro,
2971 5198 3143 5249 decem
3183 5196 3475 5252 novissimis

1889 5265 2118 5335 pupillus
2148 5280 2164 5317 :
2222 5266 2347 5329 nisi,
2397 5266 2539 5334 quod
2581 5267 2769 5321 doctus
2797 5268 2913 5335 ejus
2951 5269 3214 5336 interpres
3246 5267 3475 5332 monuit,

1891 5335 2299 5409 rescribendum
2332 5338 2598 5401 videatur,
2645 5335 3107 5409 prwstantissimus
3133 5337 3263 5404 dux,
3299 5338 3473 5392 decem

1889 5424 2075 5478 seqnen
2102 5408 2234 5469 ibus,
2257 5420 2363 5461 etc.
2402 5408 2693 5481 Eutr-Opius
2731 5409 2978 5463 absolute
3018 5426 3181 5481 unum
3223 5418 3270 5463 et
3321 5411 3477 5481 trige-

1889 5482 2075 5532 simum
2107 5488 2374 5533 numerat.
2402 5478 2600 5535 Noster
2631 5495 2759 5533 vero
2783 5482 3000 5549 propius
3033 5480 3213 5534 habet.

1966 5563 1988 5587 υ
2016 5549 2335 5616 Appellatus
2368 5566 2424 5605 v1
2449 5550 2707 5605 kalendas
2750 5549 3071 5605 Novembris
3106 5553 3319 5617 eodem,
3370 5566 3477 5621 quo

1891 5621 2277 5677 Constantinus
2318 5637 2549 5692 regnare
2597 5637 2756 5675 orsus
2806 5622 3037 5693 dicitur,
3082 5623 3476 5693 perseeutionis

1890 5709 2032 5747 anno
2081 5702 2299 5759 quarto,
2337 5694 2481 5758 quod
2532 5710 2596 5748 ex
2634 5693 2901 5747 Lactantii
2944 5692 3038 5747 lib.
3088 5692 3167 5748 de
3219 5694 3478 5749 Mortibus

1889 5764 2167 5819 Persecut.
2193 5777 2313 5828 eap.
2342 5764 2413 5820 26
2443 5775 2675 5818 constat.
2725 5766 2905 5818 Sedet
2934 5765 3240 5832 Eutropius,
3275 5766 3476 5829 Romae.

1890 5834 2088 5908 inquit,
2112 5835 2308 5908 interea
2338 5837 2665 5908 praztoriani,
2700 5837 2920 5889 excitato
2963 5837 3207 5908 tumultu,
3260 5836 3477 5891 Maxen-

1891 5909 2016 5961 tium
2038 5905 2273 5961 Herculii
2314 5905 2502 5976 filittnt,
2538 5909 2621 5977 qui
2655 5908 2796 5960 haud
2839 5906 3019 5976 procul
3059 5908 3122 5961 ab
3158 5906 3292 5964 Urbe
3315 5910 3367 5963 in
3396 5910 3477 5961 via
