4018 6334
264 311 351 370 695
1671 306 2083 368 GIIRONICON.
2329 306 2335 310 “
3402 307 3510 376 601

279 465 444 531 Olymp.
1595 466 1934 520 Romanorum.
3077 464 3171 514 An.
3188 463 3327 515 Dom.
3387 409 3519 585 ’

681 586 885 653 didisset
905 588 1264 653 exercitum,et
1283 589 1602 640 inconsultius
1619 600 1648 638 a
1667 592 2082 642 suorum'erraret
2105 590 2398 653 agminibus,
2418 589 2479 638 ab
2497 588 2642 639 obvio
2659 587 2785 640 forte
2807 587 3016 640 hostium

682 651 850 712 equite
876 658 1020 700 conto
1042 650 1128 714 ilia
1145 651 1402 714 perfossus
1427 653 1636 714 interiit,
1662 665 1789 702 anno
1811 656 1972 703 relatis
1996 655 2022 684 ⁸
2047 654 2126 704 52.

589 710 868 778 Ppstaitent
888 710 1101 774 sequenti
1120 711 1202 764 die
1241 715 1324 778 ,10
1338 714 1508 766 YIAN
1519 714 1599 778 U_S
1623 710 1698 764 ea:
1719 714 2000 778 prinucerio
2022 713 2394 778 domesticorum
2411 710 2675 778 imperator
2695 713 2850 775 [actus
2866 717 2953 778 est:

715 726 868 784 quem
888 726 1101 774 sequenti
1120 726 1202 764 ate
1243 726 1273 762 ,ι
1285 726 1324 765 υ
1341 726 1371 766 γ
1383 726 1500 764 ΜΝ
1519 726 1597 764 us
1635 726 1698 764 ea:
1719 726 2000 815 prnrureno
2022 726 2394 768 domesticorum
2411 726 2675 784 imperator
2695 726 2850 775 [uetus
2866 726 2953 763 est.

715 786 850 842 tantum
872 786 1036 822 rerum
1056 777 1359 842 necessitate
1371 776 1676 842 compulsus,
1783 776 1988 828 hiSibim
2014 785 2065 828 et
2083 789 2307 842 magnam
2325 774 2691 840 Mesomtamiaa
2717 782 2908 840 partem
2927 775 3018 824 Sa-

331 775 415 827 286
559 772 582 822 1
621 772 850 838 Joviano}
872 772 1036 822 rerum
1056 777 1359 838 necessitate
1380 776 1676 838 compulsus,

683 837 787 897 pori
809 837 1073 885 Persarum
1094 836 1204 897 regi
1230 838 1444 887 tradidit.

3144 776 3233 829 567

617 897 837 965 Synodus
859 898 1132 965 Antiochia
1155 910 1207 965 a_
1226 899 1432 965 Meletio
1455 905 1508 965 et
1529 900 1631 965 su_i_s
1657 898 1811 965 facta:
1857 905 1906 950 tn
1939 913 2034 965 qua
2062 904 2082 931 ε
2111 901 2363 965 homousio
2403 909 2744 962 annomeoque
2786 898 2976 962 rejecto
2997 939 3012 963 ,

678 960 1170 1026 medinmjnterhtec
1194 961 1551 1026 homoiousion,
1579 960 1978 1014 Macedonianum
2000 964 2197 1026 dogma,
2226 962 2606 1026 vindicaverunt.

618 1021 849 1090 Iovianus
885 1019 1191 1090 deruditate,
1229 1025 1336 1090 §i_ve
1373 1019 1829 1087 odore'prunarum,
1874 1038 1998 1090 quas
2017 1019 2196 1076 niinias
2227 1023 2414 1075 adoleri
2447 1023 2686 1088 iusserat,
2728 1023 3016 1075 Dadastanae

678 1087 884 1134 moritur
909 1097 1036 1132 anno
1058 1088 1214 1134 aetatis
1231 1085 1311 1133 53.

618 1145 732 1195 Post
778 1158 926 1213 quem
972 1145 1346 1213 Valentinianus
1379 1148 1603 1213 tribunus
1643 1148 1992 1213 Scutariorium
2018 1162 2100 1213 ,_e
2145 1149 2395 1199 Pannonia
2417 1146 2720 1213 _Cibaiensis
2759 1147 2886 1213 apud
2925 1147 3015 1198 Ni-

673 1206 822 1276 caeam
866 1206 1120 1276 Augustus
1153 1209 1458 1273 appellatus,
1507 1210 1705 1262 fratrem
1728 1210 1993 1264 Valentem
2018 1206 2450 1276 "Constantinomli
2489 1212 2539 1260 in
2577 1206 3015 1261 communionem.

675 1272 819 1330 regni
845 1271 1064 1319 assumit.

586 1337 906 1385 Romanorum
928 1332 1263 1394 XXXVIII,
1316 1335 1975 1452 γΑιεΝτιέεξιξὲιὲἓα
2012 1338 2275 1390 YALENS
2310 1338 2629 1401 regnaverunt
2667 1334 2807 1386 mntis
2853 1336 2948 1394 13.

1723 1413 1766 1450 ει
1913 1439 1925 1450 .

1723 1413 1854 1450 810113
1877 1413 1925 1450 5.

557 1457 578 1505 1
615 1456 988 1524 Valentinianus
1034 1457 1274 1524 egregius
1315 1458 1435 1508 alias
1476 1460 1776 1524 imperator,
1819 1470 1872 1524 e_t
1920 1461 2188 1514 Aureliano
2219 1461 2450 1524 moribus
2491 1459 2662 1510 similis
2690 1497 2707 1524 ,
2739 1457 3013 1524 nisiAquod

670 1521 989 1589 severitatem
1013 1519 1118 1582 ejus
1136 1519 1330 1569 nimiam
1354 1559 1368 1583 ,
1412 1525 1466 1570 et
1510 1519 1796 1584 parcitatem
1833 1521 1855 1562 ί
1880 1525 2077 1589 quidam
2112 1523 2457 1574 crudelitatem
2503 1527 2556 1574 et
2577 1521 2830 1572 avaritiam
2853 1519 3010 1572 inter-

673 1583 1020 1644 pretabantur.

611 1641 904 1712 épollinaris
927 1645 958 1712 ε
977 1641 1280 1694 Laodicenus
1303 1645 1562 1712 episcopus
1585 1647 1866 1712 multimoda
1889 1650 2148 1712 religionis
2168 1651 2345 1710 scripta
2360 1646 2624 1712 componit.

551 1708 581 1754 2
614 1706 922 1775 Terrmmotu
945 1705 976 1743 ιι
1001 1719 1087 1775 per
1111 1712 1264 1775 totum
1287 1705 1458 1757 orbem
1475 1705 1608 1775 facto
1629 1743 1645 1769 ,
1670 1723 1806 1775 mare.
1830 1711 1968 1762 littus
1988 1705 2284 1775 Egreditur",
2325 1715 2378 1760 et
2422 1705 2603 1758 Sicilia:
2645 1707 3008 1772 multarumque

3133 1713 3226 1766 569

674 1767 938 1836 insularum
958 1767 1128 1836 urbes,
1154 1777 1208 1836 et
1231 1767 1854 1836 innumerabiles'populos
1875 1767 2139 1836 oppressit.

610 1830 876 1896 Proc0pius
898 1832 978 1892 qui
1000 1829 1126 1889 apud
1148 1827 1611 1896 C_onstan_tin0polim
1640 1827 2232 1896 t'yrannidem'invaserat,
2257 1834 2386 1896 apud
2407 1832 2670 1895 Phrygiam
2687 1831 2950 1884 salutarem
2982 1833 2997 1873 ἱ

671 1895 944 1942 exstinctus
962 1899 1117 1948 est,et

1173 1892 1332 1970 l'nrimi
1358 1892 1674 1970 l’rocotiianai
1695 1901 1846 1970 partis
1864 1900 1979 1948 caesi
2001 1908 2148 1970 atque
2173 1892 2445 1960 proscripti.

671 1906 944 1942 exsunCtus
962 1906 1332 2003 e8l,et‘plurtmt
1358 1906 1671 1956 t'rocoptatue
1695 1906 1846 1959 partis
1864 1906 1979 1948 east
2001 1908 2148 1960 atque
2173 1911 2240 1960 pri

606 1953 912 2034 Βέιέἓὲβμὲ
933 1952 1134 2034 iisti.
1159 1954 1666 2034 ,βρφθεφὲερριοεὲεε
1689 1961 1938 2034 arceatur
1965 1962 2240 2034 ενίεεοιιιιεο

605 2017 916 2086 Ειριξξιρᾳη
933 2017 1138 2066 multum
1159 2018 1722 2086 tempmrisintervallum
1770 2020 1979 2072 Ursinus
1999 2017 2043 2071 'a
2068 2017 2355 2086 quibusdam
2381 2021 2642 2086 episcopus
2663 2019 2962 2086 constitutus
2987 2061 3002 2086 ,

672 2077 990 2148 FSicininum
1017 2093 1126 2148 eum
1153 2080 1255 2148 suis
1267 2077 1484 2141 invadit,
1512 2095 1609 2143 quo
1629 2083 1931 2136 Damasianm
1957 2077 2107 2148 partis
2131 2083 2305 2148 pepulo
2328 2077 2628 2146 confluente,
2655 2077 3004 2134 crudelissimai

667 2139 1037 2190 interfectiones
1063 2140 1243 2190 diversi
1267 2155 1422 2191 sexus
1445 2139 1758 2206 perpetrata}.

1727 2250 1955 2308 NOTAE.

222 2379 281 2434 nu
307 2379 322 2416 :
348 2361 430 2418 hic
452 2361 582 2417 nihil
607 2363 674 2419 de
701 2363 879 2425 hoste,
913 2362 1005 2417 sed
1026 2406 1040 2430 ,
1071 2361 1324 2414 incertum
1349 2361 1522 2434 subita
1547 2363 1797 2431 equestris
1821 2365 1878 2426 Α
1903 2362 2186 2434 oppidum.

219 2433 376 2500 lmsta,
411 2437 712 2502 perfossum
738 2437 1118 2502 imperatorem
1149 2442 1391 2489 narrant.
1436 2431 1546 2486 Nec
1585 2448 1792 2488 memo-

220 2515 288 2560 rat
320 2507 522 2561 hostem
555 2507 833 2570 Zosimus;
857 2505 952 2560 sed
977 2505 1162 2574 utique
1195 2503 1376 2558 Victor
1405 2504 1457 2557 in
1500 2505 1750 2574 Epitome
1773 2547 1788 2571 ,

213 2577 269 2630 ali
294 2594 392 2631 uno
415 2594 479 2632 ea:
505 2577 756 2640 hostibus,
786 2587 832 2629 et
858 2576 1062 2645 quidem
1092 2575 1340 2645 fugiente,
1373 2585 1527 2628 conto
1571 2577 1793 2644 percuti-

216 2657 310 2701 tur.
341 2647 630 2705 Christiani
665 2647 960 2717 scriptores
999 2662 1110 2701 rem
1149 2646 1788 2717 incertioremnfaciuot;

216 2730 388 2774 uoster
413 2720 631 2778 videtur
661 2735 690 2773 a
732 2715 896 2773 Sexto
927 2717 1067 2772 Rufo
1091 2717 1386 2788 accepisse.
1419 2717 1475 2772 lu
1509 2715 1792 2774 Parmensi

213 2804 302 2846 ms.
336 2807 434 2845 vox
464 2802 618 2848 conto
646 2790 1009 2846 desideratur.

275 2869 298 2898 i‘
320 2860 436 2918 Uno
462 2866 642 2944 minus
669 2863 924 2944 Socrates
957 2860 1048 2914 lib.
1080 2860 1450 2944 trisulipl‘itat,
1589 2874 1711 2944 quo.
1735 2868 1791 2942 et

212 2930 362 2988 falsus
388 2943 498 2998 est;
535 2933 782 2990 Julianus
816 2935 1046 3000 ipsemet
1072 2931 1232 3000 epist.
1265 2930 1328 2984 ὺί
1362 2930 1429 2984 ad
1463 2931 1789 2985 Alexandri-

210 3019 322 3067 nos,
344 3020 500 3075 quam
533 3005 752 3074 scripsit
778 3005 964 3058 ultimo
991 3003 1116 3057 vita:
1146 3008 1542 3075 sumtempore,
1561 3002 1787 3075 triginta

209 3075 330 3127 duos
355 3072 526 3132 annos
560 3072 740 3131 natum
768 3092 825 3130 se
857 3075 987 3129 dicit
1017 3092 1029 3128 :
1057 3082 1239 3142 totque
1262 3073 1530 3127 Ammian.
1560 3072 1786 3127 Marcel-

208 3145 336 3200 linus
360 3146 451 3201 lib.
486 3163 616 3213 xxv,
641 3161 689 3201 c.
724 3150 778 3212 5,
813 3157 866 3201 et
895 3146 1185 3216 Eutropius
1212 3142 1390 3216 verbis
1420 3142 1587 3216 altero
1611 3151 1662 3216 et
1696 3145 1789 3216 tri-

206 3218 377 3287 cesimo
409 3229 646 3274 notant:
682 3218 770 3274 hic
800 3218 940 3272 diem
988 3213 1201 3287 quoque
1245 3213 1416 3287 addit,
1442 3231 1490 3268 ιι
1531 3214 1636 3268 kal.
1687 3214 1788 3287 ξιι-

207 3285 312 3342 lias.
347 3289 398 3342 ln
427 3299 617 3345 vetere
643 3303 785 3355 Srepc
819 3285 1030 3342 laudata
1065 3286 1299 3340 Historia
1333 3285 1399 3339 de
1428 3287 1590 3340 rebus
1617 3285 1788 3340 Atha-

204 3358 330 3414 nasii
357 3377 370 3414 :
406 3360 667 3431 Olympus
699 3368 867 3414 autem
896 3359 1028 3431 idem
1060 3357 1332 3431 prtelfectus
1357 3400 1370 3421 ,
1419 3373 1613 3431 "tense,
1643 3356 1788 3412 Men-

205 3446 332 3492 ευρ-ρ,
362 3432 431 3487 26
456 3427 893 3495 diefconsulibus
919 3427 1132 3482 Iuliano
1160 3428 1294 3500 Aug.
1335 3444 1389 3482 tv
1418 3440 1464 3481 et
1499 3429 1784 3500 Sallustio,

204 3503 466 3565 nuntiavit,
493 3501 773 3556 lulianum
793 3503 1155 3568 imperatorem
1187 3499 1292 3552 esse
1324 3509 1666 3564 mortuum,et
1689 3499 1787 3555 Jo-

203 3573 395 3627 rianum
426 3574 782 3628 Christianum
811 3576 1084 3643 imperare.
1114 3570 1267 3636 Quod
1298 3569 1492 3643 dicitur
1524 3570 1785 3643 Hierony-

204 3659 283 3696 mo
329 3643 668 3706 Primicerius
693 3685 708 3707 ,
752 3640 891 3698 idem
922 3653 1017 3707 ;est
1048 3654 1208 3710 atque
1239 3642 1440 3708 primus
1491 3658 1501 3692 :
1559 3651 1613 3698 et
1651 3640 1783 3697 Ain-

201 3715 374 3786 miano
400 3716 626 3785 quidem
652 3715 984 3781 Marcellino,
1022 3711 1429 3768 Domesticorum
1460 3713 1655 3768 ordinis
1677 3715 1786 3786 pri-

201 3802 304 3856 mus
328 3785 595 3842 Jovianus
615 3787 937 3856 appellatur.

267 3855 292 3893 ι’
319 3856 558 3913 Sanetus
593 3855 706 3928 ipse
728 3857 922 3921 Pater,
954 3855 1201 3928 laudatus
1254 3855 1415 3928 etiam
1465 3855 1736 3928 Scaligero
1765 3899 1782 3924 ,

201 3925 298 3998 lib.
313 3930 382 3984 de
413 3929 584 3984 Locis
614 3925 917 3994 llebraicis,
955 3927 1132 3998 Achati
1158 3966 1174 3991 ,
1202 3926 1320 3980 urbs
1363 3928 1506 3998 regni
1556 3925 1787 3998 Nenirod

199 3996 246 4050 in
268 3997 555 4070 Babylone.
591 3998 759 4053 Porro
789 3998 1000 4054 Hebraei
1031 3996 1163 4051 hanc
1190 3995 1510 4070 esse__¢_lieunt
1544 3997 1789 4070 Mesopo-

199 4065 693 4134 tamiw‘civitatem;
723 4087 839 4140 quia
870 4070 1020 4140 hodie
1049 4078 1260 4122 uocatur
1290 4065 1484 4133 Nisibi,
1511 4087 1541 4122 a
1565 4065 1787 4123 Lucullo

195 4144 450 4208 quondam
485 4143 718 4198 Romano
737 4139 946 4196 Consule
965 4139 1221 4194 obsessam
1239 4150 1562 4210 captamque,
1594 4151 1640 4194 et
1669 4151 1788 4195 ante

197 4228 385 4277 paucos
423 4229 596 4272 annos
629 4231 660 4266 a
687 4211 910 4266 Joriano
948 4212 1256 4280 imperatore
1297 4210 1472 4264 Persis
1517 4212 1784 4268 traditam.

203 4280 458 4354 lleliquas
492 4283 895 4354 Mesopotamim
925 4281 1251 4354 provincias,
1277 4281 1640 4348 Arzanenam,
1675 4285 1788 4339 Ma-

195 4351 445 4422 xoenam,
469 4351 857 4418 ZabdiCenam,
883 4362 936 4408 et
954 4351 1290 4407 Corduenam
1316 4355 1626 4411 Ammianus
1649 4355 1787 4410 Mar.

195 4425 422 4480 collinus
448 4425 593 4481 libro
622 4425 836 4481 laudato
868 4433 1130 4478 memorat
1163 4426 1294 4493 :qui
1328 4433 1380 4478 et
1403 4424 1612 4494 iniquas
1640 4425 1788 4495 pacis

195 4496 565 4568 eomlitiones,
592 4495 1047 4568 quemadmodum
1084 4495 1399 4568 ['Ititropius,
1430 4507 1604 4568 atque
1649 4497 1738 4552 alii
1766 4542 1781 4568 ,

195 4565 374 4622 deﬂet.
411 4565 630 4623 Videsis
663 4579 838 4623 tamen
867 4584 929 4620 ca
966 4567 1031 4622 de
1059 4582 1114 4621 re
1143 4566 1198 4620 S.
1219 4565 1534 4634 Gregorium
1559 4565 1787 4624 Nazian-

198 4652 387 4692 aenum
420 4640 476 4693 in
506 4640 668 4706 epist.
703 4639 767 4693 ad
793 4637 1026 4706 Philipp.
1058 4652 1179 4705 cap.
1224 4638 1292 4699 2,
1335 4640 1688 4705 Augustinum
1719 4641 1787 4696 de

193 4707 350 4764 (Iivil.
380 4710 480 4764 Dei
510 4707 643 4764 libb.
670 4727 721 4766 tv
745 4721 798 4765 et
829 4726 880 4775 v,
907 4710 1137 4780 denique
1160 4707 1410 4761 Ruﬁnum
1437 4709 1534 4762 lib.
1554 4725 1613 4772 ll,
1645 4710 1694 4763 1.

266 4790 287 4818 ε
304 4780 370 4850 ,1η
395 4782 683 4836 Parmensi
709 4797 836 4847 ms.,
857 4781 1128 4834 oniousion
1151 4780 1607 4850 anomousionque.
1639 4780 1784 4837 Con-

192 4849 271 4904 fer
301 4848 532 4907 Pontaci
564 4862 716 4907 notas
748 4851 800 4906 in
833 4852 980 4906 calce
1013 4851 1152 4905 libri.

260 4921 286 4957 ἀ
321 4923 645 4994 Eutropius,
677 4940 706 4977 a
733 4939 842 4994 quo
868 4935 1050 4977 nosser
1077 4922 1273 4992 hausit,
1303 4920 1496 4987 Multi,
1525 4923 1632 4990 ait,
1667 4941 1785 4978 rma-

193 4994 448 5066 nimatum
471 4993 764 5066 opinantur
791 4994 950 5047 nimia
973 4995 1270 5066 cruditate;
1302 4993 1444 5066 inter
1479 4996 1786 5049 comandnm

191 5065 323 5118 enim
350 5064 527 5136 epulis
546 5064 836 5120 indulserat
863 5081 881 5119 :
911 5065 1002 5118 alii
1028 5064 1438 5136 orlarecubiculi,
1459 5066 1598 5134 quod
1624 5081 1686 5119 ea:
1707 5085 1788 5121 re-

1815 3755 1865 3815 B

1975 2444 1997 2471 ε
2028 2432 2332 2510 Tricesimo
2363 2432 2535 2488 ferme
2566 2431 2684 2499 die,
2713 2442 2772 2489 ut
2799 2435 2872 2489 ait
2901 2435 3183 2510 Socrates,
3207 2447 3494 2510 postquam

1897 2506 2016 2575 ipse
2075 2505 2405 2575 Augustinus
2453 2515 2538 2559 est
2590 2515 2950 2571 nuncupatus.
3018 2505 3492 2569 Ammianus—lib.

1897 2574 2018 2631 sxw
2053 2576 2240 2630 scribit
2269 2591 2297 2629 v
2327 2574 2434 2628 kal.
2472 2575 2671 2647 Apriles
2702 2575 2957 2647 :ildacius
2983 2586 3160 2634 autem
3189 2621 3203 2643 ,
3234 2591 3290 2635 et
3318 2581 3493 2638 Chro-

1896 2649 2002 2702 niei
2035 2647 2309 2703 Paschalis
2332 2646 2524 2701 auctor
2550 2656 2674 2702 ante
2705 2646 2848 2704 diem
2888 2665 2940 2704 IV
2980 2647 3089 2703 Ital.
3121 2651 3324 2723 Apriles
3348 2694 3364 2722 ,
3413 2655 3496 2711 di-

1895 2730 2042 2774 cunt.

1971 2787 1989 2827 ί
2023 2789 2255 2858 Opponit
2273 2788 2601 2860 Hieronymo
2613 2787 2853 2860 Scaliger
2865 2790 3097 2847 Victoris
3117 2795 3492 2854 testimonium

1895 2861 1946 2915 in
1968 2861 2224 2943 .Epitome
2241 2901 2257 2926 ,
2289 2861 2696 2948 infestustamen
2722 2861 2887 2948 uitiis,
2901 2863 3226 2948 maximeque
3245 2868 3492 2933 avaritia,

1894 2933 2043 2995 cuius
2075 2931 2287 3000 punitor
2308 2932 2418 3000 ipse
2448 2933 2544 3001 fuit
2576 2931 2837 3001 acer.Sed
2865 2932 2998 2987 falsa
3028 2931 3262 2991 lectione
3280 2931 3493 2994 Schotli

1892 3002 2152 3070 deceptus
2192 3002 2305 3070 ipse
2331 3000 2454 3067 est;
2501 3000 2783 3070 legendum
2814 3003 2957 3057 enim
2990 3005 3212 3060 omnino
3241 3007 3312 3061 ibi
3361 3024 3487 3065 cum

1895 3087 2025 3128 mss.
2056 3071 2306 3148 omnibus
2333 3071 2484 3127 libris
2514 3072 2732 3148 infectus
2765 3088 2860 3142 pro
2891 3074 3140 3148 infestus,
3171 3085 3229 3148 ut
3256 3087 3310 3132 et
3339 3079 3490 3148 cupi-

1890 3153 1972 3196 tor
2004 3159 2100 3212 pro
2129 3145 2360 3213 punitor,
2389 3143 2529 3213 quod
2560 3153 2613 3198 et
2643 3143 2974 3200 Arntzenius
2997 3145 3054 3201 in
3082 3147 3225 3204 notis
3255 3148 3323 3204 ad
3360 3143 3485 3206 cum

1893 3214 2066 3270 locum
2093 3214 2339 3285 pluribus
2367 3216 2586 3269 evincit.

1966 3296 1989 3356 ξς
2021 3285 2075 3340 In
2109 3286 2380 3341 Parmensi
2411 3301 2512 3340 ms.
2545 3295 2652 3340 tota
2680 3285 2795 3341 haec
2837 3285 3091 3356 periocha
3119 3287 3481 3347 desideratur.

1964 3353 1990 3392 δ
2006 3357 2146 3432 Nihil
2165 3356 2410 3432 dubium,
2427 3357 2553 3432 quin
2581 3353 2920 3432 terraeinotus
2943 3359 3043 3432 ille,
3064 3359 3307 3432 idemsit,
3322 3378 3484 3432 quem

1891 3429 2209 3483 Ammianus
2237 3427 2330 3482 lib.
2365 3444 2491 3482 xxrv
2520 3428 2823 3497 describit,
2866 3431 3076 3483 consule
3112 3427 3483 3488 Valentiniano

1889 3501 2058 3572 primo
2080 3517 2196 3572 eum
2224 3498 2654 3572 [ratre__Valente.
2685 3500 2960 3558 lnnuimus
2989 3516 3151 3572 porro
3181 3518 3280 3557 nos
3304 3504 3355 3557 in
3381 3520 3484 3559 no-

1889 3569 1958 3623 tis
1986 3571 2051 3624 ad
2084 3569 2258 3624 Vitam
2289 3573 2342 3623 S.
2379 3569 2694 3639 Hilarionis,
2729 3587 2876 3626 num.
2909 3569 3004 3635 40,
3047 3572 3298 3628 eumdem
3330 3574 3482 3634 illum

1889 3641 2227 3714 denotariab
2257 3641 2586 3714 Hieronymo
2617 3642 2816 3714 verbis,
2853 3641 2932 3696 Ea
2960 3651 3258 3714 tempestate
3299 3654 3481 3700 teri-te-

1891 3721 2033 3766 motu
2061 3713 2219 3766 totius
2248 3712 2404 3776 orbis,
2431 3714 2522 3783 qui
2554 3722 2664 3780 post
2684 3712 2888 3768 Juliani
2900 3712 3119 3768 mortem
3143 3716 3349 3782 accidit,
3370 3733 3482 3771 ma-

1893 3783 1977 3856 ria
1991 3800 2199 3856 egressa
2219 3793 2336 3856 sunt
2364 3785 2766 3856 terminos_su0s,
2801 3801 2908 3856 quo
2949 3785 3068 3838 loco
3093 3827 3107 3852 ,
3141 3785 3250 3856 nisi
3285 3802 3384 3842 nos
3415 3804 3478 3844 ea

1893 3855 2028 3928 fallit
2058 3854 2262 3928 opinio,
2297 3853 2451 3928 facile
2477 3870 2570 3928 pro
2593 3853 2791 3928 Juliani
2819 3853 3099 3928 legendum
3123 3855 3334 3912 Ioviani
3353 3860 3475 3915 erit.

1891 3926 2167 4001 Constabit
2190 3935 2336 3979 certe
2364 3925 2707 4001 luculentius,
2747 3925 2980 4001 voluisse
3009 3931 3190 4001 etiam
3214 3929 3478 4001 Ilierony-

1893 4012 2060 4066 unum,
2091 3997 2283 4066 primo,
2316 4011 2422 4052 non
2454 3997 2624 4051 altero
2653 4013 2794 4052 anno
2835 3998 3196 4054 Valentiniani
3236 3997 3478 4054 celeber-

1890 4065 2102 4120 rituum
2125 4076 2238 4122 toto
2267 4067 2396 4138 orbe
2416 4077 2782 4123 terrzemotum
2808 4069 3062 4135 adscribi,
3097 4079 3155 4124 ut
3175 4069 3317 4138 quod
3343 4071 3476 4126 alte-

1892 4137 2006 4192 rius
2039 4150 2216 4191 tamen
2249 4137 2377 4193 anni
2408 4148 2530 4210 nota
2561 4138 2649 4192 hic
2688 4141 2998 4210 apponitur,
3051 4137 3278 4210 incautis
3327 4155 3477 4196 ama-

1893 4209 2190 4264 nuensibus
2220 4211 2392 4280 culp-.1:
2426 4209 2772 4264 tribuendum
2811 4211 3075 4264 videatur.
3125 4209 3294 4278 Major
3325 4212 3375 4266 in
3407 4228 3477 4267 eo

1889 4283 2176 4349 scrupulus
2204 4279 2479 4352 est,’qnod
2507 4282 2731 4349 volunt,
2767 4281 2907 4335 hunc
2939 4281 3110 4352 ipsum
3145 4281 3295 4336 innui
3325 4298 3476 4338 eom-

1891 4352 2154 4405 mentario
2183 4353 2215 4408 5
2243 4353 2293 4407 in
2319 4350 2371 4405 ei
2398 4368 2464 4406 xv
2497 4352 2672 4423 lsaim,
2704 4369 2863 4423 quem
2897 4353 2971 4404 ait
3000 4352 3054 4407 S.
3085 4350 3244 4423 Pater
3283 4353 3337 4408 in
3377 4369 3472 4408 sua

1888 4423 2110 4493 infantia
2141 4423 2450 4496 contigisse.
2480 4422 2637 4496 Eadc
2666 4421 2946 4478 revidesis
2975 4438 3092 4492 qua:
3124 4421 3194 4477 ibi
3220 4435 3475 4480 annotata

1890 4504 2038 4565 sunt,
2070 4506 2120 4548 et
2151 4510 2271 4564 qute
2300 4493 2352 4548 in
2386 4493 2498 4548 Vita
2524 4495 2746 4550 uberius
2777 4496 3140 4565 disputantur.

1967 4564 1980 4601 ί
2017 4565 2236 4621 Factum
2266 4565 2544 4633 eonsignat
2571 4567 2780 4621 Idacius
2825 4564 2876 4620 in
2929 4565 3105 4620 Fastis
3148 4581 3198 4619 vi
3230 4565 3337 4620 kal.
3372 4567 3468 4621 Ju-

1892 4637 2009 4690 nias
2042 4655 2052 4688 :
2081 4649 2268 4691 auctor
2303 4637 2578 4691 Paschalis
2607 4639 2860 4693 Clirouici
2903 4653 2975 4691 xu
3023 4635 3134 4691 kal.
3175 4637 3345 4690 Julias
3378 4637 3474 4692 Int-

1884 4707 2088 4776 jusmet
2120 4707 2303 4775 utique
2334 4711 2479 4762 anui.
2514 4707 2714 4762 Confer
2747 4713 3084 4764 Ammianum
3137 4707 3228 4761 lib.
3273 4723 3394 4762 xxvr
3420 4723 3470 4762 c.

1890 4780 1920 4833 7
1949 4789 2000 4850 et
2030 4794 2203 4850 seqq.,
2239 4778 2509 4834 Zosiinum
2531 4780 2620 4834 lib.
2655 4796 2726 4846 iv,
2752 4779 3166 4850 Pbilosmrgium
3195 4786 3400 4850 ix,_ete.

1965 4849 1978 4900 i
2020 4846 2255 4915 Lilie'rio,
2285 4851 2375 4920 qui
2404 4868 2492 4905 vm
2519 4850 2623 4905 kal.
2657 4851 2920 4906 Octobres
2953 4849 3084 4901 obiit
3111 4888 3125 4910 ,
3167 4857 3226 4900 ut
3272 4846 3477 4920 Fausti-

1891 4936 1992 4975 nus
2023 4933 2074 4976 et
2107 4918 2449 4976 Marcellinus
2473 4925 2524 4975 in
2557 4921 2760 4976 Libelto
2793 4935 3009 4991 pret-nm
3041 4927 3326 4991 testantur,
3373 4918 3474 4991 Da-

1890 5008 2070 5046 maslls
2093 4991 2199 5045 kal.
2231 4993 2480 5046 Octobris
2500 4993 2752 5068 ejusdem
2783 4987 2804 5058 ,⁷
2829 5007 2948 5061 qua:
2981 4990 3032 5042 in
3059 4987 3199 5068 diem
3232 4988 3476 5043 Domini-

1890 5079 2008 5116 cam
2044 5064 2385 5125 incidebant,
2418 5063 2694 5116 ordinatm
2725 5072 2826 5116 est.
2862 5063 3200 5115 Anastasium
3233 5067 3288 5112 et
3325 5068 3475 5115 vetc-

193 5138 320 5188 centi
347 5132 572 5190 tectorio
608 5137 762 5190 calcis
801 5152 954 5207 grave
983 5135 1352 5206 quiescentibus
1375 5132 1483 5190 erat
1520 5152 1538 5188 :
1577 5138 1783 5205 quidam
1815 5133 1859 5196 C
1895 5147 1978 5207 res
2009 5133 2140 5207 alios
2167 5132 2482 5207 Pontiﬁcum
2512 5134 2781 5207 catalogus
2810 5147 2913 5184 non
2939 5143 3240 5207 moramur.

193 5207 463 5262 nimietate
491 5224 807 5277 prunarum,
839 5224 966 5277 quas
992 5209 1135 5277 gravi
1165 5207 1355 5274 frigore
1381 5207 1580 5259 adoleri
1603 5208 1786 5264 multas

184 5278 448 5345 jusserat.
477 5276 705 5332 Decessit
736 5276 939 5345 imperii
970 5276 1194 5348 mense]
1224 5279 1241 5348 (
1277 5277 1680 5332 rescribendum
1729 5281 1784 5347 8,

191 5357 319 5404 sunt
349 5348 502 5403 enim
531 5348 600 5402 ab
629 5349 748 5418 ejus
771 5350 1037 5402 electione
1072 5364 1120 5401 γι
1149 5346 1256 5402 kal.
1299 5348 1466 5402 Iulias
1489 5392 1502 5414 ,
1546 5349 1610 5404 ad
1643 5346 1784 5404 dicm

191 5418 418 5486 obitus,
453 5433 616 5486 quem
667 5419 846 5474 statim
895 5427 1074 5486 notat,
1109 5434 1267 5485 supra
1318 5420 1522 5474 solidos
1573 5436 1786 5474 menses

190 5499 432 5559 septem,
459 5489 578 5546 dies
607 5491 792 5558 viginti
825 5492 1012 5556 unus).
1046 5501 1230 5561 quarto
1261 5491 1458 5544 decimo
1493 5489 1597 5542 Ital.
1643 5489 1788 5543 Mur-

191 5564 290 5615 tias
318 5563 521 5624 aetatis,
553 5572 606 5614 ut
631 5561 718 5629 qui
747 5562 1022 5629 plurimum
1049 5577 1107 5614 ac
1133 5561 1398 5614 minimum
1427 5562 1657 5623 tradunt,
1687 5569 1789 5614 ter-

193 5633 287 5697 tio,
322 5641 372 5686 et
404 5632 674 5703 trigesimo
696 5649 851 5686 anno.
887 5631 1086 5686 Confer
1116 5631 1459 5703 Ammianutn
1478 5648 1711 5699 quoque,
1736 5642 1789 5688 ct

197 5701 556 5758 Victorem'in
591 5701 859 5770 Epitome,
893 5703 1165 5757 Socratem
1197 5702 1288 5756 lib.
1323 5716 1402 5763 nl,
1431 5701 1787 5758 Sozomenum

194 5789 269 5838 vi,
313 5782 428 5830 ctc.
469 5771 772 5828 Dadastaua
798 5773 1058 5828 Galatiam
1091 5774 1230 5828 inter
1268 5780 1319 5826 et
1351 5770 1654 5840 Bithyniam
1704 5781 1788 5829 est

1962 5201 1984 5238 l‘
2019 5203 2334 5255 Ammianus
2377 5217 2589 5270 quoque
2622 5199 2898 5255 Basilicam
2930 5199 3150 5255 Sicinini
3180 5210 3336 5254 vocat
3376 5201 3471 5257 lib.

1891 5289 2035 5328 xxv"
2065 5289 2114 5326 c.
2138 5275 2172 5328 5
2197 5291 2210 5337 ;
2243 5273 2490 5328 Socrates
2519 5273 2610 5322 lib.
2638 5289 2688 5326 IV
2717 5288 2764 5325 c.
2794 5273 2886 5334 229,
2919 5274 3108 5331 Σικίνης
3137 5287 3148 5322 :
3193 5269 3472 5328 Parmens.

1891 5361 1994 5399 ms.
2027 5344 2368 5399 Siccinnium.
2407 5340 2508 5396 Alii
2543 5339 2822 5395 Basilicam
2863 5337 3071 5394 Liberii.
3109 5340 3210 5394 Sed
3241 5352 3295 5396 et
3327 5343 3477 5398 Ursi-

1889 5432 2014 5468 num
2039 5457 2053 5480 ,
2108 5417 2439 5469 recentiores
2480 5414 2722 5466 nonnulli
2751 5412 2893 5465 docti
2940 5411 3035 5465 viri
3070 5410 3365 5467 Ursicinum
3393 5413 3476 5467 di-

1890 5502 2015 5540 cere
2040 5495 2240 5539 amant.
2270 5485 2396 5540 Vide
2428 5482 2700 5536 laudatum
2730 5483 2997 5535 Aunuiaui
3030 5483 3228 5547 locum,
3253 5484 3303 5536 in
3327 5498 3479 5537 euin-

1890 5573 1994 5624 (μω
2026 5566 2176 5608 notas
2212 5555 2429 5617 Valesii,
2463 5552 2712 5606 [inlinunt
2747 5562 3007 5619 prieterea
3029 5553 3132 5624 lib.
3176 5567 3212 5605 tt
3252 5555 3333 5619 lO,
3372 5553 3474 5624 So:

1899 5622 2101 5682 cratem
2147 5641 2234 5690 IV,
2295 5627 2658 5695 Sozoincnum
2717 5638 2811 5688 vi,
2865 5622 3084 5695 ete._ln
3134 5623 3484 5695 subsequenti

1899 5697 2148 5766 periocha
2183 5696 2302 5768 plus
2325 5693 2606 5749 habctms.
2640 5693 2949 5761 Parmens.,
2985 5692 3229 5764 Byzantii
3260 5692 3492 5769 baptiza-

1893 5780 1994 5824 tus.
