  <div class='ocr_page' id='page_1' title='image "/cluster/home/n/w/nwhite01/storage/ocr_20150623/27/uva.x000826567/371.png"; bbox 0 0 4018 6322; ppageno 0'>
   <div class='ocr_carea' id='block_1_1' title="bbox 538 274 645 335">
    <p class='ocr_par' dir='ltr' id='par_1_1' title="bbox 538 274 645 335">
     <span class='ocr_line' id='line_1_1' title="bbox 538 274 645 335; baseline -0.009 0"><span class='ocrx_word' id='word_1_1' title='bbox 538 274 645 335; x_wconf 75' lang='lat'><strong>727</strong></span> 
     </span>
    </p>
   </div>
   <div class='ocr_carea' id='block_1_2' title="bbox 1232 259 2141 326">
    <p class='ocr_par' dir='ltr' id='par_1_2' title="bbox 1232 259 2141 326">
     <span class='ocr_line' id='line_1_2' title="bbox 1232 259 2141 326; baseline -0.009 1"><span class='ocrx_word' id='word_1_2' title='bbox 1232 269 1323 326; x_wconf 84' lang='grc' dir='ltr'><strong>Λῐ)</strong></span> <span class='ocrx_word' id='word_1_3' title='bbox 1362 259 2141 326; x_wconf 71' lang='grc' dir='ltr'><strong>ΕυΞΕΒΙΟ-ΗΙΕΒΟΝΥΜΙΜ</strong></span> 
     </span>
    </p>
   </div>
   <div class='ocr_carea' id='block_1_3' title="bbox 2249 259 3119 326">
    <p class='ocr_par' dir='ltr' id='par_1_3' title="bbox 2250 259 3119 320">
     <span class='ocr_line' id='line_1_3' title="bbox 2250 259 3119 320; baseline -0.001 0"><span class='ocrx_word' id='word_1_4' title='bbox 2250 262 2269 320; x_wconf 90' lang='lat' dir='ltr'><strong>l</strong></span> <span class='ocrx_word' id='word_1_5' title='bbox 2310 259 2706 320; x_wconf 69' lang='lat' dir='ltr'><strong>CHRONICON</strong></span> <span class='ocrx_word' id='word_1_6' title='bbox 2749 259 3093 320; x_wconf 75' lang='lat' dir='ltr'><strong>APPENDIX</strong></span> <span class='ocrx_word' id='word_1_7' title='bbox 3106 304 3119 319; x_wconf 93' lang='lat'><strong>.</strong></span> 
     </span>
    </p>
   </div>
   <div class='ocr_carea' id='block_1_4' title="bbox 3735 265 3849 324">
    <p class='ocr_par' dir='ltr' id='par_1_4' title="bbox 3735 265 3849 324">
     <span class='ocr_line' id='line_1_4' title="bbox 3735 265 3849 324; baseline 0.035 -5"><span class='ocrx_word' id='word_1_8' title='bbox 3735 265 3849 324; x_wconf 67' lang='lat'><strong>7‘28</strong></span> 
     </span>
    </p>
   </div>
   <div class='ocr_carea' id='block_1_5' title="bbox 544 375 2141 468">
    <p class='ocr_par' dir='ltr' id='par_1_5' title="bbox 544 381 2134 468">
     <span class='ocr_line' id='line_1_5' title="bbox 544 381 2134 468; baseline -0.011 -19"><span class='ocrx_word' id='word_1_9' title='bbox 544 393 719 464; x_wconf 64' lang='grc' dir='ltr'>τεύχη</span> <span class='ocrx_word' id='word_1_10' title='bbox 744 395 994 468; x_wconf 73' lang='grc' dir='ltr'><strong>Χρονικῶν</strong></span> <span class='ocrx_word' id='word_1_11' title='bbox 1033 385 1247 444; x_wconf 73' lang='grc' dir='ltr'><strong>κανόνων</strong></span> <span class='ocrx_word' id='word_1_12' title='bbox 1276 381 1870 468; x_wconf 35' lang='grc' dir='ltr'><strong>τῖαεξῖτοόςῑπῆςβστοείας</strong></span> <span class='ocrx_word' id='word_1_13' title='bbox 1901 383 1985 433; x_wconf 72' lang='grc' dir='ltr'><strong>καὶ</strong></span> <span class='ocrx_word' id='word_1_14' title='bbox 2016 382 2134 468; x_wconf 54' lang='lat' dir='ltr'><strong>rod-</strong></span> 
     </span>
    </p>
   </div>
   <div class='ocr_carea' id='block_1_6' title="bbox 2249 375 3842 468">
    <p class='ocr_par' dir='ltr' id='par_1_6' title="bbox 2249 375 3842 468">
     <span class='ocr_line' id='line_1_6' title="bbox 2249 375 3842 468; baseline -0.001 -36"><span class='ocrx_word' id='word_1_15' title='bbox 2249 376 2374 432; x_wconf 83' lang='lat' dir='ltr'><strong>varii</strong></span> <span class='ocrx_word' id='word_1_16' title='bbox 2400 376 2501 446; x_wconf 89' lang='lat' dir='ltr'><strong>ipsi</strong></span> <span class='ocrx_word' id='word_1_17' title='bbox 2531 375 2948 468; x_wconf 59' lang='lat' dir='ltr'><strong>canopes&#39;apud</strong></span> <span class='ocrx_word' id='word_1_18' title='bbox 2988 375 3304 460; x_wconf 55' lang='lat' dir='ltr'><strong>Eusebium:</strong></span> <span class='ocrx_word' id='word_1_19' title='bbox 3355 375 3493 433; x_wconf 85' lang='lat' dir='ltr'><strong>llinc</strong></span> <span class='ocrx_word' id='word_1_20' title='bbox 3541 376 3842 468; x_wconf 64' lang='lat' dir='ltr'><strong>intelliges,</strong></span> 
     </span>
    </p>
   </div>
   <div class='ocr_carea' id='block_1_7' title="bbox 544 452 2128 537">
    <p class='ocr_par' dir='ltr' id='par_1_7' title="bbox 544 452 2128 537">
     <span class='ocr_line' id='line_1_7' title="bbox 544 452 2128 537; baseline -0.011 -15"><span class='ocrx_word' id='word_1_21' title='bbox 544 452 946 537; x_wconf 49' lang='grc' dir='ltr'><strong>τωνηέπιέομήν.</strong></span> <span class='ocrx_word' id='word_1_22' title='bbox 984 461 1147 537; x_wconf 39' lang='lat' dir='ltr'><strong>Idem.</strong></span> <span class='ocrx_word' id='word_1_23' title='bbox 1174 457 1311 526; x_wconf 86' lang='lat' dir='ltr'><strong>apud</strong></span> <span class='ocrx_word' id='word_1_24' title='bbox 1361 453 1722 522; x_wconf 85' lang='lat' dir='ltr'><strong>Sophronium</strong></span> <span class='ocrx_word' id='word_1_25' title='bbox 1775 452 2128 520; x_wconf 73' lang='lat' dir='ltr'><strong>interpretem</strong></span> 
     </span>
    </p>
   </div>
   <div class='ocr_carea' id='block_1_8' title="bbox 551 529 2032 603">
    <p class='ocr_par' dir='ltr' id='par_1_8' title="bbox 551 529 2032 603">
     <span class='ocr_line' id='line_1_8' title="bbox 551 529 2032 603; baseline 0.003 -16"><span class='ocrx_word' id='word_1_26' title='bbox 551 529 1170 600; x_wconf 62' lang='lat' dir='ltr'><strong>Grzccutn&#39;llicronymi.</strong></span> <span class='ocrx_word' id='word_1_27' title='bbox 1198 599 1209 603; x_wconf 89' lang='lat'><em>_</em></span> <span class='ocrx_word' id='word_1_28' title='bbox 1451 596 1463 603; x_wconf 90' lang='lat'>_</span> <span class='ocrx_word' id='word_1_29' title='bbox 1813 592 1848 603; x_wconf 61' lang='grc' dir='ltr'>η</span> <span class='ocrx_word' id='word_1_30' title='bbox 1891 591 1924 603; x_wconf 59' lang='lat'><strong>_,</strong></span> <span class='ocrx_word' id='word_1_31' title='bbox 2022 591 2032 602; x_wconf 82' lang='grc'><em>,</em></span> 
     </span>
    </p>
   </div>
   <div class='ocr_carea' id='block_1_9' title="bbox 629 590 2133 676">
    <p class='ocr_par' dir='ltr' id='par_1_9' title="bbox 629 590 2133 676">
     <span class='ocr_line' id='line_1_9' title="bbox 629 590 2133 676; baseline -0.009 -16"><span class='ocrx_word' id='word_1_32' title='bbox 629 590 706 660; x_wconf 13' lang='lat' dir='ltr'><strong>Et,</strong></span> <span class='ocrx_word' id='word_1_33' title='bbox 747 606 996 676; x_wconf 74' lang='lat' dir='ltr'><strong>quoniam</strong></span> <span class='ocrx_word' id='word_1_34' title='bbox 1032 590 1245 676; x_wconf 69' lang='lat' dir='ltr'><strong>propria</strong></span> <span class='ocrx_word' id='word_1_35' title='bbox 1292 596 1638 676; x_wconf 28' lang='lat' dir='ltr'><strong>aclprimteva</strong></span> <span class='ocrx_word' id='word_1_36' title='bbox 1671 591 1963 662; x_wconf 76' lang='lat' dir='ltr'><strong>appellatio</strong></span> <span class='ocrx_word' id='word_1_37' title='bbox 1983 590 2133 647; x_wconf 87' lang='lat' dir='ltr'><strong>vide-</strong></span> 
     </span>
    </p>
   </div>
   <div class='ocr_carea' id='block_1_10' title="bbox 551 667 2134 736">
    <p class='ocr_par' dir='ltr' id='par_1_10' title="bbox 551 667 2134 736">
     <span class='ocr_line' id='line_1_10' title="bbox 551 667 2134 736; baseline -0.01 -5"><span class='ocrx_word' id='word_1_38' title='bbox 551 688 642 731; x_wconf 88' lang='lat' dir='ltr'><strong>tttr</strong></span> <span class='ocrx_word' id='word_1_39' title='bbox 672 667 1140 736; x_wconf 61' lang='lat' dir='ltr'><strong>ista&#39;,utdicantur</strong></span> <span class='ocrx_word' id='word_1_40' title='bbox 1181 667 1423 720; x_wconf 83' lang='lat' dir='ltr'><strong>Chronici</strong></span> <span class='ocrx_word' id='word_1_41' title='bbox 1471 681 1714 722; x_wconf 77' lang='lat' dir='ltr'><strong>canones.</strong></span> <span class='ocrx_word' id='word_1_42' title='bbox 1765 679 1859 718; x_wconf 89' lang='lat' dir='ltr'><strong>seu</strong></span> <span class='ocrx_word' id='word_1_43' title='bbox 1911 678 2134 736; x_wconf 82' lang='lat' dir='ltr'><strong>canones</strong></span> 
     </span>
    </p>
   </div>
   <div class='ocr_carea' id='block_1_11' title="bbox 553 733 2136 806">
    <p class='ocr_par' dir='ltr' id='par_1_11' title="bbox 553 733 2136 806">
     <span class='ocr_line' id='line_1_11' title="bbox 553 733 2136 806; baseline -0.009 -5"><span class='ocrx_word' id='word_1_44' title='bbox 553 733 945 806; x_wconf 83' lang='lat' dir='ltr'><strong>Chronicorum,</strong></span> <span class='ocrx_word' id='word_1_45' title='bbox 971 757 1076 795; x_wconf 93' lang='lat' dir='ltr'><strong>non</strong></span> <span class='ocrx_word' id='word_1_46' title='bbox 1107 739 1239 792; x_wconf 85' lang='lat' dir='ltr'><strong>levis</strong></span> <span class='ocrx_word' id='word_1_47' title='bbox 1261 739 1435 790; x_wconf 78' lang='lat' dir='ltr'><strong>oritur</strong></span> <span class='ocrx_word' id='word_1_48' title='bbox 1456 736 1768 796; x_wconf 76' lang='lat' dir='ltr'><strong>difﬁcultas,</strong></span> <span class='ocrx_word' id='word_1_49' title='bbox 1801 749 1920 803; x_wconf 73' lang='lat' dir='ltr'><strong>qua:</strong></span> <span class='ocrx_word' id='word_1_50' title='bbox 1943 734 2013 786; x_wconf 88' lang='lat' dir='ltr'><strong>sit</strong></span> <span class='ocrx_word' id='word_1_51' title='bbox 2039 733 2136 786; x_wconf 89' lang='lat' dir='ltr'><strong>ho-</strong></span> 
     </span>
    </p>
   </div>
   <div class='ocr_carea' id='block_1_12' title="bbox 557 807 2134 884">
    <p class='ocr_par' dir='ltr' id='par_1_12' title="bbox 557 807 2134 884">
     <span class='ocr_line' id='line_1_12' title="bbox 557 807 2134 884; baseline -0.009 -13"><span class='ocrx_word' id='word_1_52' title='bbox 557 834 676 873; x_wconf 89' lang='lat' dir='ltr'><strong>rmn</strong></span> <span class='ocrx_word' id='word_1_53' title='bbox 701 815 934 884; x_wconf 84' lang='lat' dir='ltr'><strong>genuina</strong></span> <span class='ocrx_word' id='word_1_54' title='bbox 957 809 1354 884; x_wconf 85' lang='lat' dir='ltr'><strong>interpretatio.</strong></span> <span class='ocrx_word' id='word_1_55' title='bbox 1384 810 1515 884; x_wconf 68' lang='lat' dir='ltr'><strong>ilum</strong></span> <span class='ocrx_word' id='word_1_56' title='bbox 1553 807 1697 884; x_wconf 86' lang='lat' dir='ltr'><strong>enim</strong></span> <span class='ocrx_word' id='word_1_57' title='bbox 1722 807 1812 860; x_wconf 90' lang='lat' dir='ltr'><strong>illa</strong></span> <span class='ocrx_word' id='word_1_58' title='bbox 1833 820 1932 858; x_wconf 80' lang='lat' dir='ltr'><strong>vox</strong></span> <span class='ocrx_word' id='word_1_59' title='bbox 1964 820 2134 884; x_wconf 75' lang='lat' dir='ltr'><strong>canon</strong></span> 
     </span>
    </p>
   </div>
   <div class='ocr_carea' id='block_1_13' title="bbox 553 874 2137 954">
    <p class='ocr_par' dir='ltr' id='par_1_13' title="bbox 553 874 2137 954">
     <span class='ocr_line' id='line_1_13' title="bbox 553 874 2137 954; baseline -0.01 -14"><span class='ocrx_word' id='word_1_60' title='bbox 553 897 660 941; x_wconf 87' lang='lat' dir='ltr'><strong>tam</strong></span> <span class='ocrx_word' id='word_1_61' title='bbox 691 874 829 954; x_wconf 61' lang='lat' dir='ltr'><strong>apud</strong></span> <span class='ocrx_word' id='word_1_62' title='bbox 870 874 1171 949; x_wconf 81' lang='lat' dir='ltr'><strong>theologos,</strong></span> <span class='ocrx_word' id='word_1_63' title='bbox 1200 888 1271 954; x_wconf 89' lang='lat' dir='ltr'><strong>_et</strong></span> <span class='ocrx_word' id='word_1_64' title='bbox 1300 879 1739 954; x_wconf 77' lang='lat' dir='ltr'><strong>jurisconsnltos,</strong></span> <span class='ocrx_word' id='word_1_65' title='bbox 1789 891 1949 954; x_wconf 81' lang='lat' dir='ltr'><strong>quam</strong></span> <span class='ocrx_word' id='word_1_66' title='bbox 1996 874 2137 954; x_wconf 71' lang='lat' dir='ltr'><strong>apud</strong></span> 
     </span>
    </p>
   </div>
   <div class='ocr_carea' id='block_1_14' title="bbox 551 945 2138 1019">
    <p class='ocr_par' dir='ltr' id='par_1_14' title="bbox 551 945 2138 1019">
     <span class='ocr_line' id='line_1_14' title="bbox 551 945 2138 1019; baseline -0.008 -9"><span class='ocrx_word' id='word_1_67' title='bbox 551 957 684 1010; x_wconf 90' lang='lat' dir='ltr'><strong>alios</strong></span> <span class='ocrx_word' id='word_1_68' title='bbox 726 945 800 1007; x_wconf 60' lang='lat' dir='ltr'><strong>&#39;ad</strong></span> <span class='ocrx_word' id='word_1_69' title='bbox 855 954 999 1007; x_wconf 89' lang='lat' dir='ltr'><strong>varia</strong></span> <span class='ocrx_word' id='word_1_70' title='bbox 1049 945 1396 1019; x_wconf 71' lang='lat' dir='ltr'><strong>signiﬁcanda</strong></span> <span class='ocrx_word' id='word_1_71' title='bbox 1446 945 2138 1019; x_wconf 84' lang='lat' dir='ltr'><strong>applicetur,cujusmodi</strong></span> 
     </span>
    </p>
   </div>
   <div class='ocr_carea' id='block_1_15' title="bbox 551 1018 2135 1093">
    <p class='ocr_par' dir='ltr' id='par_1_15' title="bbox 551 1018 2135 1093">
     <span class='ocr_line' id='line_1_15' title="bbox 551 1018 2135 1093; baseline -0.008 -12"><span class='ocrx_word' id='word_1_72' title='bbox 551 1026 929 1089; x_wconf 76' lang='lat' dir='ltr'><strong>exemplorum</strong></span> <span class='ocrx_word' id='word_1_73' title='bbox 962 1018 1536 1093; x_wconf 15' lang='lat' dir='ltr'><strong>plenismitithesauri</strong></span> <span class='ocrx_word' id='word_1_74' title='bbox 1587 1021 1866 1093; x_wconf 81' lang='lat' dir='ltr'><strong>utriusque</strong></span> <span class='ocrx_word' id='word_1_75' title='bbox 1907 1018 2135 1093; x_wconf 45' lang='lat' dir='ltr'><strong>linguai,</strong></span> 
     </span>
    </p>
   </div>
   <div class='ocr_carea' id='block_1_16' title="bbox 549 1088 2138 1162">
    <p class='ocr_par' dir='ltr' id='par_1_16' title="bbox 549 1088 2138 1162">
     <span class='ocr_line' id='line_1_16' title="bbox 549 1088 2138 1162; baseline -0.008 -10"><span class='ocrx_word' id='word_1_76' title='bbox 549 1113 654 1152; x_wconf 91' lang='lat' dir='ltr'><strong>non</strong></span> <span class='ocrx_word' id='word_1_77' title='bbox 688 1088 803 1150; x_wconf 82' lang='lat' dir='ltr'><strong>leve</strong></span> <span class='ocrx_word' id='word_1_78' title='bbox 831 1088 1052 1148; x_wconf 80' lang='lat' dir='ltr'><strong>dubium</strong></span> <span class='ocrx_word' id='word_1_79' title='bbox 1083 1092 1313 1162; x_wconf 91' lang='lat' dir='ltr'><strong>emergit</strong></span> <span class='ocrx_word' id='word_1_80' title='bbox 1336 1108 1453 1154; x_wconf 76' lang='lat' dir='ltr'><strong>qua:</strong></span> <span class='ocrx_word' id='word_1_81' title='bbox 1492 1091 1565 1143; x_wconf 91' lang='lat' dir='ltr'><strong>sit</strong></span> <span class='ocrx_word' id='word_1_82' title='bbox 1601 1090 1703 1142; x_wconf 88' lang='lat' dir='ltr'><strong>hoc</strong></span> <span class='ocrx_word' id='word_1_83' title='bbox 1728 1092 1847 1162; x_wconf 77' lang='lat' dir='ltr'><strong>loco</strong></span> <span class='ocrx_word' id='word_1_84' title='bbox 1871 1088 1990 1155; x_wconf 89' lang='lat' dir='ltr'><strong>ejus</strong></span> <span class='ocrx_word' id='word_1_85' title='bbox 2014 1103 2138 1153; x_wconf 86' lang='lat' dir='ltr'><strong>pro-</strong></span> 
     </span>
    </p>
   </div>
   <div class='ocr_carea' id='block_1_17' title="bbox 548 1161 2144 1233">
    <p class='ocr_par' dir='ltr' id='par_1_17' title="bbox 548 1161 2144 1233">
     <span class='ocr_line' id='line_1_17' title="bbox 548 1161 2144 1233; baseline -0.004 -15"><span class='ocrx_word' id='word_1_86' title='bbox 548 1168 664 1232; x_wconf 88' lang='lat' dir='ltr'><strong>pria</strong></span> <span class='ocrx_word' id='word_1_87' title='bbox 694 1166 1036 1233; x_wconf 82' lang='lat' dir='ltr'><strong>signiticatio.</strong></span> <span class='ocrx_word' id='word_1_88' title='bbox 1088 1163 1196 1217; x_wconf 85' lang='lat' dir='ltr'><strong>Nos</strong></span> <span class='ocrx_word' id='word_1_89' title='bbox 1244 1161 1352 1232; x_wconf 85' lang='lat' dir='ltr'><strong>quo</strong></span> <span class='ocrx_word' id='word_1_90' title='bbox 1385 1162 1606 1233; x_wconf 81' lang='lat' dir='ltr'><strong>brevius</strong></span> <span class='ocrx_word' id='word_1_91' title='bbox 1640 1161 2014 1229; x_wconf 73' lang='lat' dir='ltr'><strong>expediamus.</strong></span> <span class='ocrx_word' id='word_1_92' title='bbox 2045 1172 2144 1233; x_wconf 83' lang='lat' dir='ltr'><strong>pu-</strong></span> 
     </span>
    </p>
   </div>
   <div class='ocr_carea' id='block_1_18' title="bbox 551 1229 2145 1310">
    <p class='ocr_par' dir='ltr' id='par_1_18' title="bbox 551 1229 2145 1310">
     <span class='ocr_line' id='line_1_18' title="bbox 551 1229 2145 1310; baseline -0.007 -20"><span class='ocrx_word' id='word_1_93' title='bbox 551 1229 724 1310; x_wconf 80' lang='lat' dir='ltr'><strong>tamus</strong></span> <span class='ocrx_word' id='word_1_94' title='bbox 744 1229 1053 1310; x_wconf 36' lang='lat' dir='ltr'><strong>‘Cbronicos</strong></span> <span class='ocrx_word' id='word_1_95' title='bbox 1083 1229 1324 1310; x_wconf 81' lang='lat' dir='ltr'><strong>canones</strong></span> <span class='ocrx_word' id='word_1_96' title='bbox 1348 1233 1421 1286; x_wconf 87' lang='lat' dir='ltr'><strong>nil</strong></span> <span class='ocrx_word' id='word_1_97' title='bbox 1451 1232 1769 1310; x_wconf 82' lang='lat' dir='ltr'><strong>aliud__csse,</strong></span> <span class='ocrx_word' id='word_1_98' title='bbox 1804 1245 1963 1310; x_wconf 72' lang='lat' dir='ltr'><strong>quam</strong></span> <span class='ocrx_word' id='word_1_99' title='bbox 1988 1229 2145 1310; x_wconf 49' lang='lat' dir='ltr'><strong>fabu-</strong></span> 
     </span>
    </p>
   </div>
   <div class='ocr_carea' id='block_1_19' title="bbox 547 1301 2145 1376">
    <p class='ocr_par' dir='ltr' id='par_1_19' title="bbox 547 1301 2145 1376">
     <span class='ocr_line' id='line_1_19' title="bbox 547 1301 2145 1376; baseline -0.005 -16"><span class='ocrx_word' id='word_1_100' title='bbox 547 1308 631 1360; x_wconf 89' lang='lat' dir='ltr'><strong>las</strong></span> <span class='ocrx_word' id='word_1_101' title='bbox 659 1307 887 1376; x_wconf 88' lang='lat' dir='ltr'><strong>aliquas,</strong></span> <span class='ocrx_word' id='word_1_102' title='bbox 921 1307 971 1360; x_wconf 88' lang='lat' dir='ltr'><strong>id</strong></span> <span class='ocrx_word' id='word_1_103' title='bbox 1003 1316 1088 1360; x_wconf 91' lang='lat' dir='ltr'><strong>est</strong></span> <span class='ocrx_word' id='word_1_104' title='bbox 1115 1306 1325 1359; x_wconf 89' lang='lat' dir='ltr'><strong>diversa</strong></span> <span class='ocrx_word' id='word_1_105' title='bbox 1357 1305 1528 1372; x_wconf 87' lang='lat' dir='ltr'><strong>spatia</strong></span> <span class='ocrx_word' id='word_1_106' title='bbox 1585 1303 1825 1376; x_wconf 76' lang='lat' dir='ltr'><strong>dimensa</strong></span> <span class='ocrx_word' id='word_1_107' title='bbox 1877 1301 2034 1376; x_wconf 85' lang='lat' dir='ltr'><strong>lineis</strong></span> <span class='ocrx_word' id='word_1_108' title='bbox 2082 1313 2145 1352; x_wconf 91' lang='lat' dir='ltr'><strong>ac</strong></span> 
     </span>
    </p>
   </div>
   <div class='ocr_carea' id='block_1_20' title="bbox 549 1371 2144 1446">
    <p class='ocr_par' dir='ltr' id='par_1_20' title="bbox 549 1371 2144 1446">
     <span class='ocr_line' id='line_1_20' title="bbox 549 1371 2144 1446; baseline -0.005 -15"><span class='ocrx_word' id='word_1_109' title='bbox 549 1371 850 1444; x_wconf 75' lang='lat' dir='ltr'><strong>laterculis,</strong></span> <span class='ocrx_word' id='word_1_110' title='bbox 871 1371 991 1446; x_wconf 73' lang='lat' dir='ltr'><strong>quae</strong></span> <span class='ocrx_word' id='word_1_111' title='bbox 1016 1377 1292 1431; x_wconf 70' lang='lat' dir='ltr'><strong>continent</strong></span> <span class='ocrx_word' id='word_1_112' title='bbox 1321 1371 1579 1428; x_wconf 88' lang='lat' dir='ltr'><strong>numeros</strong></span> <span class='ocrx_word' id='word_1_113' title='bbox 1611 1372 1715 1426; x_wconf 83' lang='lat' dir='ltr'><strong>sibi</strong></span> <span class='ocrx_word' id='word_1_114' title='bbox 1750 1371 2047 1446; x_wconf 66' lang='lat' dir='ltr'><strong>oppositos</strong></span> <span class='ocrx_word' id='word_1_115' title='bbox 2077 1385 2144 1424; x_wconf 77' lang='lat' dir='ltr'><strong>ex</strong></span> 
     </span>
    </p>
   </div>
   <div class='ocr_carea' id='block_1_21' title="bbox 549 1442 2143 1515">
    <p class='ocr_par' dir='ltr' id='par_1_21' title="bbox 549 1442 2143 1515">
     <span class='ocr_line' id='line_1_21' title="bbox 549 1442 2143 1515; baseline -0.004 -15"><span class='ocrx_word' id='word_1_116' title='bbox 549 1448 804 1510; x_wconf 81' lang='lat' dir='ltr'><strong>adverso,</strong></span> <span class='ocrx_word' id='word_1_117' title='bbox 837 1442 1032 1515; x_wconf 67' lang='lat' dir='ltr'><strong>quibus</strong></span> <span class='ocrx_word' id='word_1_118' title='bbox 1060 1448 1364 1501; x_wconf 86' lang='lat' dir='ltr'><strong>indicantur</strong></span> <span class='ocrx_word' id='word_1_119' title='bbox 1388 1455 1628 1513; x_wconf 80' lang='lat' dir='ltr'><strong>tempora</strong></span> <span class='ocrx_word' id='word_1_120' title='bbox 1662 1458 1758 1496; x_wconf 88' lang='lat' dir='ltr'><strong>seu</strong></span> <span class='ocrx_word' id='word_1_121' title='bbox 1790 1445 1912 1495; x_wconf 84' lang='lat' dir='ltr'><strong>anui</strong></span> <span class='ocrx_word' id='word_1_122' title='bbox 1938 1442 2143 1515; x_wconf 82' lang='lat' dir='ltr'><strong>diviso-</strong></span> 
     </span>
    </p>
   </div>
   <div class='ocr_carea' id='block_1_22' title="bbox 548 1511 2141 1587">
    <p class='ocr_par' dir='ltr' id='par_1_22' title="bbox 548 1511 2141 1587">
     <span class='ocr_line' id='line_1_22' title="bbox 548 1511 2141 1587; baseline -0.006 -15"><span class='ocrx_word' id='word_1_123' title='bbox 548 1533 668 1572; x_wconf 91' lang='lat' dir='ltr'><strong>rum</strong></span> <span class='ocrx_word' id='word_1_124' title='bbox 702 1511 886 1587; x_wconf 85' lang='lat' dir='ltr'><strong>regum</strong></span> <span class='ocrx_word' id='word_1_125' title='bbox 912 1519 1141 1572; x_wconf 82' lang='lat' dir='ltr'><strong>invicem</strong></span> <span class='ocrx_word' id='word_1_126' title='bbox 1169 1511 1556 1571; x_wconf 82' lang='lat' dir='ltr'><strong>concurrentes</strong></span> <span class='ocrx_word' id='word_1_127' title='bbox 1607 1527 1701 1568; x_wconf 88' lang='lat' dir='ltr'><strong>seu</strong></span> <span class='ocrx_word' id='word_1_128' title='bbox 1729 1511 2141 1587; x_wconf 71' lang='lat' dir='ltr'><strong>concordantes,</strong></span> 
     </span>
    </p>
   </div>
   <div class='ocr_carea' id='block_1_23' title="bbox 551 1582 2148 1656">
    <p class='ocr_par' dir='ltr' id='par_1_23' title="bbox 551 1582 2148 1656">
     <span class='ocr_line' id='line_1_23' title="bbox 551 1582 2148 1656; baseline -0.004 -13"><span class='ocrx_word' id='word_1_129' title='bbox 551 1598 605 1643; x_wconf 89' lang='lat' dir='ltr'><strong>et</strong></span> <span class='ocrx_word' id='word_1_130' title='bbox 626 1603 699 1643; x_wconf 79' lang='lat' dir='ltr'><strong>ex</strong></span> <span class='ocrx_word' id='word_1_131' title='bbox 727 1582 958 1656; x_wconf 76' lang='lat' dir='ltr'><strong>quorum</strong></span> <span class='ocrx_word' id='word_1_132' title='bbox 977 1589 1265 1643; x_wconf 90' lang='lat' dir='ltr'><strong>collatione</strong></span> <span class='ocrx_word' id='word_1_133' title='bbox 1304 1602 1398 1640; x_wconf 89' lang='lat' dir='ltr'><strong>seu</strong></span> <span class='ocrx_word' id='word_1_134' title='bbox 1439 1588 1846 1654; x_wconf 74' lang='lat' dir='ltr'><strong>comparatione</strong></span> <span class='ocrx_word' id='word_1_135' title='bbox 1875 1582 2148 1648; x_wconf 83' lang='lat' dir='ltr'><strong>colligitur</strong></span> 
     </span>
    </p>
   </div>
   <div class='ocr_carea' id='block_1_24' title="bbox 553 1660 2149 1729">
    <p class='ocr_par' dir='ltr' id='par_1_24' title="bbox 553 1660 2149 1729">
     <span class='ocr_line' id='line_1_24' title="bbox 553 1660 2149 1729; baseline -0.005 -17"><span class='ocrx_word' id='word_1_136' title='bbox 553 1662 814 1713; x_wconf 80' lang='lat' dir='ltr'><strong>canonica</strong></span> <span class='ocrx_word' id='word_1_137' title='bbox 840 1674 934 1712; x_wconf 89' lang='lat' dir='ltr'><strong>seu</strong></span> <span class='ocrx_word' id='word_1_138' title='bbox 967 1660 1253 1729; x_wconf 78' lang='lat' dir='ltr'><strong>regularis,</strong></span> <span class='ocrx_word' id='word_1_139' title='bbox 1277 1667 1331 1712; x_wconf 92' lang='lat' dir='ltr'><strong>et</strong></span> <span class='ocrx_word' id='word_1_140' title='bbox 1355 1668 1499 1729; x_wconf 83' lang='lat' dir='ltr'><strong>certa</strong></span> <span class='ocrx_word' id='word_1_141' title='bbox 1533 1666 1851 1729; x_wconf 69' lang='lat' dir='ltr'><strong>temporum</strong></span> <span class='ocrx_word' id='word_1_142' title='bbox 1889 1663 2149 1720; x_wconf 86' lang='lat' dir='ltr'><strong>supputa-</strong></span> 
     </span>
    </p>
   </div>
   <div class='ocr_carea' id='block_1_25' title="bbox 552 1725 2146 1794">
    <p class='ocr_par' dir='ltr' id='par_1_25' title="bbox 552 1725 2146 1794">
     <span class='ocr_line' id='line_1_25' title="bbox 552 1725 2146 1794; baseline -0.004 -11"><span class='ocrx_word' id='word_1_143' title='bbox 552 1732 628 1783; x_wconf 91' lang='lat' dir='ltr'><strong>tio</strong></span> <span class='ocrx_word' id='word_1_144' title='bbox 652 1738 707 1784; x_wconf 92' lang='lat' dir='ltr'><strong>et</strong></span> <span class='ocrx_word' id='word_1_145' title='bbox 723 1730 992 1786; x_wconf 78' lang='lat' dir='ltr'><strong>collemio.</strong></span> <span class='ocrx_word' id='word_1_146' title='bbox 1032 1725 1155 1784; x_wconf 48' lang='lat' dir='ltr'><strong>&#39;Pcr</strong></span> <span class='ocrx_word' id='word_1_147' title='bbox 1215 1730 1386 1782; x_wconf 87' lang='lat' dir='ltr'><strong>lineas</strong></span> <span class='ocrx_word' id='word_1_148' title='bbox 1419 1725 1660 1794; x_wconf 81' lang='lat' dir='ltr'><strong>intelligo</strong></span> <span class='ocrx_word' id='word_1_149' title='bbox 1691 1726 1784 1779; x_wconf 89' lang='lat' dir='ltr'><strong>illa</strong></span> <span class='ocrx_word' id='word_1_150' title='bbox 1819 1725 2146 1778; x_wconf 85' lang='lat' dir='ltr'><strong>lineamenta</strong></span> 
     </span>
    </p>
   </div>
   <div class='ocr_carea' id='block_1_26' title="bbox 551 1795 2146 1867">
    <p class='ocr_par' dir='ltr' id='par_1_26' title="bbox 551 1795 2146 1867">
     <span class='ocr_line' id='line_1_26' title="bbox 551 1795 2146 1867; baseline -0.004 -12"><span class='ocrx_word' id='word_1_151' title='bbox 551 1809 700 1855; x_wconf 88' lang='lat' dir='ltr'><strong>recta</strong></span> <span class='ocrx_word' id='word_1_152' title='bbox 725 1816 753 1854; x_wconf 90' lang='lat' dir='ltr'><strong>a</strong></span> <span class='ocrx_word' id='word_1_153' title='bbox 777 1815 988 1855; x_wconf 91' lang='lat' dir='ltr'><strong>summo</strong></span> <span class='ocrx_word' id='word_1_154' title='bbox 1019 1801 1084 1854; x_wconf 91' lang='lat' dir='ltr'><strong>ad</strong></span> <span class='ocrx_word' id='word_1_155' title='bbox 1115 1801 1302 1863; x_wconf 88' lang='lat' dir='ltr'><strong>imum,</strong></span> <span class='ocrx_word' id='word_1_156' title='bbox 1354 1814 1486 1867; x_wconf 83' lang='lat' dir='ltr'><strong>quas</strong></span> <span class='ocrx_word' id='word_1_157' title='bbox 1515 1797 1706 1866; x_wconf 85' lang='lat' dir='ltr'><strong>vulgus</strong></span> <span class='ocrx_word' id='word_1_158' title='bbox 1752 1795 2021 1867; x_wconf 68' lang='lat' dir='ltr'><strong>columnas</strong></span> <span class='ocrx_word' id='word_1_159' title='bbox 2053 1809 2146 1848; x_wconf 88' lang='lat' dir='ltr'><strong>vo-</strong></span> 
     </span>
    </p>
   </div>
   <div class='ocr_carea' id='block_1_27' title="bbox 552 1866 2148 1940">
    <p class='ocr_par' dir='ltr' id='par_1_27' title="bbox 552 1866 2148 1940">
     <span class='ocr_line' id='line_1_27' title="bbox 552 1866 2148 1940; baseline -0.003 -17"><span class='ocrx_word' id='word_1_160' title='bbox 552 1881 660 1939; x_wconf 84' lang='lat' dir='ltr'><strong>cat,</strong></span> <span class='ocrx_word' id='word_1_161' title='bbox 716 1881 773 1925; x_wconf 92' lang='lat' dir='ltr'><strong>et</strong></span> <span class='ocrx_word' id='word_1_162' title='bbox 823 1887 956 1940; x_wconf 88' lang='lat' dir='ltr'><strong>quas</strong></span> <span class='ocrx_word' id='word_1_163' title='bbox 999 1866 1450 1938; x_wconf 17' lang='lat' dir='ltr'><strong>Hieronymusiin</strong></span> <span class='ocrx_word' id='word_1_164' title='bbox 1487 1872 1696 1937; x_wconf 82' lang='lat' dir='ltr'><strong>pra-lat.</strong></span> <span class='ocrx_word' id='word_1_165' title='bbox 1721 1867 1955 1935; x_wconf 85' lang='lat' dir='ltr'><strong>appellat</strong></span> <span class='ocrx_word' id='word_1_166' title='bbox 1985 1866 2148 1918; x_wconf 82' lang='lat' dir='ltr'><strong>lineas</strong></span> 
     </span>
    </p>
   </div>
   <div class='ocr_carea' id='block_1_28' title="bbox 551 1941 2156 2008">
    <p class='ocr_par' dir='ltr' id='par_1_28' title="bbox 551 1941 2156 2008">
     <span class='ocr_line' id='line_1_28' title="bbox 551 1941 2156 2008; baseline -0.003 -13"><span class='ocrx_word' id='word_1_167' title='bbox 551 1953 1015 2008; x_wconf 86' lang='lat' dir='ltr'><strong>nnmerorum,aut</strong></span> <span class='ocrx_word' id='word_1_168' title='bbox 1045 1943 1246 1994; x_wconf 87' lang='lat' dir='ltr'><strong>numeri</strong></span> <span class='ocrx_word' id='word_1_169' title='bbox 1276 1956 1370 1995; x_wconf 88' lang='lat' dir='ltr'><strong>seu</strong></span> <span class='ocrx_word' id='word_1_170' title='bbox 1415 1941 1626 1992; x_wconf 77' lang='lat' dir='ltr'><strong>ordines</strong></span> <span class='ocrx_word' id='word_1_171' title='bbox 1685 1953 2014 1991; x_wconf 86' lang='lat' dir='ltr'><strong>numerorum</strong></span> <span class='ocrx_word' id='word_1_172' title='bbox 2056 1944 2156 1990; x_wconf 82' lang='lat' dir='ltr'><strong>aut</strong></span> 
     </span>
    </p>
   </div>
   <div class='ocr_carea' id='block_1_29' title="bbox 554 2009 2148 2080">
    <p class='ocr_par' dir='ltr' id='par_1_29' title="bbox 554 2009 2148 2080">
     <span class='ocr_line' id='line_1_29' title="bbox 554 2009 2148 2080; baseline -0.003 -16"><span class='ocrx_word' id='word_1_173' title='bbox 554 2013 761 2065; x_wconf 86' lang='lat' dir='ltr'><strong>numeri</strong></span> <span class='ocrx_word' id='word_1_174' title='bbox 781 2011 862 2080; x_wconf 88' lang='lat' dir='ltr'><strong>(ut</strong></span> <span class='ocrx_word' id='word_1_175' title='bbox 886 2022 1075 2067; x_wconf 89' lang='lat' dir='ltr'><strong>auctor</strong></span> <span class='ocrx_word' id='word_1_176' title='bbox 1098 2015 1338 2066; x_wconf 86' lang='lat' dir='ltr'><strong>incertus</strong></span> <span class='ocrx_word' id='word_1_177' title='bbox 1363 2014 1413 2065; x_wconf 93' lang='lat' dir='ltr'><strong>in</strong></span> <span class='ocrx_word' id='word_1_178' title='bbox 1442 2024 1682 2065; x_wconf 87' lang='lat' dir='ltr'><strong>canones</strong></span> <span class='ocrx_word' id='word_1_179' title='bbox 1708 2009 1963 2075; x_wconf 82' lang='lat' dir='ltr'><strong>Evangel.</strong></span> <span class='ocrx_word' id='word_1_180' title='bbox 1993 2017 2148 2060; x_wconf 86' lang='lat' dir='ltr'><strong>vocat</strong></span> 
     </span>
    </p>
   </div>
   <div class='ocr_carea' id='block_1_30' title="bbox 557 2079 2147 2153">
    <p class='ocr_par' dir='ltr' id='par_1_30' title="bbox 557 2079 2147 2153">
     <span class='ocr_line' id='line_1_30' title="bbox 557 2079 2147 2153; baseline -0.004 -17"><span class='ocrx_word' id='word_1_181' title='bbox 557 2082 758 2152; x_wconf 81' lang='lat' dir='ltr'><strong>ﬁguras</strong></span> <span class='ocrx_word' id='word_1_182' title='bbox 778 2079 1179 2153; x_wconf 72' lang='lat' dir='ltr'><strong>calamum-ias),</strong></span> <span class='ocrx_word' id='word_1_183' title='bbox 1210 2097 1439 2152; x_wconf 67' lang='lat' dir='ltr'><strong>quaeque</strong></span> <span class='ocrx_word' id='word_1_184' title='bbox 1484 2082 1729 2136; x_wconf 88' lang='lat' dir='ltr'><strong>continet</strong></span> <span class='ocrx_word' id='word_1_185' title='bbox 1774 2079 1996 2142; x_wconf 77' lang='lat' dir='ltr'><strong>seriem,</strong></span> <span class='ocrx_word' id='word_1_186' title='bbox 2030 2092 2147 2142; x_wconf 91' lang='lat' dir='ltr'><strong>seu,</strong></span> 
     </span>
    </p>
   </div>
   <div class='ocr_carea' id='block_1_31' title="bbox 558 2153 2146 2224">
    <p class='ocr_par' dir='ltr' id='par_1_31' title="bbox 558 2153 2146 2224">
     <span class='ocr_line' id='line_1_31' title="bbox 558 2153 2146 2224; baseline -0.003 -19"><span class='ocrx_word' id='word_1_187' title='bbox 558 2165 615 2205; x_wconf 92' lang='lat' dir='ltr'><strong>ut</strong></span> <span class='ocrx_word' id='word_1_188' title='bbox 647 2154 789 2206; x_wconf 90' lang='lat' dir='ltr'><strong>idem</strong></span> <span class='ocrx_word' id='word_1_189' title='bbox 825 2154 1192 2224; x_wconf 91' lang='lat' dir='ltr'><strong>Hieronymus</strong></span> <span class='ocrx_word' id='word_1_190' title='bbox 1245 2155 1508 2222; x_wconf 79' lang='lat' dir='ltr'><strong>loquitur,</strong></span> <span class='ocrx_word' id='word_1_191' title='bbox 1558 2153 1817 2224; x_wconf 72' lang='lat' dir='ltr'><strong>tramitem</strong></span> <span class='ocrx_word' id='word_1_192' title='bbox 1871 2164 2146 2224; x_wconf 73' lang='lat' dir='ltr'><strong>regnorum</strong></span> 
     </span>
    </p>
   </div>
   <div class='ocr_carea' id='block_1_32' title="bbox 557 2221 2150 2293">
    <p class='ocr_par' dir='ltr' id='par_1_32' title="bbox 557 2221 2150 2293">
     <span class='ocr_line' id='line_1_32' title="bbox 557 2221 2150 2293; baseline -0.003 -17"><span class='ocrx_word' id='word_1_193' title='bbox 557 2231 604 2276; x_wconf 84' lang='lat' dir='ltr'><strong>et</strong></span> <span class='ocrx_word' id='word_1_194' title='bbox 633 2225 864 2277; x_wconf 82' lang='lat' dir='ltr'><strong>ordinem</strong></span> <span class='ocrx_word' id='word_1_195' title='bbox 896 2221 1223 2280; x_wconf 74' lang='lat' dir='ltr'><strong>numerorum</strong></span> <span class='ocrx_word' id='word_1_196' title='bbox 1269 2221 1528 2293; x_wconf 74' lang='lat' dir='ltr'><strong>cujusque</strong></span> <span class='ocrx_word' id='word_1_197' title='bbox 1558 2225 1733 2291; x_wconf 81' lang='lat' dir='ltr'><strong>regni.</strong></span> <span class='ocrx_word' id='word_1_198' title='bbox 1789 2221 1892 2293; x_wconf 75' lang='lat' dir='ltr'><strong>Per</strong></span> <span class='ocrx_word' id='word_1_199' title='bbox 1916 2221 2150 2293; x_wconf 73' lang='lat' dir='ltr'><strong>latercu-</strong></span> 
     </span>
    </p>
   </div>
   <div class='ocr_carea' id='block_1_33' title="bbox 557 2290 2149 2360">
    <p class='ocr_par' dir='ltr' id='par_1_33' title="bbox 557 2290 2149 2360">
     <span class='ocr_line' id='line_1_33' title="bbox 557 2290 2149 2360; baseline -0.003 -14"><span class='ocrx_word' id='word_1_200' title='bbox 557 2294 660 2356; x_wconf 89' lang='lat' dir='ltr'><strong>los,</strong></span> <span class='ocrx_word' id='word_1_201' title='bbox 694 2296 813 2349; x_wconf 90' lang='lat' dir='ltr'><strong>illas</strong></span> <span class='ocrx_word' id='word_1_202' title='bbox 838 2295 1010 2351; x_wconf 83' lang='lat' dir='ltr'><strong>lineas</strong></span> <span class='ocrx_word' id='word_1_203' title='bbox 1038 2290 1377 2352; x_wconf 83' lang='lat' dir='ltr'><strong>transversas</strong></span> <span class='ocrx_word' id='word_1_204' title='bbox 1397 2336 1412 2360; x_wconf 93' lang='lat'><strong>,</strong></span> <span class='ocrx_word' id='word_1_205' title='bbox 1443 2290 1562 2348; x_wconf 55' lang='lat' dir='ltr'><strong>&#39;seu</strong></span> <span class='ocrx_word' id='word_1_206' title='bbox 1592 2290 1932 2348; x_wconf 85' lang='lat' dir='ltr'><strong>collaterales</strong></span> <span class='ocrx_word' id='word_1_207' title='bbox 1958 2306 1985 2341; x_wconf 89' lang='lat' dir='ltr'><strong>a</strong></span> <span class='ocrx_word' id='word_1_208' title='bbox 2017 2290 2149 2343; x_wconf 85' lang='lat' dir='ltr'><strong>dex-</strong></span> 
     </span>
    </p>
   </div>
   <div class='ocr_carea' id='block_1_34' title="bbox 561 2361 2150 2441">
    <p class='ocr_par' dir='ltr' id='par_1_34' title="bbox 561 2361 2150 2441">
     <span class='ocr_line' id='line_1_34' title="bbox 561 2361 2150 2441; baseline -0.004 -24"><span class='ocrx_word' id='word_1_209' title='bbox 561 2374 642 2441; x_wconf 87' lang='lat' dir='ltr'><strong>tra</strong></span> <span class='ocrx_word' id='word_1_210' title='bbox 665 2365 730 2419; x_wconf 92' lang='lat' dir='ltr'><strong>ad</strong></span> <span class='ocrx_word' id='word_1_211' title='bbox 754 2367 1047 2441; x_wconf 77' lang='lat' dir='ltr'><strong>sinistram,</strong></span> <span class='ocrx_word' id='word_1_212' title='bbox 1083 2381 1218 2441; x_wconf 88' lang='lat' dir='ltr'><strong>quas</strong></span> <span class='ocrx_word' id='word_1_213' title='bbox 1245 2368 1358 2441; x_wconf 88' lang='lat' dir='ltr'><strong>ipse</strong></span> <span class='ocrx_word' id='word_1_214' title='bbox 1405 2364 1767 2441; x_wconf 83' lang='lat' dir='ltr'><strong>Hieronymus</strong></span> <span class='ocrx_word' id='word_1_215' title='bbox 1789 2373 1946 2415; x_wconf 85' lang='lat' dir='ltr'><strong>vocat</strong></span> <span class='ocrx_word' id='word_1_216' title='bbox 1975 2361 2150 2441; x_wconf 77' lang='lat' dir='ltr'><strong>virgu-</strong></span> 
     </span>
    </p>
   </div>
   <div class='ocr_carea' id='block_1_35' title="bbox 561 2435 2149 2508">
    <p class='ocr_par' dir='ltr' id='par_1_35' title="bbox 561 2435 2149 2508">
     <span class='ocr_line' id='line_1_35' title="bbox 561 2435 2149 2508; baseline -0.003 -20"><span class='ocrx_word' id='word_1_217' title='bbox 561 2438 664 2500; x_wconf 85' lang='lat' dir='ltr'><strong>las,</strong></span> <span class='ocrx_word' id='word_1_218' title='bbox 695 2443 750 2490; x_wconf 92' lang='lat' dir='ltr'><strong>et</strong></span> <span class='ocrx_word' id='word_1_219' title='bbox 775 2452 874 2492; x_wconf 89' lang='lat' dir='ltr'><strong>nos</strong></span> <span class='ocrx_word' id='word_1_220' title='bbox 898 2435 1188 2508; x_wconf 74' lang='lat' dir='ltr'><strong>aliquando</strong></span> <span class='ocrx_word' id='word_1_221' title='bbox 1213 2439 1375 2490; x_wconf 89' lang='lat' dir='ltr'><strong>etiam</strong></span> <span class='ocrx_word' id='word_1_222' title='bbox 1407 2435 1624 2508; x_wconf 85' lang='lat' dir='ltr'><strong>strigas,</strong></span> <span class='ocrx_word' id='word_1_223' title='bbox 1649 2443 1703 2488; x_wconf 87' lang='lat' dir='ltr'><strong>et</strong></span> <span class='ocrx_word' id='word_1_224' title='bbox 1722 2448 1843 2503; x_wconf 69' lang='lat' dir='ltr'><strong>quae</strong></span> <span class='ocrx_word' id='word_1_225' title='bbox 1870 2435 2149 2508; x_wconf 76' lang='lat' dir='ltr'><strong>continent</strong></span> 
     </span>
    </p>
   </div>
   <div class='ocr_carea' id='block_1_36' title="bbox 562 2503 2150 2574">
    <p class='ocr_par' dir='ltr' id='par_1_36' title="bbox 562 2503 2150 2574">
     <span class='ocr_line' id='line_1_36' title="bbox 562 2503 2150 2574; baseline -0.003 -14"><span class='ocrx_word' id='word_1_226' title='bbox 562 2521 670 2560; x_wconf 85' lang='lat' dir='ltr'><strong>non</strong></span> <span class='ocrx_word' id='word_1_227' title='bbox 713 2508 956 2563; x_wconf 84' lang='lat' dir='ltr'><strong>ordinem</strong></span> <span class='ocrx_word' id='word_1_228' title='bbox 989 2503 1104 2563; x_wconf 62' lang='lat' dir='ltr'><strong>&#39;seu</strong></span> <span class='ocrx_word' id='word_1_229' title='bbox 1152 2509 1352 2562; x_wconf 89' lang='lat' dir='ltr'><strong>seriem</strong></span> <span class='ocrx_word' id='word_1_230' title='bbox 1407 2503 1556 2574; x_wconf 86' lang='lat' dir='ltr'><strong>regni</strong></span> <span class='ocrx_word' id='word_1_231' title='bbox 1585 2520 1678 2560; x_wconf 88' lang='lat' dir='ltr'><strong>seu</strong></span> <span class='ocrx_word' id='word_1_232' title='bbox 1705 2518 2020 2574; x_wconf 85' lang='lat' dir='ltr'><strong>regnorum.</strong></span> <span class='ocrx_word' id='word_1_233' title='bbox 2054 2503 2150 2556; x_wconf 92' lang='lat' dir='ltr'><strong>sed</strong></span> 
     </span>
    </p>
   </div>
   <div class='ocr_carea' id='block_1_37' title="bbox 560 2573 2153 2645">
    <p class='ocr_par' dir='ltr' id='par_1_37' title="bbox 560 2573 2153 2645">
     <span class='ocr_line' id='line_1_37' title="bbox 560 2573 2153 2645; baseline -0.001 -16"><span class='ocrx_word' id='word_1_234' title='bbox 560 2582 776 2632; x_wconf 89' lang='lat' dir='ltr'><strong>unicum</strong></span> <span class='ocrx_word' id='word_1_235' title='bbox 820 2595 1104 2634; x_wconf 86' lang='lat' dir='ltr'><strong>numerum</strong></span> <span class='ocrx_word' id='word_1_236' title='bbox 1137 2594 1233 2634; x_wconf 88' lang='lat' dir='ltr'><strong>seu</strong></span> <span class='ocrx_word' id='word_1_237' title='bbox 1261 2592 1460 2631; x_wconf 89' lang='lat' dir='ltr'><strong>annum</strong></span> <span class='ocrx_word' id='word_1_238' title='bbox 1495 2573 2010 2645; x_wconf 36' lang='lat' dir='ltr'><strong>cujusque&#39;ordinis</strong></span> <span class='ocrx_word' id='word_1_239' title='bbox 2063 2587 2153 2627; x_wconf 91' lang='lat' dir='ltr'><strong>re—</strong></span> 
     </span>
    </p>
   </div>
   <div class='ocr_carea' id='block_1_38' title="bbox 563 2645 2148 2726">
    <p class='ocr_par' dir='ltr' id='par_1_38' title="bbox 563 2645 2148 2726">
     <span class='ocr_line' id='line_1_38' title="bbox 563 2645 2148 2726; baseline -0.002 -26"><span class='ocrx_word' id='word_1_240' title='bbox 563 2663 791 2726; x_wconf 71' lang='lat' dir='ltr'><strong>gnorum</strong></span> <span class='ocrx_word' id='word_1_241' title='bbox 820 2669 832 2703; x_wconf 94' lang='lat'><strong>:</strong></span> <span class='ocrx_word' id='word_1_242' title='bbox 864 2651 937 2726; x_wconf 82' lang='lat' dir='ltr'><strong>ita</strong></span> <span class='ocrx_word' id='word_1_243' title='bbox 960 2661 1018 2704; x_wconf 92' lang='lat' dir='ltr'><strong>ut</strong></span> <span class='ocrx_word' id='word_1_244' title='bbox 1050 2650 1124 2726; x_wconf 91' lang='lat' dir='ltr'><strong>illi</strong></span> <span class='ocrx_word' id='word_1_245' title='bbox 1147 2664 1337 2726; x_wconf 77' lang='lat' dir='ltr'><strong>omnes</strong></span> <span class='ocrx_word' id='word_1_246' title='bbox 1359 2647 1708 2726; x_wconf 83' lang='lat' dir='ltr'><strong>nnm_e_ri,|qui</strong></span> <span class='ocrx_word' id='word_1_247' title='bbox 1737 2646 1934 2726; x_wconf 77' lang='lat' dir='ltr'><strong>suntin</strong></span> <span class='ocrx_word' id='word_1_248' title='bbox 1963 2645 2148 2726; x_wconf 70' lang='lat' dir='ltr'><strong>singu-</strong></span> 
     </span>
    </p>
   </div>
   <div class='ocr_carea' id='block_1_39' title="bbox 564 2719 2149 2786">
    <p class='ocr_par' dir='ltr' id='par_1_39' title="bbox 564 2719 2149 2786">
     <span class='ocr_line' id='line_1_39' title="bbox 564 2719 2149 2786; baseline -0.001 -16"><span class='ocrx_word' id='word_1_249' title='bbox 564 2719 632 2771; x_wconf 91' lang='lat' dir='ltr'><strong>lis</strong></span> <span class='ocrx_word' id='word_1_250' title='bbox 679 2720 968 2786; x_wconf 80' lang='lat' dir='ltr'><strong>latercitlis,</strong></span> <span class='ocrx_word' id='word_1_251' title='bbox 1024 2723 1069 2775; x_wconf 94' lang='lat' dir='ltr'><strong>si</strong></span> <span class='ocrx_word' id='word_1_252' title='bbox 1127 2721 1287 2776; x_wconf 90' lang='lat' dir='ltr'><strong>simul</strong></span> <span class='ocrx_word' id='word_1_253' title='bbox 1345 2719 1786 2784; x_wconf 85' lang='lat' dir='ltr'><strong>considerentur,</strong></span> <span class='ocrx_word' id='word_1_254' title='bbox 1832 2726 1887 2770; x_wconf 91' lang='lat' dir='ltr'><strong>et</strong></span> <span class='ocrx_word' id='word_1_255' title='bbox 1916 2719 2149 2786; x_wconf 79' lang='lat' dir='ltr'><strong>invicem</strong></span> 
     </span>
    </p>
   </div>
   <div class='ocr_carea' id='block_1_40' title="bbox 563 2785 2151 2862">
    <p class='ocr_par' dir='ltr' id='par_1_40' title="bbox 563 2785 2151 2862">
     <span class='ocr_line' id='line_1_40' title="bbox 563 2785 2151 2862; baseline -0.002 -21"><span class='ocrx_word' id='word_1_256' title='bbox 563 2785 961 2860; x_wconf 85' lang='lat' dir='ltr'><strong>comparentur</strong></span> <span class='ocrx_word' id='word_1_257' title='bbox 981 2802 1039 2847; x_wconf 92' lang='lat' dir='ltr'><strong>ut</strong></span> <span class='ocrx_word' id='word_1_258' title='bbox 1069 2792 1330 2862; x_wconf 82' lang='lat' dir='ltr'><strong>Oppositi,</strong></span> <span class='ocrx_word' id='word_1_259' title='bbox 1361 2800 1624 2862; x_wconf 84' lang='lat' dir='ltr'><strong>vocentur</strong></span> <span class='ocrx_word' id='word_1_260' title='bbox 1677 2801 1936 2862; x_wconf 80' lang='lat' dir='ltr'><strong>canones.</strong></span> <span class='ocrx_word' id='word_1_261' title='bbox 1965 2785 2151 2862; x_wconf 29' lang='lat' dir='ltr'><strong>‘Aiter</strong></span> 
     </span>
    </p>
   </div>
   <div class='ocr_carea' id='block_1_41' title="bbox 563 2856 2152 2918">
    <p class='ocr_par' dir='ltr' id='par_1_41' title="bbox 563 2856 2152 2918">
     <span class='ocr_line' id='line_1_41' title="bbox 563 2856 2152 2918; baseline -0.001 -7"><span class='ocrx_word' id='word_1_262' title='bbox 563 2856 706 2913; x_wconf 83' lang='lat' dir='ltr'><strong>enim</strong></span> <span class='ocrx_word' id='word_1_263' title='bbox 739 2863 894 2917; x_wconf 88' lang='lat' dir='ltr'><strong>alteri</strong></span> <span class='ocrx_word' id='word_1_264' title='bbox 925 2856 1118 2918; x_wconf 54' lang='lat' dir='ltr'><strong>luccnt&#39;</strong></span> <span class='ocrx_word' id='word_1_265' title='bbox 1144 2856 1303 2917; x_wconf 76' lang='lat' dir='ltr'><strong>allert</strong></span> <span class='ocrx_word' id='word_1_266' title='bbox 1331 2871 1386 2918; x_wconf 90' lang='lat' dir='ltr'><strong>et</strong></span> <span class='ocrx_word' id='word_1_267' title='bbox 1415 2861 1573 2916; x_wconf 83' lang='lat' dir='ltr'><strong>[idem</strong></span> <span class='ocrx_word' id='word_1_268' title='bbox 1614 2859 1888 2915; x_wconf 88' lang='lat' dir='ltr'><strong>conciliat.</strong></span> <span class='ocrx_word' id='word_1_269' title='bbox 1949 2857 2020 2911; x_wconf 87' lang='lat' dir='ltr'><strong>At</strong></span> <span class='ocrx_word' id='word_1_270' title='bbox 2043 2856 2152 2910; x_wconf 86' lang='lat' dir='ltr'><strong>ltis-</strong></span> 
     </span>
    </p>
   </div>
   <div class='ocr_carea' id='block_1_42' title="bbox 563 2931 2153 3008">
    <p class='ocr_par' dir='ltr' id='par_1_42' title="bbox 563 2931 2153 3008">
     <span class='ocr_line' id='line_1_42' title="bbox 563 2931 2153 3008; baseline -0.001 -25"><span class='ocrx_word' id='word_1_271' title='bbox 563 2931 726 3008; x_wconf 69' lang='lat' dir='ltr'><strong>toria,</strong></span> <span class='ocrx_word' id='word_1_272' title='bbox 750 2949 870 2999; x_wconf 74' lang='lat' dir='ltr'><strong>qua:</strong></span> <span class='ocrx_word' id='word_1_273' title='bbox 899 2945 980 3008; x_wconf 83' lang='lat' dir='ltr'><strong>est</strong></span> <span class='ocrx_word' id='word_1_274' title='bbox 1009 2934 1206 3008; x_wconf 88' lang='lat' dir='ltr'><strong>sita_ad</strong></span> <span class='ocrx_word' id='word_1_275' title='bbox 1229 2935 1377 2988; x_wconf 92' lang='lat' dir='ltr'><strong>illum</strong></span> <span class='ocrx_word' id='word_1_276' title='bbox 1404 2932 1826 3008; x_wconf 42' lang='lat' dir='ltr'><strong>laterculum1et</strong></span> <span class='ocrx_word' id='word_1_277' title='bbox 1852 2944 1971 3008; x_wconf 77' lang='lat' dir='ltr'><strong>qua:</strong></span> <span class='ocrx_word' id='word_1_278' title='bbox 1992 2943 2153 3008; x_wconf 71' lang='lat' dir='ltr'><strong>pecu-</strong></span> 
     </span>
    </p>
   </div>
   <div class='ocr_carea' id='block_1_43' title="bbox 562 2999 2148 3073">
    <p class='ocr_par' dir='ltr' id='par_1_43' title="bbox 562 2999 2148 3073">
     <span class='ocr_line' id='line_1_43' title="bbox 562 2999 2148 3073; baseline -0.001 -21"><span class='ocrx_word' id='word_1_279' title='bbox 562 3000 772 3073; x_wconf 86' lang='lat' dir='ltr'><strong>liariter</strong></span> <span class='ocrx_word' id='word_1_280' title='bbox 804 3005 1037 3073; x_wconf 87' lang='lat' dir='ltr'><strong>pertinet</strong></span> <span class='ocrx_word' id='word_1_281' title='bbox 1065 3006 1130 3059; x_wconf 91' lang='lat' dir='ltr'><strong>ad</strong></span> <span class='ocrx_word' id='word_1_282' title='bbox 1163 3020 1326 3058; x_wconf 92' lang='lat' dir='ltr'><strong>unum</strong></span> <span class='ocrx_word' id='word_1_283' title='bbox 1358 3018 1427 3057; x_wconf 70' lang='lat' dir='ltr'><strong>ex</strong></span> <span class='ocrx_word' id='word_1_284' title='bbox 1448 3005 1686 3057; x_wconf 88' lang='lat' dir='ltr'><strong>numeris</strong></span> <span class='ocrx_word' id='word_1_285' title='bbox 1709 3001 1854 3055; x_wconf 86' lang='lat' dir='ltr'><strong>illius</strong></span> <span class='ocrx_word' id='word_1_286' title='bbox 1879 2999 2148 3062; x_wconf 88' lang='lat' dir='ltr'><strong>laterculi,</strong></span> 
     </span>
    </p>
   </div>
   <div class='ocr_carea' id='block_1_44' title="bbox 565 3072 2147 3136">
    <p class='ocr_par' dir='ltr' id='par_1_44' title="bbox 565 3072 2147 3136">
     <span class='ocr_line' id='line_1_44' title="bbox 565 3072 2147 3136; baseline 0.001 -14"><span class='ocrx_word' id='word_1_287' title='bbox 565 3072 760 3127; x_wconf 88' lang='lat' dir='ltr'><strong>dicitur</strong></span> <span class='ocrx_word' id='word_1_288' title='bbox 804 3072 1095 3129; x_wconf 89' lang='lat' dir='ltr'><strong>convenire</strong></span> <span class='ocrx_word' id='word_1_289' title='bbox 1147 3085 1205 3129; x_wconf 92' lang='lat' dir='ltr'><strong>et</strong></span> <span class='ocrx_word' id='word_1_290' title='bbox 1236 3073 1569 3129; x_wconf 76' lang='lat' dir='ltr'><strong>concordare</strong></span> <span class='ocrx_word' id='word_1_291' title='bbox 1591 3073 1643 3126; x_wconf 92' lang='lat' dir='ltr'><strong>in</strong></span> <span class='ocrx_word' id='word_1_292' title='bbox 1675 3073 1769 3125; x_wconf 93' lang='lat' dir='ltr'><strong>illo</strong></span> <span class='ocrx_word' id='word_1_293' title='bbox 1798 3085 2026 3136; x_wconf 88' lang='lat' dir='ltr'><strong>canone,</strong></span> <span class='ocrx_word' id='word_1_294' title='bbox 2053 3085 2147 3124; x_wconf 93' lang='lat' dir='ltr'><strong>seu</strong></span> 
     </span>
    </p>
   </div>
   <div class='ocr_carea' id='block_1_45' title="bbox 2239 447 3842 518">
    <p class='ocr_par' dir='ltr' id='par_1_45' title="bbox 2239 447 3842 518">
     <span class='ocr_line' id='line_1_45' title="bbox 2239 447 3842 518; baseline 0.001 -18"><span class='ocrx_word' id='word_1_295' title='bbox 2239 464 2346 516; x_wconf 91' lang='lat' dir='ltr'><strong>quo</strong></span> <span class='ocrx_word' id='word_1_296' title='bbox 2375 461 2536 502; x_wconf 86' lang='lat' dir='ltr'><strong>sensu</strong></span> <span class='ocrx_word' id='word_1_297' title='bbox 2563 447 2766 502; x_wconf 87' lang='lat' dir='ltr'><strong>scribat</strong></span> <span class='ocrx_word' id='word_1_298' title='bbox 2790 447 3152 514; x_wconf 72' lang='lat' dir='ltr'><strong>Hieronymus</strong></span> <span class='ocrx_word' id='word_1_299' title='bbox 3181 448 3340 502; x_wconf 89' lang='lat' dir='ltr'><strong>initio</strong></span> <span class='ocrx_word' id='word_1_300' title='bbox 3361 463 3476 502; x_wconf 81' lang='lat' dir='ltr'><strong>sine</strong></span> <span class='ocrx_word' id='word_1_301' title='bbox 3494 447 3842 518; x_wconf 62' lang='lat' dir='ltr'><strong>appendi&#39;eis,</strong></span> 
     </span>
    </p>
   </div>
   <div class='ocr_carea' id='block_1_46' title="bbox 2237 518 3846 590">
    <p class='ocr_par' dir='ltr' id='par_1_46' title="bbox 2237 518 3846 590">
     <span class='ocr_line' id='line_1_46' title="bbox 2237 518 3846 590; baseline 0.002 -17"><span class='ocrx_word' id='word_1_302' title='bbox 2237 519 2360 590; x_wconf 67' lang='lat' dir='ltr'><strong>Ijuc</strong></span> <span class='ocrx_word' id='word_1_303' title='bbox 2386 533 2547 586; x_wconf 83' lang='lat' dir='ltr'><strong>usque</strong></span> <span class='ocrx_word' id='word_1_304' title='bbox 2565 518 2841 590; x_wconf 57' lang='lat' dir='ltr'><strong>historiam</strong></span> <span class='ocrx_word' id='word_1_305' title='bbox 2865 519 3038 590; x_wconf 83' lang='lat' dir='ltr'><strong>scribit</strong></span> <span class='ocrx_word' id='word_1_306' title='bbox 3082 518 3359 581; x_wconf 81' lang='lat' dir='ltr'><strong>Eusebius,</strong></span> <span class='ocrx_word' id='word_1_307' title='bbox 3379 536 3486 574; x_wconf 90' lang='lat' dir='ltr'><strong>non</strong></span> <span class='ocrx_word' id='word_1_308' title='bbox 3513 521 3662 590; x_wconf 89' lang='lat' dir='ltr'><strong>quod</strong></span> <span class='ocrx_word' id='word_1_309' title='bbox 3683 533 3846 576; x_wconf 77' lang='lat' dir='ltr'><strong>vocet</strong></span> 
     </span>
    </p>
   </div>
   <div class='ocr_carea' id='block_1_47' title="bbox 2235 587 3846 654">
    <p class='ocr_par' dir='ltr' id='par_1_47' title="bbox 2235 587 3846 654">
     <span class='ocr_line' id='line_1_47' title="bbox 2235 587 3846 654; baseline 0.001 -10"><span class='ocrx_word' id='word_1_310' title='bbox 2235 587 2544 645; x_wconf 90' lang='lat' dir='ltr'><strong>Chronicon</strong></span> <span class='ocrx_word' id='word_1_311' title='bbox 2577 589 2797 643; x_wconf 85' lang='lat' dir='ltr'><strong>Eusebii</strong></span> <span class='ocrx_word' id='word_1_312' title='bbox 2829 588 3134 654; x_wconf 75' lang='lat' dir='ltr'><strong>historiam,</strong></span> <span class='ocrx_word' id='word_1_313' title='bbox 3165 601 3223 643; x_wconf 93' lang='lat' dir='ltr'><strong>ut</strong></span> <span class='ocrx_word' id='word_1_314' title='bbox 3244 599 3491 645; x_wconf 83' lang='lat' dir='ltr'><strong>autumat</strong></span> <span class='ocrx_word' id='word_1_315' title='bbox 3521 587 3612 645; x_wconf 75' lang='lat' dir='ltr'><strong>vir</strong></span> <span class='ocrx_word' id='word_1_316' title='bbox 3638 591 3846 645; x_wconf 81' lang='lat' dir='ltr'><strong>doetis-</strong></span> 
     </span>
    </p>
   </div>
   <div class='ocr_carea' id='block_1_48' title="bbox 2239 659 3846 729">
    <p class='ocr_par' dir='ltr' id='par_1_48' title="bbox 2239 659 3846 729">
     <span class='ocr_line' id='line_1_48' title="bbox 2239 659 3846 729; baseline 0.001 -15"><span class='ocrx_word' id='word_1_317' title='bbox 2239 663 2439 725; x_wconf 88' lang='lat' dir='ltr'><strong>simus,</strong></span> <span class='ocrx_word' id='word_1_318' title='bbox 2473 660 2626 729; x_wconf 86' lang='lat' dir='ltr'><strong>quia,</strong></span> <span class='ocrx_word' id='word_1_319' title='bbox 2660 661 2862 729; x_wconf 89' lang='lat' dir='ltr'><strong>inquit,</strong></span> <span class='ocrx_word' id='word_1_320' title='bbox 2906 659 3167 714; x_wconf 76' lang='lat' dir='ltr'><strong>Eusebius</strong></span> <span class='ocrx_word' id='word_1_321' title='bbox 3198 662 3250 714; x_wconf 89' lang='lat' dir='ltr'><strong>in</strong></span> <span class='ocrx_word' id='word_1_322' title='bbox 3291 678 3389 714; x_wconf 86' lang='lat' dir='ltr'><strong>suo</strong></span> <span class='ocrx_word' id='word_1_323' title='bbox 3417 661 3681 717; x_wconf 83' lang='lat' dir='ltr'><strong>Chronico</strong></span> <span class='ocrx_word' id='word_1_324' title='bbox 3709 666 3846 718; x_wconf 81' lang='lat' dir='ltr'><strong>scri-</strong></span> 
     </span>
    </p>
   </div>
   <div class='ocr_carea' id='block_1_49' title="bbox 2241 732 3844 804">
    <p class='ocr_par' dir='ltr' id='par_1_49' title="bbox 2241 732 3844 804">
     <span class='ocr_line' id='line_1_49' title="bbox 2241 732 3844 804; baseline 0.003 -20"><span class='ocrx_word' id='word_1_325' title='bbox 2241 733 2400 799; x_wconf 85' lang='lat' dir='ltr'><strong>pserit</strong></span> <span class='ocrx_word' id='word_1_326' title='bbox 2429 732 2766 804; x_wconf 79' lang='lat' dir='ltr'><strong>prolixiorem</strong></span> <span class='ocrx_word' id='word_1_327' title='bbox 2795 747 2974 804; x_wconf 78' lang='lat' dir='ltr'><strong>rerum</strong></span> <span class='ocrx_word' id='word_1_328' title='bbox 3017 741 3276 800; x_wconf 84' lang='lat' dir='ltr'><strong>gestarum</strong></span> <span class='ocrx_word' id='word_1_329' title='bbox 3314 734 3675 786; x_wconf 80' lang='lat' dir='ltr'><strong>narrationem</strong></span> <span class='ocrx_word' id='word_1_330' title='bbox 3700 736 3844 804; x_wconf 77' lang='lat' dir='ltr'><strong>(qua:</strong></span> 
     </span>
    </p>
   </div>
   <div class='ocr_carea' id='block_1_50' title="bbox 2242 802 3843 872">
    <p class='ocr_par' dir='ltr' id='par_1_50' title="bbox 2242 802 3843 872">
     <span class='ocr_line' id='line_1_50' title="bbox 2242 802 3843 872; baseline 0.002 -17"><span class='ocrx_word' id='word_1_331' title='bbox 2242 813 2418 872; x_wconf 87' lang='lat' dir='ltr'><strong>postea</strong></span> <span class='ocrx_word' id='word_1_332' title='bbox 2441 819 2472 854; x_wconf 93' lang='lat' dir='ltr'><strong>a</strong></span> <span class='ocrx_word' id='word_1_333' title='bbox 2497 802 2726 855; x_wconf 83' lang='lat' dir='ltr'><strong>librariis</strong></span> <span class='ocrx_word' id='word_1_334' title='bbox 2757 802 2996 855; x_wconf 81' lang='lat' dir='ltr'><strong>mutilata</strong></span> <span class='ocrx_word' id='word_1_335' title='bbox 3035 804 3130 872; x_wconf 81' lang='lat' dir='ltr'><strong>est)</strong></span> <span class='ocrx_word' id='word_1_336' title='bbox 3163 819 3318 871; x_wconf 87' lang='lat' dir='ltr'><strong>quam</strong></span> <span class='ocrx_word' id='word_1_337' title='bbox 3349 805 3572 872; x_wconf 71' lang='lat' dir='ltr'><strong>simplex</strong></span> <span class='ocrx_word' id='word_1_338' title='bbox 3612 802 3843 858; x_wconf 80' lang='lat' dir='ltr'><strong>Chroni-</strong></span> 
     </span>
    </p>
   </div>
   <div class='ocr_carea' id='block_1_51' title="bbox 2240 872 3836 944">
    <p class='ocr_par' dir='ltr' id='par_1_51' title="bbox 2240 872 3836 944">
     <span class='ocr_line' id='line_1_51' title="bbox 2240 872 3836 944; baseline 0.003 -19"><span class='ocrx_word' id='word_1_339' title='bbox 2240 890 2336 927; x_wconf 85' lang='lat' dir='ltr'><strong>con</strong></span> <span class='ocrx_word' id='word_1_340' title='bbox 2360 872 2727 943; x_wconf 86' lang='lat' dir='ltr'><strong>postulat;sed</strong></span> <span class='ocrx_word' id='word_1_341' title='bbox 2743 873 2883 944; x_wconf 83' lang='lat' dir='ltr'><strong>quod</strong></span> <span class='ocrx_word' id='word_1_342' title='bbox 2904 874 3375 927; x_wconf 75' lang='lat' dir='ltr'><strong>nontinehistorite</strong></span> <span class='ocrx_word' id='word_1_343' title='bbox 3399 875 3668 944; x_wconf 82' lang='lat' dir='ltr'><strong>intelligat</strong></span> <span class='ocrx_word' id='word_1_344' title='bbox 3690 876 3836 931; x_wconf 83' lang='lat' dir='ltr'><strong>illam</strong></span> 
     </span>
    </p>
   </div>
   <div class='ocr_carea' id='block_1_52' title="bbox 2245 943 3839 1012">
    <p class='ocr_par' dir='ltr' id='par_1_52' title="bbox 2245 943 3839 1012">
     <span class='ocr_line' id='line_1_52' title="bbox 2245 943 3839 1012; baseline 0.004 -16"><span class='ocrx_word' id='word_1_345' title='bbox 2245 954 2454 1012; x_wconf 85' lang='lat' dir='ltr'><strong>partem</strong></span> <span class='ocrx_word' id='word_1_346' title='bbox 2479 945 2730 997; x_wconf 90' lang='lat' dir='ltr'><strong>Cbronici</strong></span> <span class='ocrx_word' id='word_1_347' title='bbox 2761 943 3075 1010; x_wconf 84' lang='lat' dir='ltr'><strong>Eusebiani,</strong></span> <span class='ocrx_word' id='word_1_348' title='bbox 3103 961 3224 1012; x_wconf 78' lang='lat' dir='ltr'><strong>quae</strong></span> <span class='ocrx_word' id='word_1_349' title='bbox 3244 960 3332 998; x_wconf 92' lang='lat' dir='ltr'><strong>res</strong></span> <span class='ocrx_word' id='word_1_350' title='bbox 3359 957 3540 1007; x_wconf 69' lang='lat' dir='ltr'><strong>gestas</strong></span> <span class='ocrx_word' id='word_1_351' title='bbox 3568 943 3839 1002; x_wconf 69' lang='lat' dir='ltr'><strong>coiitinet.</strong></span> 
     </span>
    </p>
   </div>
   <div class='ocr_carea' id='block_1_53' title="bbox 2244 1013 3840 1084">
    <p class='ocr_par' dir='ltr' id='par_1_53' title="bbox 2244 1013 3840 1084">
     <span class='ocr_line' id='line_1_53' title="bbox 2244 1013 3840 1084; baseline 0.001 -14"><span class='ocrx_word' id='word_1_352' title='bbox 2244 1014 2524 1084; x_wconf 80' lang='lat' dir='ltr'><strong>Signiﬁcat</strong></span> <span class='ocrx_word' id='word_1_353' title='bbox 2549 1026 2730 1069; x_wconf 87' lang='lat' dir='ltr'><strong>autem</strong></span> <span class='ocrx_word' id='word_1_354' title='bbox 2767 1013 3057 1068; x_wconf 72' lang='lat' dir='ltr'><strong>Eusebium</strong></span> <span class='ocrx_word' id='word_1_355' title='bbox 3090 1030 3193 1068; x_wconf 91' lang='lat' dir='ltr'><strong>non</strong></span> <span class='ocrx_word' id='word_1_356' title='bbox 3213 1015 3504 1070; x_wconf 82' lang='lat' dir='ltr'><strong>deduxisse</strong></span> <span class='ocrx_word' id='word_1_357' title='bbox 3559 1032 3730 1084; x_wconf 86' lang='lat' dir='ltr'><strong>usque</strong></span> <span class='ocrx_word' id='word_1_358' title='bbox 3771 1018 3840 1072; x_wconf 87' lang='lat' dir='ltr'><strong>ad</strong></span> 
     </span>
    </p>
   </div>
   <div class='ocr_carea' id='block_1_54' title="bbox 2245 1084 3846 1149">
    <p class='ocr_par' dir='ltr' id='par_1_54' title="bbox 2245 1084 3846 1149">
     <span class='ocr_line' id='line_1_54' title="bbox 2245 1084 3846 1149; baseline 0.002 -9"><span class='ocrx_word' id='word_1_359' title='bbox 2245 1101 2443 1140; x_wconf 89' lang='lat' dir='ltr'><strong>annum</strong></span> <span class='ocrx_word' id='word_1_360' title='bbox 2470 1086 2540 1140; x_wconf 74' lang='lat'><strong>20</strong></span> <span class='ocrx_word' id='word_1_361' title='bbox 2563 1085 2902 1140; x_wconf 88' lang='lat' dir='ltr'><strong>Constantini</strong></span> <span class='ocrx_word' id='word_1_362' title='bbox 2934 1100 3172 1142; x_wconf 84' lang='lat' dir='ltr'><strong>canones</strong></span> <span class='ocrx_word' id='word_1_363' title='bbox 3212 1084 3533 1149; x_wconf 84' lang='lat' dir='ltr'><strong>Chronieos,</strong></span> <span class='ocrx_word' id='word_1_364' title='bbox 3565 1090 3846 1144; x_wconf 88' lang='lat' dir='ltr'><strong>desierant</strong></span> 
     </span>
    </p>
   </div>
   <div class='ocr_carea' id='block_1_55' title="bbox 2244 1155 3846 1224">
    <p class='ocr_par' dir='ltr' id='par_1_55' title="bbox 2244 1155 3846 1224">
     <span class='ocr_line' id='line_1_55' title="bbox 2244 1155 3846 1224; baseline 0.001 -12"><span class='ocrx_word' id='word_1_365' title='bbox 2244 1158 2390 1212; x_wconf 90' lang='lat' dir='ltr'><strong>enim</strong></span> <span class='ocrx_word' id='word_1_366' title='bbox 2415 1158 2588 1210; x_wconf 91' lang='lat' dir='ltr'><strong>multo</strong></span> <span class='ocrx_word' id='word_1_367' title='bbox 2607 1166 2732 1209; x_wconf 90' lang='lat' dir='ltr'><strong>ante</strong></span> <span class='ocrx_word' id='word_1_368' title='bbox 2761 1156 2830 1209; x_wconf 89' lang='lat' dir='ltr'><strong>ab</strong></span> <span class='ocrx_word' id='word_1_369' title='bbox 2860 1171 3002 1209; x_wconf 91' lang='lat' dir='ltr'><strong>anno</strong></span> <span class='ocrx_word' id='word_1_370' title='bbox 3029 1159 3063 1209; x_wconf 64' lang='grc' dir='ltr'><strong>τ’.</strong></span> <span class='ocrx_word' id='word_1_371' title='bbox 3090 1155 3428 1224; x_wconf 85' lang='lat' dir='ltr'><strong>Vespasiani,</strong></span> <span class='ocrx_word' id='word_1_372' title='bbox 3487 1158 3583 1212; x_wconf 88' lang='lat' dir='ltr'><strong>sed</strong></span> <span class='ocrx_word' id='word_1_373' title='bbox 3635 1159 3846 1214; x_wconf 80' lang='lat' dir='ltr'><strong>solum-</strong></span> 
     </span>
    </p>
   </div>
   <div class='ocr_carea' id='block_1_56' title="bbox 2246 1226 3844 1300">
    <p class='ocr_par' dir='ltr' id='par_1_56' title="bbox 2246 1226 3844 1300">
     <span class='ocr_line' id='line_1_56' title="bbox 2246 1226 3844 1300; baseline 0.001 -18"><span class='ocrx_word' id='word_1_374' title='bbox 2246 1228 2408 1282; x_wconf 88' lang='lat' dir='ltr'><strong>modo</strong></span> <span class='ocrx_word' id='word_1_375' title='bbox 2433 1227 2718 1300; x_wconf 79' lang='lat' dir='ltr'><strong>historiam</strong></span> <span class='ocrx_word' id='word_1_376' title='bbox 2748 1226 3096 1292; x_wconf 86' lang='lat' dir='ltr'><strong>Cbronicam,</strong></span> <span class='ocrx_word' id='word_1_377' title='bbox 3132 1227 3182 1281; x_wconf 90' lang='lat' dir='ltr'><strong>id</strong></span> <span class='ocrx_word' id='word_1_378' title='bbox 3210 1238 3295 1281; x_wconf 86' lang='lat' dir='ltr'><strong>est</strong></span> <span class='ocrx_word' id='word_1_379' title='bbox 3343 1244 3464 1296; x_wconf 72' lang='lat' dir='ltr'><strong>qum</strong></span> <span class='ocrx_word' id='word_1_380' title='bbox 3491 1241 3577 1283; x_wconf 82' lang='lat' dir='ltr'><strong>cst</strong></span> <span class='ocrx_word' id='word_1_381' title='bbox 3617 1245 3844 1300; x_wconf 79' lang='lat' dir='ltr'><strong>compa-</strong></span> 
     </span>
    </p>
   </div>
   <div class='ocr_carea' id='block_1_57' title="bbox 2246 1298 3846 1369">
    <p class='ocr_par' dir='ltr' id='par_1_57' title="bbox 2246 1298 3846 1369">
     <span class='ocr_line' id='line_1_57' title="bbox 2246 1298 3846 1369; baseline 0.002 -16"><span class='ocrx_word' id='word_1_382' title='bbox 2246 1310 2360 1353; x_wconf 86' lang='lat' dir='ltr'><strong>rata</strong></span> <span class='ocrx_word' id='word_1_383' title='bbox 2389 1313 2485 1369; x_wconf 80' lang='lat' dir='ltr'><strong>seu</strong></span> <span class='ocrx_word' id='word_1_384' title='bbox 2514 1298 2782 1369; x_wconf 85' lang='lat' dir='ltr'><strong>applicata</strong></span> <span class='ocrx_word' id='word_1_385' title='bbox 2811 1314 2931 1369; x_wconf 75' lang='lat' dir='ltr'><strong>eum</strong></span> <span class='ocrx_word' id='word_1_386' title='bbox 2961 1304 3073 1352; x_wconf 89' lang='lat' dir='ltr'><strong>sola</strong></span> <span class='ocrx_word' id='word_1_387' title='bbox 3112 1300 3270 1352; x_wconf 89' lang='lat' dir='ltr'><strong>unius</strong></span> <span class='ocrx_word' id='word_1_388' title='bbox 3307 1300 3522 1368; x_wconf 76' lang='lat' dir='ltr'><strong>generis</strong></span> <span class='ocrx_word' id='word_1_389' title='bbox 3569 1304 3715 1355; x_wconf 89' lang='lat' dir='ltr'><strong>serie</strong></span> <span class='ocrx_word' id='word_1_390' title='bbox 3747 1298 3846 1369; x_wconf 82' lang='lat' dir='ltr'><strong>per</strong></span> 
     </span>
    </p>
   </div>
   <div class='ocr_carea' id='block_1_58' title="bbox 2248 1367 3843 1438">
    <p class='ocr_par' dir='ltr' id='par_1_58' title="bbox 2248 1367 3843 1438">
     <span class='ocr_line' id='line_1_58' title="bbox 2248 1367 3843 1438; baseline 0.001 -16"><span class='ocrx_word' id='word_1_391' title='bbox 2248 1367 2627 1436; x_wconf 88' lang='lat' dir='ltr'><strong>imperatores.</strong></span> <span class='ocrx_word' id='word_1_392' title='bbox 2651 1368 2926 1438; x_wconf 85' lang='lat' dir='ltr'><strong>lntclliges</strong></span> <span class='ocrx_word' id='word_1_393' title='bbox 2945 1370 3110 1423; x_wconf 87' lang='lat' dir='ltr'><strong>etiam</strong></span> <span class='ocrx_word' id='word_1_394' title='bbox 3152 1383 3259 1438; x_wconf 90' lang='lat' dir='ltr'><strong>quo</strong></span> <span class='ocrx_word' id='word_1_395' title='bbox 3289 1367 3449 1424; x_wconf 64' lang='lat' dir='ltr'><strong>sensu</strong></span> <span class='ocrx_word' id='word_1_396' title='bbox 3478 1371 3620 1424; x_wconf 89' lang='lat' dir='ltr'><strong>idem</strong></span> <span class='ocrx_word' id='word_1_397' title='bbox 3649 1367 3843 1425; x_wconf 77' lang='lat' dir='ltr'><strong>Hiero-</strong></span> 
     </span>
    </p>
   </div>
   <div class='ocr_carea' id='block_1_59' title="bbox 2248 1438 3850 1510">
    <p class='ocr_par' dir='ltr' id='par_1_59' title="bbox 2248 1438 3850 1510">
     <span class='ocr_line' id='line_1_59' title="bbox 2248 1438 3850 1510; baseline 0.001 -15"><span class='ocrx_word' id='word_1_398' title='bbox 2248 1455 2443 1510; x_wconf 80' lang='lat' dir='ltr'><strong>nytnns</strong></span> <span class='ocrx_word' id='word_1_399' title='bbox 2469 1441 2669 1494; x_wconf 83' lang='lat' dir='ltr'><strong>scribat</strong></span> <span class='ocrx_word' id='word_1_400' title='bbox 2693 1438 2756 1492; x_wconf 90' lang='lat' dir='ltr'><strong>ad</strong></span> <span class='ocrx_word' id='word_1_401' title='bbox 2788 1442 2996 1494; x_wconf 89' lang='lat' dir='ltr'><strong>calcem</strong></span> <span class='ocrx_word' id='word_1_402' title='bbox 3035 1440 3278 1506; x_wconf 90' lang='lat' dir='ltr'><strong>ejusdem</strong></span> <span class='ocrx_word' id='word_1_403' title='bbox 3306 1441 3697 1510; x_wconf 88' lang='lat' dir='ltr'><strong>supplementi,</strong></span> <span class='ocrx_word' id='word_1_404' title='bbox 3722 1442 3850 1496; x_wconf 80' lang='lat' dir='ltr'><strong>Col-</strong></span> 
     </span>
    </p>
   </div>
   <div class='ocr_carea' id='block_1_60' title="bbox 2251 1510 3849 1581">
    <p class='ocr_par' dir='ltr' id='par_1_60' title="bbox 2251 1510 3849 1581">
     <span class='ocr_line' id='line_1_60' title="bbox 2251 1510 3849 1581; baseline 0.003 -18"><span class='ocrx_word' id='word_1_405' title='bbox 2251 1513 2429 1581; x_wconf 78' lang='lat' dir='ltr'><strong>ligitur</strong></span> <span class='ocrx_word' id='word_1_406' title='bbox 2451 1511 2615 1564; x_wconf 88' lang='lat' dir='ltr'><strong>omnis</strong></span> <span class='ocrx_word' id='word_1_407' title='bbox 2637 1525 2803 1562; x_wconf 72' lang='lat' dir='ltr'><strong>conon</strong></span> <span class='ocrx_word' id='word_1_408' title='bbox 2826 1511 2889 1562; x_wconf 89' lang='lat' dir='ltr'><strong>ab</strong></span> <span class='ocrx_word' id='word_1_409' title='bbox 2907 1510 3188 1573; x_wconf 81' lang='lat' dir='ltr'><strong>Abraham,</strong></span> <span class='ocrx_word' id='word_1_410' title='bbox 3208 1521 3341 1575; x_wconf 88' lang='lat' dir='ltr'><strong>etc.,</strong></span> <span class='ocrx_word' id='word_1_411' title='bbox 3358 1526 3477 1565; x_wconf 89' lang='lat' dir='ltr'><strong>cum</strong></span> <span class='ocrx_word' id='word_1_412' title='bbox 3503 1514 3555 1565; x_wconf 90' lang='lat' dir='ltr'><strong>in</strong></span> <span class='ocrx_word' id='word_1_413' title='bbox 3584 1512 3849 1581; x_wconf 84' lang='lat' dir='ltr'><strong>aliisepo-</strong></span> 
     </span>
    </p>
   </div>
   <div class='ocr_carea' id='block_1_61' title="bbox 2249 1581 3849 1646">
    <p class='ocr_par' dir='ltr' id='par_1_61' title="bbox 2249 1581 3849 1646">
     <span class='ocr_line' id='line_1_61' title="bbox 2249 1581 3849 1646; baseline 0.001 -12"><span class='ocrx_word' id='word_1_414' title='bbox 2249 1583 2367 1635; x_wconf 86' lang='lat' dir='ltr'><strong>chis</strong></span> <span class='ocrx_word' id='word_1_415' title='bbox 2422 1597 2516 1636; x_wconf 90' lang='lat' dir='ltr'><strong>seu</strong></span> <span class='ocrx_word' id='word_1_416' title='bbox 2574 1581 3012 1646; x_wconf 90' lang='lat' dir='ltr'><strong>collectionibus,</strong></span> <span class='ocrx_word' id='word_1_417' title='bbox 3064 1581 3315 1635; x_wconf 91' lang='lat' dir='ltr'><strong>videlicet</strong></span> <span class='ocrx_word' id='word_1_418' title='bbox 3363 1586 3404 1635; x_wconf 71' lang='grc' dir='ltr'><strong><em>Α</em></strong></span> <span class='ocrx_word' id='word_1_419' title='bbox 3427 1584 3655 1636; x_wconf 74' lang='lat' dir='ltr'><strong>secundo</strong></span> <span class='ocrx_word' id='word_1_420' title='bbox 3702 1601 3849 1636; x_wconf 86' lang='lat' dir='ltr'><strong>anno</strong></span> 
     </span>
    </p>
   </div>
   <div class='ocr_carea' id='block_1_62' title="bbox 2251 1651 3853 1720">
    <p class='ocr_par' dir='ltr' id='par_1_62' title="bbox 2251 1651 3853 1720">
     <span class='ocr_line' id='line_1_62' title="bbox 2251 1651 3853 1720; baseline 0.002 -16"><span class='ocrx_word' id='word_1_421' title='bbox 2251 1652 2424 1720; x_wconf 85' lang='lat' dir='ltr'><strong>Darii,</strong></span> <span class='ocrx_word' id='word_1_422' title='bbox 2450 1665 2582 1718; x_wconf 89' lang='lat' dir='ltr'><strong>etc.,</strong></span> <span class='ocrx_word' id='word_1_423' title='bbox 2612 1662 2661 1706; x_wconf 86' lang='lat' dir='ltr'><strong>et</strong></span> <span class='ocrx_word' id='word_1_424' title='bbox 2696 1651 2813 1704; x_wconf 86' lang='lat' dir='ltr'><strong>aliis</strong></span> <span class='ocrx_word' id='word_1_425' title='bbox 2838 1651 3166 1719; x_wconf 86' lang='lat' dir='ltr'><strong>hujusmodi,</strong></span> <span class='ocrx_word' id='word_1_426' title='bbox 3203 1669 3307 1705; x_wconf 84' lang='lat' dir='ltr'><strong>non</strong></span> <span class='ocrx_word' id='word_1_427' title='bbox 3339 1661 3522 1707; x_wconf 82' lang='lat' dir='ltr'><strong>utatur</strong></span> <span class='ocrx_word' id='word_1_428' title='bbox 3568 1669 3702 1709; x_wconf 87' lang='lat' dir='ltr'><strong>voce</strong></span> <span class='ocrx_word' id='word_1_429' title='bbox 3758 1671 3853 1708; x_wconf 85' lang='lat' dir='ltr'><strong>ca-</strong></span> 
     </span>
    </p>
   </div>
   <div class='ocr_carea' id='block_1_63' title="bbox 2253 1722 3848 1794">
    <p class='ocr_par' dir='ltr' id='par_1_63' title="bbox 2253 1722 3848 1794">
     <span class='ocr_line' id='line_1_63' title="bbox 2253 1722 3848 1794; baseline 0.003 -18"><span class='ocrx_word' id='word_1_430' title='bbox 2253 1726 2446 1777; x_wconf 89' lang='lat' dir='ltr'><strong>nonis:</strong></span> <span class='ocrx_word' id='word_1_431' title='bbox 2487 1725 2628 1794; x_wconf 89' lang='lat' dir='ltr'><strong>idem</strong></span> <span class='ocrx_word' id='word_1_432' title='bbox 2679 1723 2823 1777; x_wconf 89' lang='lat' dir='ltr'><strong>enim</strong></span> <span class='ocrx_word' id='word_1_433' title='bbox 2865 1722 3144 1794; x_wconf 12' lang='lat' dir='ltr'><strong>estiquasi</strong></span> <span class='ocrx_word' id='word_1_434' title='bbox 3174 1722 3397 1786; x_wconf 84' lang='lat' dir='ltr'><strong>diceret,</strong></span> <span class='ocrx_word' id='word_1_435' title='bbox 3425 1725 3714 1794; x_wconf 83' lang='lat' dir='ltr'><strong>Colligitur</strong></span> <span class='ocrx_word' id='word_1_436' title='bbox 3736 1736 3848 1780; x_wconf 85' lang='lat' dir='ltr'><strong>tota</strong></span> 
     </span>
    </p>
   </div>
   <div class='ocr_carea' id='block_1_64' title="bbox 2253 1793 3848 1862">
    <p class='ocr_par' dir='ltr' id='par_1_64' title="bbox 2253 1793 3848 1862">
     <span class='ocr_line' id='line_1_64' title="bbox 2253 1793 3848 1862; baseline 0.001 -13"><span class='ocrx_word' id='word_1_437' title='bbox 2253 1805 2306 1849; x_wconf 93' lang='lat' dir='ltr'><strong>et</strong></span> <span class='ocrx_word' id='word_1_438' title='bbox 2339 1793 2666 1848; x_wconf 81' lang='lat' dir='ltr'><strong>universalis</strong></span> <span class='ocrx_word' id='word_1_439' title='bbox 2697 1793 3006 1862; x_wconf 77' lang='lat' dir='ltr'><strong>supputatio</strong></span> <span class='ocrx_word' id='word_1_440' title='bbox 3053 1793 3190 1848; x_wconf 80' lang='lat' dir='ltr'><strong>facta</strong></span> <span class='ocrx_word' id='word_1_441' title='bbox 3222 1809 3317 1862; x_wconf 91' lang='lat' dir='ltr'><strong>per</strong></span> <span class='ocrx_word' id='word_1_442' title='bbox 3337 1797 3537 1849; x_wconf 89' lang='lat' dir='ltr'><strong>seriem</strong></span> <span class='ocrx_word' id='word_1_443' title='bbox 3573 1793 3848 1850; x_wconf 77' lang='lat' dir='ltr'><strong>annorum</strong></span> 
     </span>
    </p>
   </div>
   <div class='ocr_carea' id='block_1_65' title="bbox 2249 1864 3853 1934">
    <p class='ocr_par' dir='ltr' id='par_1_65' title="bbox 2249 1864 3853 1934">
     <span class='ocr_line' id='line_1_65' title="bbox 2249 1864 3853 1934; baseline 0.002 -16"><span class='ocrx_word' id='word_1_444' title='bbox 2249 1866 2318 1920; x_wconf 92' lang='lat' dir='ltr'><strong>ab</strong></span> <span class='ocrx_word' id='word_1_445' title='bbox 2343 1866 2639 1931; x_wconf 83' lang='lat' dir='ltr'><strong>Abraham,</strong></span> <span class='ocrx_word' id='word_1_446' title='bbox 2667 1874 2721 1918; x_wconf 83' lang='lat' dir='ltr'><strong>et</strong></span> <span class='ocrx_word' id='word_1_447' title='bbox 2750 1864 3322 1934; x_wconf 85' lang='lat' dir='ltr'><strong>percomparationcm</strong></span> <span class='ocrx_word' id='word_1_448' title='bbox 3350 1881 3470 1919; x_wconf 90' lang='lat' dir='ltr'><strong>cum</strong></span> <span class='ocrx_word' id='word_1_449' title='bbox 3496 1867 3659 1920; x_wconf 79' lang='lat' dir='ltr'><strong>annis</strong></span> <span class='ocrx_word' id='word_1_450' title='bbox 3687 1869 3853 1922; x_wconf 89' lang='lat' dir='ltr'><strong>modo</strong></span> 
     </span>
    </p>
   </div>
   <div class='ocr_carea' id='block_1_66' title="bbox 2253 1933 3851 2007">
    <p class='ocr_par' dir='ltr' id='par_1_66' title="bbox 2253 1933 3851 2007">
     <span class='ocr_line' id='line_1_66' title="bbox 2253 1933 3851 2007; baseline 0.001 -17"><span class='ocrx_word' id='word_1_451' title='bbox 2253 1937 2624 2007; x_wconf 81' lang='lat' dir='ltr'><strong>Assyriorum,</strong></span> <span class='ocrx_word' id='word_1_452' title='bbox 2659 1933 2821 1990; x_wconf 88' lang='lat' dir='ltr'><strong>modo</strong></span> <span class='ocrx_word' id='word_1_453' title='bbox 2852 1933 3151 2007; x_wconf 71' lang='lat' dir='ltr'><strong>Medorum.</strong></span> <span class='ocrx_word' id='word_1_454' title='bbox 3177 1935 3340 2007; x_wconf 83' lang='lat' dir='ltr'><strong>modo</strong></span> <span class='ocrx_word' id='word_1_455' title='bbox 3371 1937 3597 1991; x_wconf 88' lang='lat' dir='ltr'><strong>aliorum</strong></span> <span class='ocrx_word' id='word_1_456' title='bbox 3632 1952 3851 2006; x_wconf 88' lang='lat' dir='ltr'><strong>regum,</strong></span> 
     </span>
    </p>
   </div>
   <div class='ocr_carea' id='block_1_67' title="bbox 2252 2005 3856 2078">
    <p class='ocr_par' dir='ltr' id='par_1_67' title="bbox 2252 2005 3856 2078">
     <span class='ocr_line' id='line_1_67' title="bbox 2252 2005 3856 2078; baseline 0.003 -18"><span class='ocrx_word' id='word_1_457' title='bbox 2252 2005 2415 2061; x_wconf 85' lang='lat' dir='ltr'><strong>modo</strong></span> <span class='ocrx_word' id='word_1_458' title='bbox 2448 2012 2833 2076; x_wconf 89' lang='lat' dir='ltr'><strong>imperatorum</strong></span> <span class='ocrx_word' id='word_1_459' title='bbox 2867 2005 2976 2060; x_wconf 90' lang='lat' dir='ltr'><strong>illis</strong></span> <span class='ocrx_word' id='word_1_460' title='bbox 3019 2006 3452 2068; x_wconf 84' lang='lat' dir='ltr'><strong>succedentium,</strong></span> <span class='ocrx_word' id='word_1_461' title='bbox 3506 2022 3630 2078; x_wconf 75' lang='lat' dir='ltr'><strong>qua:</strong></span> <span class='ocrx_word' id='word_1_462' title='bbox 3683 2005 3856 2064; x_wconf 84' lang='lat' dir='ltr'><strong>habet</strong></span> 
     </span>
    </p>
   </div>
   <div class='ocr_carea' id='block_1_68' title="bbox 2250 2077 3852 2136">
    <p class='ocr_par' dir='ltr' id='par_1_68' title="bbox 2250 2077 3852 2136">
     <span class='ocr_line' id='line_1_68' title="bbox 2250 2077 3852 2136; baseline 0.002 -4"><span class='ocrx_word' id='word_1_463' title='bbox 2250 2077 2359 2132; x_wconf 89' lang='lat' dir='ltr'><strong>vim</strong></span> <span class='ocrx_word' id='word_1_464' title='bbox 2389 2079 2708 2133; x_wconf 75' lang='lat' dir='ltr'><strong>certissima:</strong></span> <span class='ocrx_word' id='word_1_465' title='bbox 2753 2092 2958 2131; x_wconf 89' lang='lat' dir='ltr'><strong>norm:c</strong></span> <span class='ocrx_word' id='word_1_466' title='bbox 3003 2092 3100 2131; x_wconf 90' lang='lat' dir='ltr'><strong>seu</strong></span> <span class='ocrx_word' id='word_1_467' title='bbox 3147 2079 3393 2131; x_wconf 80' lang='lat' dir='ltr'><strong>canonis.</strong></span> <span class='ocrx_word' id='word_1_468' title='bbox 3438 2077 3597 2135; x_wconf 44' lang='lat' dir='ltr'><strong>At&#39;si</strong></span> <span class='ocrx_word' id='word_1_469' title='bbox 3670 2094 3852 2136; x_wconf 88' lang='lat' dir='ltr'><strong>canon</strong></span> 
     </span>
    </p>
   </div>
   <div class='ocr_carea' id='block_1_69' title="bbox 2253 2147 3852 2219">
    <p class='ocr_par' dir='ltr' id='par_1_69' title="bbox 2253 2147 3852 2219">
     <span class='ocr_line' id='line_1_69' title="bbox 2253 2147 3852 2219; baseline 0.002 -16"><span class='ocrx_word' id='word_1_470' title='bbox 2253 2149 2394 2203; x_wconf 92' lang='lat' dir='ltr'><strong>idem</strong></span> <span class='ocrx_word' id='word_1_471' title='bbox 2426 2157 2571 2202; x_wconf 85' lang='lat' dir='ltr'><strong>esset</strong></span> <span class='ocrx_word' id='word_1_472' title='bbox 2593 2162 2658 2202; x_wconf 90' lang='lat' dir='ltr'><strong>ac</strong></span> <span class='ocrx_word' id='word_1_473' title='bbox 2682 2147 3256 2219; x_wconf 9' lang='lat' dir='ltr'><strong>simplexrsupputatio</strong></span> <span class='ocrx_word' id='word_1_474' title='bbox 3287 2158 3616 2219; x_wconf 77' lang='lat' dir='ltr'><strong>temporum,</strong></span> <span class='ocrx_word' id='word_1_475' title='bbox 3652 2151 3852 2206; x_wconf 89' lang='lat' dir='ltr'><strong>eodem</strong></span> 
     </span>
    </p>
   </div>
   <div class='ocr_carea' id='block_1_70' title="bbox 2252 2218 3854 2278">
    <p class='ocr_par' dir='ltr' id='par_1_70' title="bbox 2252 2218 3854 2278">
     <span class='ocr_line' id='line_1_70' title="bbox 2252 2218 3854 2278; baseline 0.003 -5"><span class='ocrx_word' id='word_1_476' title='bbox 2252 2220 2518 2274; x_wconf 88' lang='lat' dir='ltr'><strong>vocabulo</strong></span> <span class='ocrx_word' id='word_1_477' title='bbox 2543 2234 2670 2275; x_wconf 92' lang='lat' dir='ltr'><strong>usus</strong></span> <span class='ocrx_word' id='word_1_478' title='bbox 2698 2219 2890 2274; x_wconf 86' lang='lat' dir='ltr'><strong>luisset</strong></span> <span class='ocrx_word' id='word_1_479' title='bbox 2916 2218 2972 2272; x_wconf 92' lang='lat' dir='ltr'><strong>in</strong></span> <span class='ocrx_word' id='word_1_480' title='bbox 2996 2220 3122 2274; x_wconf 89' lang='lat' dir='ltr'><strong>aliis</strong></span> <span class='ocrx_word' id='word_1_481' title='bbox 3137 2218 3556 2276; x_wconf 78' lang='lat' dir='ltr'><strong>colleCtionibus</strong></span> <span class='ocrx_word' id='word_1_482' title='bbox 3588 2236 3685 2276; x_wconf 87' lang='lat' dir='ltr'><strong>seu</strong></span> <span class='ocrx_word' id='word_1_483' title='bbox 3720 2226 3854 2278; x_wconf 82' lang='lat' dir='ltr'><strong>arti-</strong></span> 
     </span>
    </p>
   </div>
   <div class='ocr_carea' id='block_1_71' title="bbox 2252 2292 2414 2346">
    <p class='ocr_par' dir='ltr' id='par_1_71' title="bbox 2252 2292 2414 2346">
     <span class='ocr_line' id='line_1_71' title="bbox 2252 2292 2414 2346; baseline -0.019 0"><span class='ocrx_word' id='word_1_484' title='bbox 2252 2292 2414 2346; x_wconf 90' lang='lat' dir='ltr'><strong>culis.</strong></span> 
     </span>
    </p>
   </div>
   <div class='ocr_carea' id='block_1_72' title="bbox 2325 2360 3854 2432">
    <p class='ocr_par' dir='ltr' id='par_1_72' title="bbox 2325 2360 3854 2432">
     <span class='ocr_line' id='line_1_72' title="bbox 2325 2360 3854 2432; baseline 0.003 -16"><span class='ocrx_word' id='word_1_485' title='bbox 2325 2362 2462 2416; x_wconf 90' lang='lat' dir='ltr'><strong>Hinc</strong></span> <span class='ocrx_word' id='word_1_486' title='bbox 2492 2375 2705 2432; x_wconf 88' lang='lat' dir='ltr'><strong>quoque</strong></span> <span class='ocrx_word' id='word_1_487' title='bbox 2746 2360 2802 2415; x_wconf 83' lang='lat' dir='ltr'><strong>lit</strong></span> <span class='ocrx_word' id='word_1_488' title='bbox 2844 2369 2900 2414; x_wconf 90' lang='lat' dir='ltr'><strong>ut</strong></span> <span class='ocrx_word' id='word_1_489' title='bbox 2935 2375 3057 2417; x_wconf 88' lang='lat' dir='ltr'><strong>cum</strong></span> <span class='ocrx_word' id='word_1_490' title='bbox 3105 2361 3286 2431; x_wconf 86' lang='lat' dir='ltr'><strong>basis,</strong></span> <span class='ocrx_word' id='word_1_491' title='bbox 3334 2371 3390 2417; x_wconf 89' lang='lat' dir='ltr'><strong>et</strong></span> <span class='ocrx_word' id='word_1_492' title='bbox 3436 2363 3854 2422; x_wconf 85' lang='lat' dir='ltr'><strong>l‘utnlamcntum</strong></span> 
     </span>
    </p>
   </div>
   <div class='ocr_carea' id='block_1_73' title="bbox 2254 2432 3856 2501">
    <p class='ocr_par' dir='ltr' id='par_1_73' title="bbox 2254 2432 3856 2501">
     <span class='ocr_line' id='line_1_73' title="bbox 2254 2432 3856 2501; baseline 0.002 -13"><span class='ocrx_word' id='word_1_493' title='bbox 2254 2434 2516 2496; x_wconf 62' lang='lat' dir='ltr'><strong>historias,</strong></span> <span class='ocrx_word' id='word_1_494' title='bbox 2547 2448 2612 2488; x_wconf 90' lang='lat' dir='ltr'><strong>ac</strong></span> <span class='ocrx_word' id='word_1_495' title='bbox 2660 2433 2958 2501; x_wconf 65' lang='lat' dir='ltr'><strong>praisertim</strong></span> <span class='ocrx_word' id='word_1_496' title='bbox 3008 2433 3249 2488; x_wconf 65' lang='lat' dir='ltr'><strong>historiae</strong></span> <span class='ocrx_word' id='word_1_497' title='bbox 3296 2432 3581 2490; x_wconf 59' lang='lat' dir='ltr'><strong>Chronicae</strong></span> <span class='ocrx_word' id='word_1_498' title='bbox 3624 2437 3700 2490; x_wconf 85' lang='lat' dir='ltr'><strong>sit</strong></span> <span class='ocrx_word' id='word_1_499' title='bbox 3741 2440 3856 2492; x_wconf 88' lang='lat' dir='ltr'><strong>cir-</strong></span> 
     </span>
    </p>
   </div>
   <div class='ocr_carea' id='block_1_74' title="bbox 2253 2504 3855 2573">
    <p class='ocr_par' dir='ltr' id='par_1_74' title="bbox 2253 2504 3855 2573">
     <span class='ocr_line' id='line_1_74' title="bbox 2253 2504 3855 2573; baseline 0.001 -13"><span class='ocrx_word' id='word_1_500' title='bbox 2253 2505 2580 2560; x_wconf 89' lang='lat' dir='ltr'><strong>cumstantia</strong></span> <span class='ocrx_word' id='word_1_501' title='bbox 2603 2505 2862 2573; x_wconf 88' lang='lat' dir='ltr'><strong>temporis</strong></span> <span class='ocrx_word' id='word_1_502' title='bbox 2906 2518 3001 2559; x_wconf 91' lang='lat' dir='ltr'><strong>seu</strong></span> <span class='ocrx_word' id='word_1_503' title='bbox 3031 2505 3194 2558; x_wconf 89' lang='lat' dir='ltr'><strong>anni:</strong></span> <span class='ocrx_word' id='word_1_504' title='bbox 3230 2504 3638 2560; x_wconf 76' lang='lat' dir='ltr'><strong>fundamentum</strong></span> <span class='ocrx_word' id='word_1_505' title='bbox 3686 2508 3855 2562; x_wconf 86' lang='lat' dir='ltr'><strong>etiam</strong></span> 
     </span>
    </p>
   </div>
   <div class='ocr_carea' id='block_1_75' title="bbox 2253 2574 3857 2647">
    <p class='ocr_par' dir='ltr' id='par_1_75' title="bbox 2253 2574 3857 2647">
     <span class='ocr_line' id='line_1_75' title="bbox 2253 2574 3857 2647; baseline 0.001 -17"><span class='ocrx_word' id='word_1_506' title='bbox 2253 2589 2521 2631; x_wconf 90' lang='lat' dir='ltr'><strong>canonum</strong></span> <span class='ocrx_word' id='word_1_507' title='bbox 2560 2576 2958 2629; x_wconf 83' lang='lat' dir='ltr'><strong>Chronicorum</strong></span> <span class='ocrx_word' id='word_1_508' title='bbox 3006 2574 3077 2629; x_wconf 92' lang='lat' dir='ltr'><strong>sit</strong></span> <span class='ocrx_word' id='word_1_509' title='bbox 3118 2590 3442 2641; x_wconf 80' lang='lat' dir='ltr'><strong>concursus,</strong></span> <span class='ocrx_word' id='word_1_510' title='bbox 3490 2587 3549 2632; x_wconf 91' lang='lat' dir='ltr'><strong>et</strong></span> <span class='ocrx_word' id='word_1_511' title='bbox 3577 2580 3857 2647; x_wconf 87' lang='lat' dir='ltr'><strong>oppositio</strong></span> 
     </span>
    </p>
   </div>
   <div class='ocr_carea' id='block_1_76' title="bbox 2253 2647 3856 2716">
    <p class='ocr_par' dir='ltr' id='par_1_76' title="bbox 2253 2647 3856 2716">
     <span class='ocr_line' id='line_1_76' title="bbox 2253 2647 3856 2716; baseline 0.004 -16"><span class='ocrx_word' id='word_1_512' title='bbox 2253 2647 2593 2703; x_wconf 90' lang='lat' dir='ltr'><strong>diversorum</strong></span> <span class='ocrx_word' id='word_1_513' title='bbox 2640 2661 2987 2700; x_wconf 88' lang='lat' dir='ltr'><strong>numerorum</strong></span> <span class='ocrx_word' id='word_1_514' title='bbox 3035 2659 3132 2700; x_wconf 89' lang='lat' dir='ltr'><strong>seu</strong></span> <span class='ocrx_word' id='word_1_515' title='bbox 3175 2662 3440 2701; x_wconf 88' lang='lat' dir='ltr'><strong>annorum</strong></span> <span class='ocrx_word' id='word_1_516' title='bbox 3469 2689 3483 2712; x_wconf 94' lang='lat'><strong>,</strong></span> <span class='ocrx_word' id='word_1_517' title='bbox 3541 2649 3596 2701; x_wconf 92' lang='lat' dir='ltr'><strong>in</strong></span> <span class='ocrx_word' id='word_1_518' title='bbox 3654 2649 3856 2716; x_wconf 86' lang='lat' dir='ltr'><strong>quibus</strong></span> 
     </span>
    </p>
   </div>
   <div class='ocr_carea' id='block_1_77' title="bbox 2255 2717 3857 2788">
    <p class='ocr_par' dir='ltr' id='par_1_77' title="bbox 2255 2717 3857 2788">
     <span class='ocr_line' id='line_1_77' title="bbox 2255 2717 3857 2788; baseline 0.003 -17"><span class='ocrx_word' id='word_1_519' title='bbox 2255 2717 2397 2772; x_wconf 89' lang='lat' dir='ltr'><strong>inest</strong></span> <span class='ocrx_word' id='word_1_520' title='bbox 2426 2732 2681 2773; x_wconf 86' lang='lat' dir='ltr'><strong>numerus</strong></span> <span class='ocrx_word' id='word_1_521' title='bbox 2721 2717 2866 2771; x_wconf 90' lang='lat' dir='ltr'><strong>illius</strong></span> <span class='ocrx_word' id='word_1_522' title='bbox 2891 2717 3041 2784; x_wconf 91' lang='lat' dir='ltr'><strong>anui,</strong></span> <span class='ocrx_word' id='word_1_523' title='bbox 3073 2717 3139 2771; x_wconf 85' lang='lat' dir='ltr'><strong>ad</strong></span> <span class='ocrx_word' id='word_1_524' title='bbox 3170 2733 3329 2787; x_wconf 88' lang='lat' dir='ltr'><strong>quem</strong></span> <span class='ocrx_word' id='word_1_525' title='bbox 3358 2718 3586 2775; x_wconf 86' lang='lat' dir='ltr'><strong>historia</strong></span> <span class='ocrx_word' id='word_1_526' title='bbox 3612 2720 3702 2774; x_wconf 89' lang='lat' dir='ltr'><strong>illa</strong></span> <span class='ocrx_word' id='word_1_527' title='bbox 3729 2736 3857 2788; x_wconf 88' lang='lat' dir='ltr'><strong>per-</strong></span> 
     </span>
    </p>
   </div>
   <div class='ocr_carea' id='block_1_78' title="bbox 2255 2788 3858 2858">
    <p class='ocr_par' dir='ltr' id='par_1_78' title="bbox 2255 2788 3858 2858">
     <span class='ocr_line' id='line_1_78' title="bbox 2255 2788 3858 2858; baseline 0.002 -16"><span class='ocrx_word' id='word_1_528' title='bbox 2255 2789 2423 2848; x_wconf 88' lang='lat' dir='ltr'><strong>tinet;</strong></span> <span class='ocrx_word' id='word_1_529' title='bbox 2461 2804 2690 2858; x_wconf 92' lang='lat' dir='ltr'><strong>cumque</strong></span> <span class='ocrx_word' id='word_1_530' title='bbox 2730 2788 3000 2858; x_wconf 65' lang='lat' dir='ltr'><strong>principua</strong></span> <span class='ocrx_word' id='word_1_531' title='bbox 3052 2788 3170 2842; x_wconf 87' lang='lat' dir='ltr'><strong>libri</strong></span> <span class='ocrx_word' id='word_1_532' title='bbox 3197 2789 3450 2845; x_wconf 86' lang='lat' dir='ltr'><strong>Chronici</strong></span> <span class='ocrx_word' id='word_1_533' title='bbox 3499 2791 3641 2844; x_wconf 88' lang='lat' dir='ltr'><strong>ratio</strong></span> <span class='ocrx_word' id='word_1_534' title='bbox 3669 2796 3858 2849; x_wconf 85' lang='lat' dir='ltr'><strong>consi-</strong></span> 
     </span>
    </p>
   </div>
   <div class='ocr_carea' id='block_1_79' title="bbox 2254 2859 3851 2933">
    <p class='ocr_par' dir='ltr' id='par_1_79' title="bbox 2254 2859 3851 2933">
     <span class='ocr_line' id='line_1_79' title="bbox 2254 2859 3851 2933; baseline 0.002 -19"><span class='ocrx_word' id='word_1_535' title='bbox 2254 2867 2496 2933; x_wconf 15' lang='lat' dir='ltr'><strong>statrnon</strong></span> <span class='ocrx_word' id='word_1_536' title='bbox 2525 2862 2575 2914; x_wconf 92' lang='lat' dir='ltr'><strong>in</strong></span> <span class='ocrx_word' id='word_1_537' title='bbox 2605 2859 2932 2933; x_wconf 80' lang='lat' dir='ltr'><strong>exhibenda,</strong></span> <span class='ocrx_word' id='word_1_538' title='bbox 2964 2873 3060 2933; x_wconf 80' lang='lat' dir='ltr'><strong>seu</strong></span> <span class='ocrx_word' id='word_1_539' title='bbox 3088 2859 3428 2933; x_wconf 79' lang='lat' dir='ltr'><strong>(alloquitur</strong></span> <span class='ocrx_word' id='word_1_540' title='bbox 3457 2861 3851 2933; x_wconf 73' lang='lat' dir='ltr'><strong>Hieronymus)</strong></span> 
     </span>
    </p>
   </div>
   <div class='ocr_carea' id='block_1_80' title="bbox 2253 2930 3852 3001">
    <p class='ocr_par' dir='ltr' id='par_1_80' title="bbox 2253 2930 3852 3001">
     <span class='ocr_line' id='line_1_80' title="bbox 2253 2930 3852 3001; baseline 0.002 -16"><span class='ocrx_word' id='word_1_541' title='bbox 2253 2932 2614 3001; x_wconf 77' lang='lat' dir='ltr'><strong>explananda</strong></span> <span class='ocrx_word' id='word_1_542' title='bbox 2637 2930 2882 2995; x_wconf 77' lang='lat' dir='ltr'><strong>historia,</strong></span> <span class='ocrx_word' id='word_1_543' title='bbox 2911 2930 2998 3001; x_wconf 88' lang='lat' dir='ltr'><strong>vel</strong></span> <span class='ocrx_word' id='word_1_544' title='bbox 3025 2932 3348 2999; x_wconf 80' lang='lat' dir='ltr'><strong>exponenda</strong></span> <span class='ocrx_word' id='word_1_545' title='bbox 3394 2947 3454 2986; x_wconf 93' lang='lat' dir='ltr'><strong>re</strong></span> <span class='ocrx_word' id='word_1_546' title='bbox 3482 2930 3683 3001; x_wconf 76' lang='lat' dir='ltr'><strong>aliqua,</strong></span> <span class='ocrx_word' id='word_1_547' title='bbox 3726 2930 3852 3001; x_wconf 74' lang='lat' dir='ltr'><strong>qua:</strong></span> 
     </span>
    </p>
   </div>
   <div class='ocr_carea' id='block_1_81' title="bbox 2254 3000 3848 3074">
    <p class='ocr_par' dir='ltr' id='par_1_81' title="bbox 2254 3000 3848 3074">
     <span class='ocr_line' id='line_1_81' title="bbox 2254 3000 3848 3074; baseline 0.004 -19"><span class='ocrx_word' id='word_1_548' title='bbox 2254 3000 2473 3068; x_wconf 87' lang='lat' dir='ltr'><strong>accidit,</strong></span> <span class='ocrx_word' id='word_1_549' title='bbox 2526 3000 2620 3074; x_wconf 78' lang='lat' dir='ltr'><strong>sed</strong></span> <span class='ocrx_word' id='word_1_550' title='bbox 2665 3002 2717 3054; x_wconf 94' lang='lat' dir='ltr'><strong>in</strong></span> <span class='ocrx_word' id='word_1_551' title='bbox 2764 3000 3288 3074; x_wconf 80' lang='lat' dir='ltr'><strong>annodesignando,</strong></span> <span class='ocrx_word' id='word_1_552' title='bbox 3331 3018 3438 3070; x_wconf 92' lang='lat' dir='ltr'><strong>quo</strong></span> <span class='ocrx_word' id='word_1_553' title='bbox 3467 3004 3556 3058; x_wconf 85' lang='lat' dir='ltr'><strong>illa</strong></span> <span class='ocrx_word' id='word_1_554' title='bbox 3577 3000 3848 3074; x_wconf 81' lang='lat' dir='ltr'><strong>contigit:</strong></span> 
     </span>
    </p>
   </div>
   <div class='ocr_carea' id='block_1_82' title="bbox 2253 3071 3850 3143">
    <p class='ocr_par' dir='ltr' id='par_1_82' title="bbox 2253 3071 3850 3143">
     <span class='ocr_line' id='line_1_82' title="bbox 2253 3071 3850 3143; baseline 0.003 -17"><span class='ocrx_word' id='word_1_555' title='bbox 2253 3075 2484 3143; x_wconf 87' lang='lat' dir='ltr'><strong>proinde</strong></span> <span class='ocrx_word' id='word_1_556' title='bbox 2510 3073 2640 3127; x_wconf 90' lang='lat' dir='ltr'><strong>dum</strong></span> <span class='ocrx_word' id='word_1_557' title='bbox 2669 3086 2734 3127; x_wconf 82' lang='lat' dir='ltr'><strong>ex</strong></span> <span class='ocrx_word' id='word_1_558' title='bbox 2765 3071 3049 3138; x_wconf 88' lang='lat' dir='ltr'><strong>principali</strong></span> <span class='ocrx_word' id='word_1_559' title='bbox 3074 3086 3236 3126; x_wconf 85' lang='lat' dir='ltr'><strong>causa</strong></span> <span class='ocrx_word' id='word_1_560' title='bbox 3260 3076 3458 3140; x_wconf 90' lang='lat' dir='ltr'><strong>petitur</strong></span> <span class='ocrx_word' id='word_1_561' title='bbox 3489 3090 3712 3137; x_wconf 90' lang='lat' dir='ltr'><strong>nomen,</strong></span> <span class='ocrx_word' id='word_1_562' title='bbox 3737 3071 3850 3131; x_wconf 70' lang='lat' dir='ltr'><strong>sci-</strong></span> 
     </span>
    </p>
   </div>
   <div class='ocr_carea' id='block_1_83' title="bbox 566 3119 3852 3212">
    <p class='ocr_par' dir='ltr' id='par_1_83' title="bbox 566 3119 3852 3212">
     <span class='ocr_line' id='line_1_83' title="bbox 566 3119 3852 3212; baseline 0.003 -20"><span class='ocrx_word' id='word_1_563' title='bbox 566 3119 1112 3200; x_wconf 56' lang='grc' dir='ltr'><strong>ἰῖἱιίᾘρᾶἦὲῖἱῖἑὶἶέι</strong></span> <span class='ocrx_word' id='word_1_564' title='bbox 1147 3119 1569 3212; x_wconf 42' lang='lat' dir='ltr'><strong>satissatis;</strong></span> <span class='ocrx_word' id='word_1_565' title='bbox 1591 3119 1857 3196; x_wconf 77' lang='lat' dir='ltr'><strong>annorum</strong></span> <span class='ocrx_word' id='word_1_566' title='bbox 1903 3119 2146 3196; x_wconf 69' lang='lat' dir='ltr'><strong>diverso-</strong></span> <span class='ocrx_word' id='word_1_567' title='bbox 2178 3119 2224 3181; x_wconf 77' lang='grc' dir='ltr'>Ο</span> <span class='ocrx_word' id='word_1_568' title='bbox 2254 3119 3025 3205; x_wconf 43' lang='lat' dir='ltr'><strong>iiber;vcaiionéhitroniéo,</strong></span> <span class='ocrx_word' id='word_1_569' title='bbox 3068 3151 3123 3196; x_wconf 88' lang='lat' dir='ltr'><strong>et</strong></span> <span class='ocrx_word' id='word_1_570' title='bbox 3150 3119 3366 3198; x_wconf 61' lang='lat' dir='ltr'><strong>non&#39;é&#39;tl&#39;</strong></span> <span class='ocrx_word' id='word_1_571' title='bbox 3397 3119 3852 3208; x_wconf 63' lang='lat' dir='ltr'><strong>I.&#39;aa;;t;:&quot;&#39;ai“.;.</strong></span> 
     </span>
    </p>
   </div>
   <div class='ocr_carea' id='block_1_84' title="bbox 567 3213 2152 3281">
    <p class='ocr_par' dir='ltr' id='par_1_84' title="bbox 567 3213 2152 3281">
     <span class='ocr_line' id='line_1_84' title="bbox 567 3213 2152 3281; baseline 0.003 -18"><span class='ocrx_word' id='word_1_572' title='bbox 567 3225 687 3281; x_wconf 86' lang='lat' dir='ltr'><strong>rum</strong></span> <span class='ocrx_word' id='word_1_573' title='bbox 720 3228 928 3281; x_wconf 86' lang='lat' dir='ltr'><strong>regum.</strong></span> <span class='ocrx_word' id='word_1_574' title='bbox 970 3215 1046 3268; x_wconf 73' lang='lat' dir='ltr'><strong>Ex</strong></span> <span class='ocrx_word' id='word_1_575' title='bbox 1097 3215 1190 3268; x_wconf 90' lang='lat' dir='ltr'><strong>illa</strong></span> <span class='ocrx_word' id='word_1_576' title='bbox 1231 3217 1374 3269; x_wconf 92' lang='lat' dir='ltr'><strong>enim</strong></span> <span class='ocrx_word' id='word_1_577' title='bbox 1421 3213 1760 3281; x_wconf 85' lang='lat' dir='ltr'><strong>oppositione</strong></span> <span class='ocrx_word' id='word_1_578' title='bbox 1791 3214 2036 3281; x_wconf 78' lang='lat' dir='ltr'><strong>exsurgit</strong></span> <span class='ocrx_word' id='word_1_579' title='bbox 2067 3227 2152 3267; x_wconf 88' lang='lat' dir='ltr'><strong>re-</strong></span> 
     </span>
    </p>
   </div>
   <div class='ocr_carea' id='block_1_85' title="bbox 565 3280 2150 3354">
    <p class='ocr_par' dir='ltr' id='par_1_85' title="bbox 565 3280 2150 3354">
     <span class='ocr_line' id='line_1_85' title="bbox 565 3280 2150 3354; baseline 0.002 -21"><span class='ocrx_word' id='word_1_580' title='bbox 565 3280 686 3354; x_wconf 81' lang='lat' dir='ltr'><strong>gula</strong></span> <span class='ocrx_word' id='word_1_581' title='bbox 714 3280 858 3354; x_wconf 82' lang='lat' dir='ltr'><strong>certa</strong></span> <span class='ocrx_word' id='word_1_582' title='bbox 891 3286 1288 3354; x_wconf 85' lang='lat' dir='ltr'><strong>supputationis</strong></span> <span class='ocrx_word' id='word_1_583' title='bbox 1329 3280 1650 3354; x_wconf 78' lang='lat' dir='ltr'><strong>temporum,</strong></span> <span class='ocrx_word' id='word_1_584' title='bbox 1704 3298 1772 3336; x_wconf 79' lang='lat' dir='ltr'><strong>ex</strong></span> <span class='ocrx_word' id='word_1_585' title='bbox 1797 3297 1899 3352; x_wconf 88' lang='lat' dir='ltr'><strong>qua</strong></span> <span class='ocrx_word' id='word_1_586' title='bbox 1935 3280 2150 3354; x_wconf 88' lang='lat' dir='ltr'><strong>tandem</strong></span> 
     </span>
    </p>
   </div>
   <div class='ocr_carea' id='block_1_86' title="bbox 568 3350 2150 3410">
    <p class='ocr_par' dir='ltr' id='par_1_86' title="bbox 568 3350 2150 3410">
     <span class='ocr_line' id='line_1_86' title="bbox 568 3350 2150 3410; baseline 0.003 -7"><span class='ocrx_word' id='word_1_587' title='bbox 568 3350 627 3403; x_wconf 86' lang='lat' dir='ltr'><strong>lit</strong></span> <span class='ocrx_word' id='word_1_588' title='bbox 659 3351 786 3406; x_wconf 88' lang='lat' dir='ltr'><strong>unio</strong></span> <span class='ocrx_word' id='word_1_589' title='bbox 807 3362 862 3408; x_wconf 90' lang='lat' dir='ltr'><strong>et</strong></span> <span class='ocrx_word' id='word_1_590' title='bbox 887 3350 1198 3410; x_wconf 85' lang='lat' dir='ltr'><strong>conciliatio</strong></span> <span class='ocrx_word' id='word_1_591' title='bbox 1224 3355 1417 3410; x_wconf 91' lang='lat' dir='ltr'><strong>calculi</strong></span> <span class='ocrx_word' id='word_1_592' title='bbox 1443 3350 1632 3408; x_wconf 83' lang='lat' dir='ltr'><strong>Biblici</strong></span> <span class='ocrx_word' id='word_1_593' title='bbox 1651 3368 1772 3408; x_wconf 85' lang='lat' dir='ltr'><strong>eum</strong></span> <span class='ocrx_word' id='word_1_594' title='bbox 1799 3350 2008 3407; x_wconf 88' lang='lat' dir='ltr'><strong>calculo</strong></span> <span class='ocrx_word' id='word_1_595' title='bbox 2034 3353 2150 3408; x_wconf 85' lang='lat' dir='ltr'><strong>eth-</strong></span> 
     </span>
    </p>
   </div>
   <div class='ocr_carea' id='block_1_87' title="bbox 570 3420 2151 3494">
    <p class='ocr_par' dir='ltr' id='par_1_87' title="bbox 570 3420 2151 3494">
     <span class='ocr_line' id='line_1_87' title="bbox 570 3420 2151 3494; baseline 0.004 -22"><span class='ocrx_word' id='word_1_596' title='bbox 570 3420 837 3494; x_wconf 86' lang='lat' dir='ltr'><strong>nieorum,</strong></span> <span class='ocrx_word' id='word_1_597' title='bbox 872 3441 1030 3493; x_wconf 86' lang='lat' dir='ltr'><strong>quam</strong></span> <span class='ocrx_word' id='word_1_598' title='bbox 1065 3435 1335 3493; x_wconf 84' lang='lat' dir='ltr'><strong>tamquam</strong></span> <span class='ocrx_word' id='word_1_599' title='bbox 1367 3424 1696 3494; x_wconf 69' lang='lat' dir='ltr'><strong>praecipuum</strong></span> <span class='ocrx_word' id='word_1_600' title='bbox 1739 3438 1960 3494; x_wconf 87' lang='lat' dir='ltr'><strong>scopum</strong></span> <span class='ocrx_word' id='word_1_601' title='bbox 2013 3435 2065 3480; x_wconf 92' lang='lat' dir='ltr'><strong>et</strong></span> <span class='ocrx_word' id='word_1_602' title='bbox 2088 3427 2151 3479; x_wconf 91' lang='lat' dir='ltr'><strong>li-</strong></span> 
     </span>
    </p>
   </div>
   <div class='ocr_carea' id='block_1_88' title="bbox 566 3493 1399 3566">
    <p class='ocr_par' dir='ltr' id='par_1_88' title="bbox 566 3493 1399 3566">
     <span class='ocr_line' id='line_1_88' title="bbox 566 3493 1399 3566; baseline 0.005 -22"><span class='ocrx_word' id='word_1_603' title='bbox 566 3505 702 3566; x_wconf 77' lang='lat' dir='ltr'><strong>nem</strong></span> <span class='ocrx_word' id='word_1_604' title='bbox 723 3493 812 3566; x_wconf 82' lang='lat' dir='ltr'><strong>hic</strong></span> <span class='ocrx_word' id='word_1_605' title='bbox 837 3495 973 3550; x_wconf 90' lang='lat' dir='ltr'><strong>liber</strong></span> <span class='ocrx_word' id='word_1_606' title='bbox 996 3496 1102 3552; x_wconf 88' lang='lat' dir='ltr'><strong>sibi</strong></span> <span class='ocrx_word' id='word_1_607' title='bbox 1130 3498 1399 3566; x_wconf 82' lang='lat' dir='ltr'><strong>preponit.</strong></span> 
     </span>
    </p>
   </div>
   <div class='ocr_carea' id='block_1_89' title="bbox 642 3563 2148 3639">
    <p class='ocr_par' dir='ltr' id='par_1_89' title="bbox 642 3563 2148 3639">
     <span class='ocr_line' id='line_1_89' title="bbox 642 3563 2148 3639; baseline 0.003 -21"><span class='ocrx_word' id='word_1_608' title='bbox 642 3563 776 3619; x_wconf 89' lang='lat' dir='ltr'><strong>llioc</strong></span> <span class='ocrx_word' id='word_1_609' title='bbox 797 3563 1157 3639; x_wconf 75' lang='lat' dir='ltr'><strong>Hieronymus</strong></span> <span class='ocrx_word' id='word_1_610' title='bbox 1196 3563 1296 3623; x_wconf 84' lang='lat' dir='ltr'><strong>tria</strong></span> <span class='ocrx_word' id='word_1_611' title='bbox 1332 3567 1614 3636; x_wconf 88' lang='lat' dir='ltr'><strong>distinguit</strong></span> <span class='ocrx_word' id='word_1_612' title='bbox 1660 3576 1717 3621; x_wconf 90' lang='lat' dir='ltr'><strong>ut</strong></span> <span class='ocrx_word' id='word_1_613' title='bbox 1748 3568 2054 3621; x_wconf 89' lang='lat' dir='ltr'><strong>necessaria</strong></span> <span class='ocrx_word' id='word_1_614' title='bbox 2082 3567 2148 3622; x_wconf 91' lang='lat' dir='ltr'><strong>ad</strong></span> 
     </span>
    </p>
   </div>
   <div class='ocr_carea' id='block_1_90' title="bbox 567 3639 2147 3708">
    <p class='ocr_par' dir='ltr' id='par_1_90' title="bbox 567 3639 2147 3708">
     <span class='ocr_line' id='line_1_90' title="bbox 567 3639 2147 3708; baseline 0.002 -18"><span class='ocrx_word' id='word_1_615' title='bbox 567 3651 804 3692; x_wconf 83' lang='lat' dir='ltr'><strong>canones</strong></span> <span class='ocrx_word' id='word_1_616' title='bbox 857 3639 1156 3694; x_wconf 83' lang='lat' dir='ltr'><strong>Chronicos</strong></span> <span class='ocrx_word' id='word_1_617' title='bbox 1188 3679 1204 3706; x_wconf 92' lang='lat'><strong>,</strong></span> <span class='ocrx_word' id='word_1_618' title='bbox 1251 3641 1411 3694; x_wconf 82' lang='lat' dir='ltr'><strong>lineas</strong></span> <span class='ocrx_word' id='word_1_619' title='bbox 1464 3654 1584 3708; x_wconf 67' lang='lat' dir='ltr'><strong>qua!</strong></span> <span class='ocrx_word' id='word_1_620' title='bbox 1625 3639 1905 3693; x_wconf 89' lang='lat' dir='ltr'><strong>continent</strong></span> <span class='ocrx_word' id='word_1_621' title='bbox 1949 3640 2147 3693; x_wconf 89' lang='lat' dir='ltr'><strong>seriem</strong></span> 
     </span>
    </p>
   </div>
   <div class='ocr_carea' id='block_1_91' title="bbox 567 3710 2150 3779">
    <p class='ocr_par' dir='ltr' id='par_1_91' title="bbox 567 3710 2150 3779">
     <span class='ocr_line' id='line_1_91' title="bbox 567 3710 2150 3779; baseline 0.001 -18"><span class='ocrx_word' id='word_1_622' title='bbox 567 3721 830 3762; x_wconf 88' lang='lat' dir='ltr'><strong>annorum</strong></span> <span class='ocrx_word' id='word_1_623' title='bbox 848 3723 942 3762; x_wconf 87' lang='lat' dir='ltr'><strong>seu</strong></span> <span class='ocrx_word' id='word_1_624' title='bbox 968 3725 1314 3765; x_wconf 87' lang='lat' dir='ltr'><strong>numerorum</strong></span> <span class='ocrx_word' id='word_1_625' title='bbox 1345 3727 1358 3762; x_wconf 89' lang='lat'><strong>:</strong></span> <span class='ocrx_word' id='word_1_626' title='bbox 1418 3710 1648 3779; x_wconf 75' lang='lat' dir='ltr'><strong>virgulas</strong></span> <span class='ocrx_word' id='word_1_627' title='bbox 1692 3724 1815 3779; x_wconf 70' lang='lat' dir='ltr'><strong>qua:</strong></span> <span class='ocrx_word' id='word_1_628' title='bbox 1836 3719 1959 3764; x_wconf 91' lang='lat' dir='ltr'><strong>sunt</strong></span> <span class='ocrx_word' id='word_1_629' title='bbox 1984 3711 2150 3764; x_wconf 86' lang='lat' dir='ltr'><strong>inter-</strong></span> 
     </span>
    </p>
   </div>
   <div class='ocr_carea' id='block_1_92' title="bbox 568 3779 2144 3850">
    <p class='ocr_par' dir='ltr' id='par_1_92' title="bbox 568 3779 2144 3850">
     <span class='ocr_line' id='line_1_92' title="bbox 568 3779 2144 3850; baseline 0.002 -19"><span class='ocrx_word' id='word_1_630' title='bbox 568 3787 729 3833; x_wconf 71' lang='lat' dir='ltr'><strong>texta:</strong></span> <span class='ocrx_word' id='word_1_631' title='bbox 759 3779 863 3832; x_wconf 91' lang='lat' dir='ltr'><strong>illis</strong></span> <span class='ocrx_word' id='word_1_632' title='bbox 886 3781 1170 3836; x_wconf 88' lang='lat' dir='ltr'><strong>numeris:</strong></span> <span class='ocrx_word' id='word_1_633' title='bbox 1219 3780 1274 3836; x_wconf 80' lang='lat' dir='ltr'><strong>el</strong></span> <span class='ocrx_word' id='word_1_634' title='bbox 1321 3781 1613 3847; x_wconf 84' lang='lat' dir='ltr'><strong>historiam,</strong></span> <span class='ocrx_word' id='word_1_635' title='bbox 1657 3796 1778 3848; x_wconf 76' lang='lat' dir='ltr'><strong>qua:</strong></span> <span class='ocrx_word' id='word_1_636' title='bbox 1822 3781 2144 3850; x_wconf 86' lang='lat' dir='ltr'><strong>assignatur,</strong></span> 
     </span>
    </p>
   </div>
   <div class='ocr_carea' id='block_1_93' title="bbox 566 3850 2146 3924">
    <p class='ocr_par' dir='ltr' id='par_1_93' title="bbox 566 3850 2146 3924">
     <span class='ocr_line' id='line_1_93' title="bbox 566 3850 2146 3924; baseline 0.002 -22"><span class='ocrx_word' id='word_1_637' title='bbox 566 3862 664 3903; x_wconf 89' lang='lat' dir='ltr'><strong>seu</strong></span> <span class='ocrx_word' id='word_1_638' title='bbox 693 3850 870 3924; x_wconf 71' lang='lat' dir='ltr'><strong>utille</strong></span> <span class='ocrx_word' id='word_1_639' title='bbox 897 3850 1159 3921; x_wconf 89' lang='lat' dir='ltr'><strong>loquitur,</strong></span> <span class='ocrx_word' id='word_1_640' title='bbox 1196 3851 1496 3924; x_wconf 84' lang='lat' dir='ltr'><strong>applicatur</strong></span> <span class='ocrx_word' id='word_1_641' title='bbox 1521 3853 1608 3906; x_wconf 92' lang='lat' dir='ltr'><strong>uni</strong></span> <span class='ocrx_word' id='word_1_642' title='bbox 1643 3866 1709 3924; x_wconf 82' lang='lat' dir='ltr'><strong>ex</strong></span> <span class='ocrx_word' id='word_1_643' title='bbox 1745 3850 1854 3905; x_wconf 87' lang='lat' dir='ltr'><strong>illis</strong></span> <span class='ocrx_word' id='word_1_644' title='bbox 1881 3853 2146 3912; x_wconf 83' lang='lat' dir='ltr'><strong>numeris.</strong></span> 
     </span>
    </p>
   </div>
   <div class='ocr_carea' id='block_1_94' title="bbox 567 3920 2148 3992">
    <p class='ocr_par' dir='ltr' id='par_1_94' title="bbox 567 3920 2148 3992">
     <span class='ocr_line' id='line_1_94' title="bbox 567 3920 2148 3992; baseline 0.003 -19"><span class='ocrx_word' id='word_1_645' title='bbox 567 3934 663 3992; x_wconf 68' lang='lat' dir='ltr'><strong>seu</strong></span> <span class='ocrx_word' id='word_1_646' title='bbox 694 3920 1027 3992; x_wconf 18' lang='lat' dir='ltr'><strong>etiamicerto</strong></span> <span class='ocrx_word' id='word_1_647' title='bbox 1052 3920 1279 3988; x_wconf 83' lang='lat' dir='ltr'><strong>tempori</strong></span> <span class='ocrx_word' id='word_1_648' title='bbox 1321 3924 1402 3978; x_wconf 91' lang='lat' dir='ltr'><strong>vel</strong></span> <span class='ocrx_word' id='word_1_649' title='bbox 1429 3939 1570 3977; x_wconf 87' lang='lat' dir='ltr'><strong>anno</strong></span> <span class='ocrx_word' id='word_1_650' title='bbox 1603 3923 1749 3977; x_wconf 91' lang='lat' dir='ltr'><strong>illius</strong></span> <span class='ocrx_word' id='word_1_651' title='bbox 1778 3923 2001 3992; x_wconf 76' lang='lat' dir='ltr'><strong>virgula:</strong></span> <span class='ocrx_word' id='word_1_652' title='bbox 2049 3937 2148 3978; x_wconf 90' lang='lat' dir='ltr'><strong>seu</strong></span> 
     </span>
    </p>
   </div>
   <div class='ocr_carea' id='block_1_95' title="bbox 565 3989 2149 4062">
    <p class='ocr_par' dir='ltr' id='par_1_95' title="bbox 565 3989 2149 4062">
     <span class='ocr_line' id='line_1_95' title="bbox 565 3989 2149 4062; baseline 0.003 -20"><span class='ocrx_word' id='word_1_653' title='bbox 565 3989 834 4062; x_wconf 80' lang='lat' dir='ltr'><strong>laterculi.</strong></span> <span class='ocrx_word' id='word_1_654' title='bbox 860 3991 1041 4062; x_wconf 88' lang='lat' dir='ltr'><strong>Itaque</strong></span> <span class='ocrx_word' id='word_1_655' title='bbox 1069 3994 1120 4047; x_wconf 93' lang='lat' dir='ltr'><strong>in</strong></span> <span class='ocrx_word' id='word_1_656' title='bbox 1142 4009 1350 4048; x_wconf 91' lang='lat' dir='ltr'><strong>canone</strong></span> <span class='ocrx_word' id='word_1_657' title='bbox 1377 3994 1650 4048; x_wconf 85' lang='lat' dir='ltr'><strong>Chronico</strong></span> <span class='ocrx_word' id='word_1_658' title='bbox 1694 4008 1800 4047; x_wconf 87' lang='lat' dir='ltr'><strong>non</strong></span> <span class='ocrx_word' id='word_1_659' title='bbox 1835 3989 1942 4046; x_wconf 78' lang='lat' dir='ltr'><strong>tam</strong></span> <span class='ocrx_word' id='word_1_660' title='bbox 1971 3995 2149 4048; x_wconf 86' lang='lat' dir='ltr'><strong>consi-</strong></span> 
     </span>
    </p>
   </div>
   <div class='ocr_carea' id='block_1_96' title="bbox 565 4059 2145 4128">
    <p class='ocr_par' dir='ltr' id='par_1_96' title="bbox 565 4059 2145 4128">
     <span class='ocr_line' id='line_1_96' title="bbox 565 4059 2145 4128; baseline 0.004 -16"><span class='ocrx_word' id='word_1_661' title='bbox 565 4059 803 4115; x_wconf 88' lang='lat' dir='ltr'><strong>deranda</strong></span> <span class='ocrx_word' id='word_1_662' title='bbox 828 4073 909 4116; x_wconf 87' lang='lat' dir='ltr'><strong>est</strong></span> <span class='ocrx_word' id='word_1_663' title='bbox 929 4059 1119 4128; x_wconf 81' lang='lat' dir='ltr'><strong>series,</strong></span> <span class='ocrx_word' id='word_1_664' title='bbox 1161 4080 1257 4119; x_wconf 90' lang='lat' dir='ltr'><strong>seu</strong></span> <span class='ocrx_word' id='word_1_665' title='bbox 1282 4064 1417 4119; x_wconf 93' lang='lat' dir='ltr'><strong>ordo</strong></span> <span class='ocrx_word' id='word_1_666' title='bbox 1445 4073 1626 4119; x_wconf 89' lang='lat' dir='ltr'><strong>rectus</strong></span> <span class='ocrx_word' id='word_1_667' title='bbox 1651 4079 2020 4128; x_wconf 90' lang='lat' dir='ltr'><strong>numerorum,</strong></span> <span class='ocrx_word' id='word_1_668' title='bbox 2049 4078 2145 4118; x_wconf 89' lang='lat' dir='ltr'><strong>seu</strong></span> 
     </span>
    </p>
   </div>
   <div class='ocr_carea' id='block_1_97' title="bbox 564 4135 2145 4204">
    <p class='ocr_par' dir='ltr' id='par_1_97' title="bbox 564 4135 2145 4204">
     <span class='ocr_line' id='line_1_97' title="bbox 564 4135 2145 4204; baseline 0.006 -23"><span class='ocrx_word' id='word_1_669' title='bbox 564 4144 851 4204; x_wconf 81' lang='lat' dir='ltr'><strong>annorum,</strong></span> <span class='ocrx_word' id='word_1_670' title='bbox 880 4149 1036 4203; x_wconf 89' lang='lat' dir='ltr'><strong>quam</strong></span> <span class='ocrx_word' id='word_1_671' title='bbox 1065 4135 1332 4204; x_wconf 89' lang='lat' dir='ltr'><strong>oppositio</strong></span> <span class='ocrx_word' id='word_1_672' title='bbox 1362 4150 1710 4191; x_wconf 86' lang='lat' dir='ltr'><strong>numerorum</strong></span> <span class='ocrx_word' id='word_1_673' title='bbox 1759 4150 1856 4191; x_wconf 86' lang='lat' dir='ltr'><strong>seu</strong></span> <span class='ocrx_word' id='word_1_674' title='bbox 1877 4150 2145 4190; x_wconf 89' lang='lat' dir='ltr'><strong>annorum</strong></span> 
     </span>
    </p>
   </div>
   <div class='ocr_carea' id='block_1_98' title="bbox 564 4201 1209 4260">
    <p class='ocr_par' dir='ltr' id='par_1_98' title="bbox 564 4201 1209 4260">
     <span class='ocr_line' id='line_1_98' title="bbox 564 4201 1209 4260; baseline 0.012 -7"><span class='ocrx_word' id='word_1_675' title='bbox 564 4201 913 4258; x_wconf 76' lang='lat' dir='ltr'><strong>diversorum</strong></span> <span class='ocrx_word' id='word_1_676' title='bbox 939 4201 1209 4260; x_wconf 83' lang='lat' dir='ltr'><strong>ordinum.</strong></span> 
     </span>
    </p>
   </div>
   <div class='ocr_carea' id='block_1_99' title="bbox 639 4271 2140 4347">
    <p class='ocr_par' dir='ltr' id='par_1_99' title="bbox 639 4271 2140 4347">
     <span class='ocr_line' id='line_1_99' title="bbox 639 4271 2140 4347; baseline 0.005 -24"><span class='ocrx_word' id='word_1_677' title='bbox 639 4271 774 4347; x_wconf 81' lang='lat' dir='ltr'><strong>Hinc</strong></span> <span class='ocrx_word' id='word_1_678' title='bbox 804 4275 858 4347; x_wconf 83' lang='lat' dir='ltr'><strong>lit</strong></span> <span class='ocrx_word' id='word_1_679' title='bbox 881 4275 1316 4347; x_wconf 82' lang='lat' dir='ltr'><strong>utilieronymus</strong></span> <span class='ocrx_word' id='word_1_680' title='bbox 1353 4287 1512 4333; x_wconf 87' lang='lat' dir='ltr'><strong>vocet</strong></span> <span class='ocrx_word' id='word_1_681' title='bbox 1545 4277 1852 4334; x_wconf 88' lang='lat' dir='ltr'><strong>Chronicon</strong></span> <span class='ocrx_word' id='word_1_682' title='bbox 1900 4276 2140 4344; x_wconf 86' lang='lat' dir='ltr'><strong>Eusebii,</strong></span> 
     </span>
    </p>
   </div>
   <div class='ocr_carea' id='block_1_100' title="bbox 565 4343 2147 4411">
    <p class='ocr_par' dir='ltr' id='par_1_100' title="bbox 565 4343 2147 4411">
     <span class='ocr_line' id='line_1_100' title="bbox 565 4343 2147 4411; baseline 0.012 -17"><span class='ocrx_word' id='word_1_683' title='bbox 565 4343 915 4395; x_wconf 81' lang='lat' dir='ltr'><strong>omnimodant</strong></span> <span class='ocrx_word' id='word_1_684' title='bbox 981 4343 1249 4401; x_wconf 80' lang='lat' dir='ltr'><strong>historiam</strong></span> <span class='ocrx_word' id='word_1_685' title='bbox 1311 4364 1568 4403; x_wconf 87' lang='lat' dir='ltr'><strong>canonum</strong></span> <span class='ocrx_word' id='word_1_686' title='bbox 1621 4347 2042 4411; x_wconf 67' lang='lat' dir='ltr'><strong>Chronicorum.’</strong></span> <span class='ocrx_word' id='word_1_687' title='bbox 2091 4343 2147 4404; x_wconf 69' lang='grc' dir='ltr'><strong>τη</strong></span> 
     </span>
    </p>
   </div>
   <div class='ocr_carea' id='block_1_101' title="bbox 567 4411 2142 4485">
    <p class='ocr_par' dir='ltr' id='par_1_101' title="bbox 567 4411 2142 4485">
     <span class='ocr_line' id='line_1_101' title="bbox 567 4411 2142 4485; baseline 0.008 -24"><span class='ocrx_word' id='word_1_688' title='bbox 567 4426 749 4485; x_wconf 76' lang='lat' dir='ltr'><strong>suum,</strong></span> <span class='ocrx_word' id='word_1_689' title='bbox 779 4411 1066 4468; x_wconf 84' lang='lat' dir='ltr'><strong>Chronicon</strong></span> <span class='ocrx_word' id='word_1_690' title='bbox 1115 4419 1422 4472; x_wconf 75' lang='lat' dir='ltr'><strong>omnimodo:</strong></span> <span class='ocrx_word' id='word_1_691' title='bbox 1479 4419 1728 4473; x_wconf 72' lang='lat' dir='ltr'><strong>historice.</strong></span> <span class='ocrx_word' id='word_1_692' title='bbox 1772 4417 1955 4485; x_wconf 85' lang='lat' dir='ltr'><strong>Neque</strong></span> <span class='ocrx_word' id='word_1_693' title='bbox 1999 4419 2142 4474; x_wconf 86' lang='lat' dir='ltr'><strong>enim</strong></span> 
     </span>
    </p>
   </div>
   <div class='ocr_carea' id='block_1_102' title="bbox 2256 3212 3848 3286">
    <p class='ocr_par' dir='ltr' id='par_1_102' title="bbox 2256 3212 3848 3286">
     <span class='ocr_line' id='line_1_102' title="bbox 2256 3212 3848 3286; baseline 0.002 -17"><span class='ocrx_word' id='word_1_694' title='bbox 2256 3215 2398 3270; x_wconf 90' lang='lat' dir='ltr'><strong>liber</strong></span> <span class='ocrx_word' id='word_1_695' title='bbox 2425 3225 2647 3271; x_wconf 84' lang='lat' dir='ltr'><strong>vocetur</strong></span> <span class='ocrx_word' id='word_1_696' title='bbox 2667 3215 2845 3286; x_wconf 71' lang='lat' dir='ltr'><strong>potius</strong></span> <span class='ocrx_word' id='word_1_697' title='bbox 2868 3212 3161 3286; x_wconf 71' lang='lat' dir='ltr'><strong>Chronicon</strong></span> <span class='ocrx_word' id='word_1_698' title='bbox 3184 3227 3278 3270; x_wconf 89' lang='lat' dir='ltr'><strong>seu</strong></span> <span class='ocrx_word' id='word_1_699' title='bbox 3319 3231 3540 3270; x_wconf 81' lang='lat' dir='ltr'><strong>canones</strong></span> <span class='ocrx_word' id='word_1_700' title='bbox 3579 3213 3848 3286; x_wconf 84' lang='lat' dir='ltr'><strong>Chronici,</strong></span> 
     </span>
    </p>
   </div>
   <div class='ocr_carea' id='block_1_103' title="bbox 2253 3283 3343 3356">
    <p class='ocr_par' dir='ltr' id='par_1_103' title="bbox 2253 3283 3343 3356">
     <span class='ocr_line' id='line_1_103' title="bbox 2253 3283 3343 3356; baseline 0.002 -17"><span class='ocrx_word' id='word_1_701' title='bbox 2253 3301 2414 3356; x_wconf 90' lang='lat' dir='ltr'><strong>quam</strong></span> <span class='ocrx_word' id='word_1_702' title='bbox 2447 3287 2664 3341; x_wconf 82' lang='lat' dir='ltr'><strong>historia</strong></span> <span class='ocrx_word' id='word_1_703' title='bbox 2685 3283 2962 3352; x_wconf 82' lang='lat' dir='ltr'><strong>Chronica,</strong></span> <span class='ocrx_word' id='word_1_704' title='bbox 2994 3299 3091 3338; x_wconf 92' lang='lat' dir='ltr'><strong>seu</strong></span> <span class='ocrx_word' id='word_1_705' title='bbox 3116 3287 3343 3341; x_wconf 89' lang='lat' dir='ltr'><strong>annalis.</strong></span> 
     </span>
    </p>
   </div>
   <div class='ocr_carea' id='block_1_104' title="bbox 2326 3357 3846 3428">
    <p class='ocr_par' dir='ltr' id='par_1_104' title="bbox 2326 3357 3846 3428">
     <span class='ocr_line' id='line_1_104' title="bbox 2326 3357 3846 3428; baseline 0.002 -16"><span class='ocrx_word' id='word_1_706' title='bbox 2326 3358 2461 3413; x_wconf 83' lang='lat' dir='ltr'><strong>Hinc</strong></span> <span class='ocrx_word' id='word_1_707' title='bbox 2489 3359 2615 3411; x_wconf 91' lang='lat' dir='ltr'><strong>unio</strong></span> <span class='ocrx_word' id='word_1_708' title='bbox 2645 3372 2740 3411; x_wconf 83' lang='lat' dir='ltr'><strong>seu</strong></span> <span class='ocrx_word' id='word_1_709' title='bbox 2773 3357 3063 3428; x_wconf 83' lang='lat' dir='ltr'><strong>concordia</strong></span> <span class='ocrx_word' id='word_1_710' title='bbox 3091 3369 3321 3426; x_wconf 89' lang='lat' dir='ltr'><strong>quatuor</strong></span> <span class='ocrx_word' id='word_1_711' title='bbox 3357 3360 3846 3428; x_wconf 83' lang='lat' dir='ltr'><strong>evangelistarum,</strong></span> 
     </span>
    </p>
   </div>
   <div class='ocr_carea' id='block_1_105' title="bbox 2252 3425 3849 3498">
    <p class='ocr_par' dir='ltr' id='par_1_105' title="bbox 2252 3425 3849 3498">
     <span class='ocr_line' id='line_1_105' title="bbox 2252 3425 3849 3498; baseline 0.001 -15"><span class='ocrx_word' id='word_1_712' title='bbox 2252 3444 2374 3498; x_wconf 69' lang='lat' dir='ltr'><strong>quae</strong></span> <span class='ocrx_word' id='word_1_713' title='bbox 2404 3430 2472 3485; x_wconf 89' lang='lat' dir='ltr'><strong>ab</strong></span> <span class='ocrx_word' id='word_1_714' title='bbox 2520 3427 2754 3482; x_wconf 89' lang='lat' dir='ltr'><strong>Eusebio</strong></span> <span class='ocrx_word' id='word_1_715' title='bbox 2801 3425 3131 3482; x_wconf 86' lang='lat' dir='ltr'><strong>describitur</strong></span> <span class='ocrx_word' id='word_1_716' title='bbox 3175 3441 3274 3495; x_wconf 87' lang='lat' dir='ltr'><strong>per</strong></span> <span class='ocrx_word' id='word_1_717' title='bbox 3316 3425 3626 3498; x_wconf 80' lang='lat' dir='ltr'><strong>ltujusniodi</strong></span> <span class='ocrx_word' id='word_1_718' title='bbox 3670 3425 3849 3486; x_wconf 85' lang='lat' dir='ltr'><strong>lineas</strong></span> 
     </span>
    </p>
   </div>
   <div class='ocr_carea' id='block_1_106' title="bbox 2254 3499 3848 3568">
    <p class='ocr_par' dir='ltr' id='par_1_106' title="bbox 2254 3499 3848 3568">
     <span class='ocr_line' id='line_1_106' title="bbox 2254 3499 3848 3568; baseline 0.002 -13"><span class='ocrx_word' id='word_1_719' title='bbox 2254 3511 2453 3567; x_wconf 89' lang='lat' dir='ltr'><strong>rectas,</strong></span> <span class='ocrx_word' id='word_1_720' title='bbox 2478 3511 2532 3556; x_wconf 88' lang='lat' dir='ltr'><strong>et</strong></span> <span class='ocrx_word' id='word_1_721' title='bbox 2563 3511 2920 3564; x_wconf 82' lang='lat' dir='ltr'><strong>transversas,</strong></span> <span class='ocrx_word' id='word_1_722' title='bbox 2947 3512 3069 3567; x_wconf 79' lang='lat' dir='ltr'><strong>quae</strong></span> <span class='ocrx_word' id='word_1_723' title='bbox 3098 3499 3529 3568; x_wconf 88' lang='lat' dir='ltr'><strong>complectuntur</strong></span> <span class='ocrx_word' id='word_1_724' title='bbox 3551 3511 3756 3568; x_wconf 87' lang='lat' dir='ltr'><strong>certos,</strong></span> <span class='ocrx_word' id='word_1_725' title='bbox 3791 3512 3848 3558; x_wconf 88' lang='lat' dir='ltr'><strong>et</strong></span> 
     </span>
    </p>
   </div>
   <div class='ocr_carea' id='block_1_107' title="bbox 2253 3569 3844 3642">
    <p class='ocr_par' dir='ltr' id='par_1_107' title="bbox 2253 3569 3844 3642">
     <span class='ocr_line' id='line_1_107' title="bbox 2253 3569 3844 3642; baseline -0.001 -16"><span class='ocrx_word' id='word_1_726' title='bbox 2253 3571 2498 3628; x_wconf 89' lang='lat' dir='ltr'><strong>diversos</strong></span> <span class='ocrx_word' id='word_1_727' title='bbox 2522 3585 2776 3626; x_wconf 91' lang='lat' dir='ltr'><strong>numeros</strong></span> <span class='ocrx_word' id='word_1_728' title='bbox 2805 3569 3032 3642; x_wconf 82' lang='lat' dir='ltr'><strong>invicem</strong></span> <span class='ocrx_word' id='word_1_729' title='bbox 3059 3570 3159 3624; x_wconf 88' lang='lat' dir='ltr'><strong>sibi</strong></span> <span class='ocrx_word' id='word_1_730' title='bbox 3182 3572 3491 3642; x_wconf 79' lang='lat' dir='ltr'><strong>oppositos,</strong></span> <span class='ocrx_word' id='word_1_731' title='bbox 3526 3573 3724 3642; x_wconf 87' lang='lat' dir='ltr'><strong>quibus</strong></span> <span class='ocrx_word' id='word_1_732' title='bbox 3754 3575 3844 3627; x_wconf 87' lang='lat' dir='ltr'><strong>in-</strong></span> 
     </span>
    </p>
   </div>
   <div class='ocr_carea' id='block_1_108' title="bbox 2253 3640 3846 3713">
    <p class='ocr_par' dir='ltr' id='par_1_108' title="bbox 2253 3640 3846 3713">
     <span class='ocr_line' id='line_1_108' title="bbox 2253 3640 3846 3713; baseline 0 -15"><span class='ocrx_word' id='word_1_733' title='bbox 2253 3642 2501 3698; x_wconf 84' lang='lat' dir='ltr'><strong>dicantur</strong></span> <span class='ocrx_word' id='word_1_734' title='bbox 2529 3643 2739 3696; x_wconf 88' lang='lat' dir='ltr'><strong>diversa</strong></span> <span class='ocrx_word' id='word_1_735' title='bbox 2771 3641 2968 3713; x_wconf 57' lang='lat' dir='ltr'><strong>eapiia,</strong></span> <span class='ocrx_word' id='word_1_736' title='bbox 3016 3641 3069 3694; x_wconf 90' lang='lat' dir='ltr'><strong>in</strong></span> <span class='ocrx_word' id='word_1_737' title='bbox 3097 3640 3303 3713; x_wconf 83' lang='lat' dir='ltr'><strong>quibus</strong></span> <span class='ocrx_word' id='word_1_738' title='bbox 3343 3643 3444 3711; x_wconf 91' lang='lat' dir='ltr'><strong>ipsi</strong></span> <span class='ocrx_word' id='word_1_739' title='bbox 3489 3640 3846 3713; x_wconf 71' lang='lat' dir='ltr'><strong>evangelista:</strong></span> 
     </span>
    </p>
   </div>
   <div class='ocr_carea' id='block_1_109' title="bbox 2252 3708 3846 3784">
    <p class='ocr_par' dir='ltr' id='par_1_109' title="bbox 2252 3708 3846 3784">
     <span class='ocr_line' id='line_1_109' title="bbox 2252 3708 3846 3784; baseline -0.001 -14"><span class='ocrx_word' id='word_1_740' title='bbox 2252 3717 2603 3778; x_wconf 80' lang='lat' dir='ltr'><strong>Conveniunt,</strong></span> <span class='ocrx_word' id='word_1_741' title='bbox 2631 3708 3175 3784; x_wconf 78' lang='lat' dir='ltr'><strong>canonesEvangelici</strong></span> <span class='ocrx_word' id='word_1_742' title='bbox 3202 3708 3454 3768; x_wconf 84' lang='lat' dir='ltr'><strong>dicuntur</strong></span> <span class='ocrx_word' id='word_1_743' title='bbox 3481 3716 3622 3784; x_wconf 89' lang='lat' dir='ltr'><strong>apud</strong></span> <span class='ocrx_word' id='word_1_744' title='bbox 3635 3708 3846 3769; x_wconf 57' lang='lat' dir='ltr'><strong>&#39;llirro-</strong></span> 
     </span>
    </p>
   </div>
   <div class='ocr_carea' id='block_1_110' title="bbox 2254 3783 3844 3859">
    <p class='ocr_par' dir='ltr' id='par_1_110' title="bbox 2254 3783 3844 3859">
     <span class='ocr_line' id='line_1_110' title="bbox 2254 3783 3844 3859; baseline 0.001 -19"><span class='ocrx_word' id='word_1_745' title='bbox 2254 3803 2474 3859; x_wconf 88' lang='lat' dir='ltr'><strong>nymum</strong></span> <span class='ocrx_word' id='word_1_746' title='bbox 2505 3797 2636 3859; x_wconf 84' lang='lat' dir='ltr'><strong>tom.</strong></span> <span class='ocrx_word' id='word_1_747' title='bbox 2670 3798 2744 3849; x_wconf 68' lang='grc' dir='ltr'><strong>ιι,</strong></span> <span class='ocrx_word' id='word_1_748' title='bbox 2775 3783 2866 3859; x_wconf 74' lang='lat' dir='ltr'><strong>ubi</strong></span> <span class='ocrx_word' id='word_1_749' title='bbox 2897 3785 3168 3852; x_wconf 66' lang='lat' dir='ltr'><strong>praecipue</strong></span> <span class='ocrx_word' id='word_1_750' title='bbox 3205 3792 3288 3836; x_wconf 90' lang='lat' dir='ltr'><strong>est</strong></span> <span class='ocrx_word' id='word_1_751' title='bbox 3305 3783 3701 3859; x_wconf 78' lang='lat' dir='ltr'><strong>consideranda</strong></span> <span class='ocrx_word' id='word_1_752' title='bbox 3732 3801 3844 3841; x_wconf 91' lang='lat' dir='ltr'><strong>non</strong></span> 
     </span>
    </p>
   </div>
   <div class='ocr_carea' id='block_1_111' title="bbox 2251 3853 3838 3926">
    <p class='ocr_par' dir='ltr' id='par_1_111' title="bbox 2251 3853 3838 3926">
     <span class='ocr_line' id='line_1_111' title="bbox 2251 3853 3838 3926; baseline 0 -14"><span class='ocrx_word' id='word_1_753' title='bbox 2251 3853 2447 3925; x_wconf 78' lang='lat' dir='ltr'><strong>series,</strong></span> <span class='ocrx_word' id='word_1_754' title='bbox 2477 3857 2574 3912; x_wconf 92' lang='lat' dir='ltr'><strong>sed</strong></span> <span class='ocrx_word' id='word_1_755' title='bbox 2619 3853 3270 3926; x_wconf 87' lang='lat' dir='ltr'><strong>oppositionumerorunt</strong></span> <span class='ocrx_word' id='word_1_756' title='bbox 3315 3869 3410 3909; x_wconf 90' lang='lat' dir='ltr'><strong>seu</strong></span> <span class='ocrx_word' id='word_1_757' title='bbox 3452 3857 3838 3926; x_wconf 84' lang='lat' dir='ltr'><strong>capitulorum,</strong></span> 
     </span>
    </p>
   </div>
   <div class='ocr_carea' id='block_1_112' title="bbox 2251 3925 3689 3998">
    <p class='ocr_par' dir='ltr' id='par_1_112' title="bbox 2251 3925 3689 3998">
     <span class='ocr_line' id='line_1_112' title="bbox 2251 3925 3689 3998; baseline -0.003 -15"><span class='ocrx_word' id='word_1_758' title='bbox 2251 3946 2372 3998; x_wconf 72' lang='lat' dir='ltr'><strong>qua!</strong></span> <span class='ocrx_word' id='word_1_759' title='bbox 2401 3927 2618 3986; x_wconf 86' lang='lat' dir='ltr'><strong>conﬁcit</strong></span> <span class='ocrx_word' id='word_1_760' title='bbox 2641 3925 2789 3998; x_wconf 84' lang='lat' dir='ltr'><strong>illam</strong></span> <span class='ocrx_word' id='word_1_761' title='bbox 2817 3925 3191 3998; x_wconf 72' lang='lat' dir='ltr'><strong>unionemseu</strong></span> <span class='ocrx_word' id='word_1_762' title='bbox 3223 3926 3689 3981; x_wconf 86' lang='lat' dir='ltr'><strong>conciliationem.</strong></span> 
     </span>
    </p>
   </div>
   <div class='ocr_carea' id='block_1_113' title="bbox 2323 3994 3838 4057">
    <p class='ocr_par' dir='ltr' id='par_1_113' title="bbox 2323 3994 3838 4057">
     <span class='ocr_line' id='line_1_113' title="bbox 2323 3994 3838 4057; baseline -0.002 0"><span class='ocrx_word' id='word_1_763' title='bbox 2323 4002 2403 4056; x_wconf 89' lang='lat' dir='ltr'><strong>Eo</strong></span> <span class='ocrx_word' id='word_1_764' title='bbox 2430 4017 2594 4057; x_wconf 88' lang='lat' dir='ltr'><strong>sensu</strong></span> <span class='ocrx_word' id='word_1_765' title='bbox 2624 3997 2875 4052; x_wconf 88' lang='lat' dir='ltr'><strong>videntur</strong></span> <span class='ocrx_word' id='word_1_766' title='bbox 2915 3994 3089 4050; x_wconf 59' lang='lat' dir='ltr'><strong>Graeci</strong></span> <span class='ocrx_word' id='word_1_767' title='bbox 3124 4011 3308 4051; x_wconf 86' lang='lat' dir='ltr'><strong>vocem</strong></span> <span class='ocrx_word' id='word_1_768' title='bbox 3342 3999 3479 4052; x_wconf 88' lang='lat' dir='ltr'><strong>hanc</strong></span> <span class='ocrx_word' id='word_1_769' title='bbox 3521 4000 3680 4053; x_wconf 77' lang='grc' dir='ltr'><strong>κάνων</strong></span> <span class='ocrx_word' id='word_1_770' title='bbox 3712 4013 3838 4054; x_wconf 82' lang='lat' dir='ltr'><strong>mu-</strong></span> 
     </span>
    </p>
   </div>
   <div class='ocr_carea' id='block_1_114' title="bbox 2252 4067 3837 4150">
    <p class='ocr_par' dir='ltr' id='par_1_114' title="bbox 2252 4067 3837 4150">
     <span class='ocr_line' id='line_1_114' title="bbox 2252 4067 3837 4150; baseline -0.003 -22"><span class='ocrx_word' id='word_1_771' title='bbox 2252 4074 2382 4150; x_wconf 83' lang='lat' dir='ltr'><strong>tuati</strong></span> <span class='ocrx_word' id='word_1_772' title='bbox 2412 4074 2479 4150; x_wconf 84' lang='lat' dir='ltr'><strong>ab</strong></span> <span class='ocrx_word' id='word_1_773' title='bbox 2499 4070 2764 4150; x_wconf 61' lang='lat' dir='ltr'><strong>Hebraeis,</strong></span> <span class='ocrx_word' id='word_1_774' title='bbox 2795 4082 2917 4150; x_wconf 79' lang='lat' dir='ltr'><strong>cum</strong></span> <span class='ocrx_word' id='word_1_775' title='bbox 2958 4067 3100 4150; x_wconf 76' lang='lat' dir='ltr'><strong>apud</strong></span> <span class='ocrx_word' id='word_1_776' title='bbox 3127 4082 3222 4150; x_wconf 81' lang='lat' dir='ltr'><strong>eos</strong></span> <span class='ocrx_word' id='word_1_777' title='bbox 3257 4079 3377 4150; x_wconf 66' lang='lat' dir='ltr'><strong>mp,</strong></span> <span class='ocrx_word' id='word_1_778' title='bbox 3406 4085 3555 4150; x_wconf 78' lang='lat' dir='ltr'><strong>cana_,</strong></span> <span class='ocrx_word' id='word_1_779' title='bbox 3599 4069 3740 4124; x_wconf 89' lang='lat' dir='ltr'><strong>idem</strong></span> <span class='ocrx_word' id='word_1_780' title='bbox 3764 4072 3837 4125; x_wconf 88' lang='lat' dir='ltr'><strong>sit</strong></span> 
     </span>
    </p>
   </div>
   <div class='ocr_carea' id='block_1_115' title="bbox 2249 4139 3833 4204">
    <p class='ocr_par' dir='ltr' id='par_1_115' title="bbox 2249 4139 3833 4204">
     <span class='ocr_line' id='line_1_115' title="bbox 2249 4139 3833 4204; baseline -0.003 -4"><span class='ocrx_word' id='word_1_781' title='bbox 2249 4161 2314 4200; x_wconf 89' lang='lat' dir='ltr'><strong>ac</strong></span> <span class='ocrx_word' id='word_1_782' title='bbox 2343 4146 2527 4201; x_wconf 84' lang='lat' dir='ltr'><strong>basis:</strong></span> <span class='ocrx_word' id='word_1_783' title='bbox 2559 4141 2755 4198; x_wconf 82' lang='lat' dir='ltr'><strong>titubat</strong></span> <span class='ocrx_word' id='word_1_784' title='bbox 2781 4140 2924 4192; x_wconf 91' lang='lat' dir='ltr'><strong>enim</strong></span> <span class='ocrx_word' id='word_1_785' title='bbox 2959 4139 3261 4204; x_wconf 85' lang='lat' dir='ltr'><strong>historiam,</strong></span> <span class='ocrx_word' id='word_1_786' title='bbox 3299 4144 3426 4193; x_wconf 88' lang='lat' dir='ltr'><strong>dum</strong></span> <span class='ocrx_word' id='word_1_787' title='bbox 3475 4140 3654 4195; x_wconf 90' lang='lat' dir='ltr'><strong>minus</strong></span> <span class='ocrx_word' id='word_1_788' title='bbox 3681 4151 3833 4196; x_wconf 85' lang='lat' dir='ltr'><strong>certa</strong></span> 
     </span>
    </p>
   </div>
   <div class='ocr_carea' id='block_1_116' title="bbox 2249 4211 3834 4286">
    <p class='ocr_par' dir='ltr' id='par_1_116' title="bbox 2249 4211 3834 4286">
     <span class='ocr_line' id='line_1_116' title="bbox 2249 4211 3834 4286; baseline -0.004 -14"><span class='ocrx_word' id='word_1_789' title='bbox 2249 4227 2332 4272; x_wconf 90' lang='lat' dir='ltr'><strong>est</strong></span> <span class='ocrx_word' id='word_1_790' title='bbox 2362 4215 2618 4286; x_wconf 88' lang='lat' dir='ltr'><strong>temporis</strong></span> <span class='ocrx_word' id='word_1_791' title='bbox 2669 4211 3074 4286; x_wconf 80' lang='lat' dir='ltr'><strong>circumstantia</strong></span> <span class='ocrx_word' id='word_1_792' title='bbox 3105 4227 3120 4264; x_wconf 89' lang='lat'><strong>:</strong></span> <span class='ocrx_word' id='word_1_793' title='bbox 3164 4227 3268 4265; x_wconf 90' lang='lat' dir='ltr'><strong>non</strong></span> <span class='ocrx_word' id='word_1_794' title='bbox 3303 4219 3482 4266; x_wconf 86' lang='lat' dir='ltr'><strong>autem</strong></span> <span class='ocrx_word' id='word_1_795' title='bbox 3517 4212 3710 4286; x_wconf 66' lang='lat' dir='ltr'><strong>nivali</strong></span> <span class='ocrx_word' id='word_1_796' title='bbox 3749 4213 3834 4267; x_wconf 87' lang='lat' dir='ltr'><strong>vir</strong></span> 
     </span>
    </p>
   </div>
   <div class='ocr_carea' id='block_1_117' title="bbox 2247 4281 3831 4368">
    <p class='ocr_par' dir='ltr' id='par_1_117' title="bbox 2247 4281 3831 4368">
     <span class='ocr_line' id='line_1_117' title="bbox 2247 4281 3831 4368; baseline -0.003 -26"><span class='ocrx_word' id='word_1_797' title='bbox 2247 4281 2706 4368; x_wconf 61' lang='lat' dir='ltr'><strong>eruditusaﬁnp,</strong></span> <span class='ocrx_word' id='word_1_798' title='bbox 2733 4281 2879 4352; x_wconf 91' lang='lat' dir='ltr'><strong>quod</strong></span> <span class='ocrx_word' id='word_1_799' title='bbox 2919 4281 3493 4368; x_wconf 57' lang='lat' dir='ltr'><strong>calamumnmensurae</strong></span> <span class='ocrx_word' id='word_1_800' title='bbox 3531 4282 3831 4368; x_wconf 68' lang='lat' dir='ltr'><strong>significat,</strong></span> 
     </span>
    </p>
   </div>
   <div class='ocr_carea' id='block_1_118' title="bbox 2249 4351 3830 4426">
    <p class='ocr_par' dir='ltr' id='par_1_118' title="bbox 2249 4351 3830 4426">
     <span class='ocr_line' id='line_1_118' title="bbox 2249 4351 3830 4426; baseline -0.003 -14"><span class='ocrx_word' id='word_1_801' title='bbox 2249 4357 2394 4412; x_wconf 89' lang='lat' dir='ltr'><strong>unde</strong></span> <span class='ocrx_word' id='word_1_802' title='bbox 2446 4351 2707 4426; x_wconf 81' lang='lat' dir='ltr'><strong>origine’m</strong></span> <span class='ocrx_word' id='word_1_803' title='bbox 2751 4351 2984 4426; x_wconf 71' lang='lat' dir='ltr'><strong>sumpsit</strong></span> <span class='ocrx_word' id='word_1_804' title='bbox 3037 4368 3143 4407; x_wconf 81' lang='lat' dir='ltr'><strong>vox</strong></span> <span class='ocrx_word' id='word_1_805' title='bbox 3178 4352 3384 4426; x_wconf 78' lang='lat' dir='ltr'><strong>Gallica</strong></span> <span class='ocrx_word' id='word_1_806' title='bbox 3406 4351 3601 4426; x_wconf 48' lang='lat' dir='ltr'><strong>canae;</strong></span> <span class='ocrx_word' id='word_1_807' title='bbox 3636 4351 3830 4426; x_wconf 83' lang='lat' dir='ltr'><strong>itaque</strong></span> 
     </span>
    </p>
   </div>
   <div class='ocr_carea' id='block_1_119' title="bbox 2248 4422 3829 4498">
    <p class='ocr_par' dir='ltr' id='par_1_119' title="bbox 2248 4422 3829 4498">
     <span class='ocr_line' id='line_1_119' title="bbox 2248 4422 3829 4498; baseline -0.003 -16"><span class='ocrx_word' id='word_1_808' title='bbox 2248 4429 2491 4488; x_wconf 85' lang='lat' dir='ltr'><strong>omnium</strong></span> <span class='ocrx_word' id='word_1_809' title='bbox 2527 4422 2730 4498; x_wconf 77' lang='lat' dir='ltr'><strong>optime</strong></span> <span class='ocrx_word' id='word_1_810' title='bbox 2768 4424 3002 4498; x_wconf 70' lang='lat' dir='ltr'><strong>Budaeus</strong></span> <span class='ocrx_word' id='word_1_811' title='bbox 3033 4438 3288 4498; x_wconf 81' lang='lat' dir='ltr'><strong>canones</strong></span> <span class='ocrx_word' id='word_1_812' title='bbox 3320 4422 3606 4498; x_wconf 70' lang='lat' dir='ltr'><strong>Qltronicos</strong></span> <span class='ocrx_word' id='word_1_813' title='bbox 3645 4422 3829 4498; x_wconf 13' lang='lat' dir='ltr'><strong>inter-7</strong></span> 
     </span>
    </p>
   </div>
   <div class='ocr_carea' id='block_1_120' title="bbox 565 4479 2141 4570">
    <p class='ocr_par' dir='ltr' id='par_1_120' title="bbox 565 4479 2141 4570">
     <span class='ocr_line' id='line_1_120' title="bbox 565 4479 2141 4570; baseline 0.008 -37"><span class='ocrx_word' id='word_1_814' title='bbox 565 4479 710 4533; x_wconf 85' lang='lat' dir='ltr'><strong>istud</strong></span> <span class='ocrx_word' id='word_1_815' title='bbox 745 4485 1006 4550; x_wconf 90' lang='lat' dir='ltr'><strong>continet,</strong></span> <span class='ocrx_word' id='word_1_816' title='bbox 1034 4495 1095 4570; x_wconf 76' lang='lat' dir='ltr'><strong>ut</strong></span> <span class='ocrx_word' id='word_1_817' title='bbox 1114 4489 1384 4555; x_wconf 86' lang='lat' dir='ltr'><strong>superius,</strong></span> <span class='ocrx_word' id='word_1_818' title='bbox 1423 4499 1502 4542; x_wconf 91' lang='lat' dir='ltr'><strong>tot</strong></span> <span class='ocrx_word' id='word_1_819' title='bbox 1539 4479 1925 4570; x_wconf 71' lang='lat' dir='ltr'><strong>concurrentes</strong></span> <span class='ocrx_word' id='word_1_820' title='bbox 1952 4505 2141 4570; x_wconf 82' lang='lat' dir='ltr'><strong>nume-</strong></span> 
     </span>
    </p>
   </div>
   <div class='ocr_carea' id='block_1_121' title="bbox 2249 4479 3828 4570">
    <p class='ocr_par' dir='ltr' id='par_1_121' title="bbox 2252 4479 3828 4570">
     <span class='ocr_line' id='line_1_121' title="bbox 2252 4479 3828 4570; baseline -0.003 -15"><span class='ocrx_word' id='word_1_821' title='bbox 2252 4479 2492 4569; x_wconf 45' lang='lat' dir='ltr'><strong>{mihi};</strong></span> <span class='ocrx_word' id='word_1_822' title='bbox 2523 4479 3113 4570; x_wconf 41' lang='lat' dir='ltr'><strong>altissimum“:</strong></span> <span class='ocrx_word' id='word_1_823' title='bbox 3172 4505 3227 4550; x_wconf 91' lang='lat' dir='ltr'><strong>et</strong></span> <span class='ocrx_word' id='word_1_824' title='bbox 3277 4494 3672 4570; x_wconf 75' lang='lat' dir='ltr'><strong>hallucinantur</strong></span> <span class='ocrx_word' id='word_1_825' title='bbox 3714 4495 3828 4570; x_wconf 72' lang='lat' dir='ltr'><strong>viri</strong></span> 
     </span>
    </p>
   </div>
   <div class='ocr_carea' id='block_1_122' title="bbox 563 4557 2140 4628">
    <p class='ocr_par' dir='ltr' id='par_1_122' title="bbox 563 4557 2140 4628">
     <span class='ocr_line' id='line_1_122' title="bbox 563 4557 2140 4628; baseline 0.007 -24"><span class='ocrx_word' id='word_1_826' title='bbox 563 4565 679 4618; x_wconf 87' lang='lat' dir='ltr'><strong>ros,</strong></span> <span class='ocrx_word' id='word_1_827' title='bbox 708 4566 804 4606; x_wconf 90' lang='lat' dir='ltr'><strong>seu</strong></span> <span class='ocrx_word' id='word_1_828' title='bbox 836 4569 1006 4608; x_wconf 87' lang='lat' dir='ltr'><strong>annos</strong></span> <span class='ocrx_word' id='word_1_829' title='bbox 1032 4557 1365 4611; x_wconf 88' lang='lat' dir='ltr'><strong>diversorum</strong></span> <span class='ocrx_word' id='word_1_830' title='bbox 1390 4575 1596 4628; x_wconf 88' lang='lat' dir='ltr'><strong>regum,</strong></span> <span class='ocrx_word' id='word_1_831' title='bbox 1620 4559 1714 4613; x_wconf 89' lang='lat' dir='ltr'><strong>sed</strong></span> <span class='ocrx_word' id='word_1_832' title='bbox 1747 4559 1919 4613; x_wconf 86' lang='lat' dir='ltr'><strong>solam</strong></span> <span class='ocrx_word' id='word_1_833' title='bbox 1942 4561 2140 4616; x_wconf 85' lang='lat' dir='ltr'><strong>seriem</strong></span> 
     </span>
    </p>
   </div>
   <div class='ocr_carea' id='block_1_123' title="bbox 561 4630 2138 4698">
    <p class='ocr_par' dir='ltr' id='par_1_123' title="bbox 561 4630 2138 4698">
     <span class='ocr_line' id='line_1_123' title="bbox 561 4630 2138 4698; baseline 0.008 -23"><span class='ocrx_word' id='word_1_834' title='bbox 561 4636 938 4698; x_wconf 71' lang='lat' dir='ltr'><strong>numerorum,</strong></span> <span class='ocrx_word' id='word_1_835' title='bbox 971 4641 1066 4680; x_wconf 89' lang='lat' dir='ltr'><strong>seu</strong></span> <span class='ocrx_word' id='word_1_836' title='bbox 1105 4641 1372 4698; x_wconf 84' lang='lat' dir='ltr'><strong>annorum</strong></span> <span class='ocrx_word' id='word_1_837' title='bbox 1393 4630 1799 4698; x_wconf 88' lang='lat' dir='ltr'><strong>imperatorum.</strong></span> <span class='ocrx_word' id='word_1_838' title='bbox 1827 4633 1892 4683; x_wconf 78' lang='lat' dir='ltr'><strong>At</strong></span> <span class='ocrx_word' id='word_1_839' title='bbox 1916 4630 2138 4688; x_wconf 87' lang='lat' dir='ltr'><strong>historia</strong></span> 
     </span>
    </p>
   </div>
   <div class='ocr_carea' id='block_1_124' title="bbox 560 4692 2134 4768">
    <p class='ocr_par' dir='ltr' id='par_1_124' title="bbox 560 4692 2134 4768">
     <span class='ocr_line' id='line_1_124' title="bbox 560 4692 2134 4768; baseline 0.006 -22"><span class='ocrx_word' id='word_1_840' title='bbox 560 4692 704 4760; x_wconf 86' lang='lat' dir='ltr'><strong>apud</strong></span> <span class='ocrx_word' id='word_1_841' title='bbox 737 4694 1026 4768; x_wconf 79' lang='lat' dir='ltr'><strong>Eusebium</strong></span> <span class='ocrx_word' id='word_1_842' title='bbox 1060 4698 1130 4752; x_wconf 89' lang='lat' dir='ltr'><strong>ita</strong></span> <span class='ocrx_word' id='word_1_843' title='bbox 1159 4713 1216 4753; x_wconf 88' lang='lat' dir='ltr'><strong>se</strong></span> <span class='ocrx_word' id='word_1_844' title='bbox 1260 4697 1420 4754; x_wconf 75' lang='lat' dir='ltr'><strong>habet</strong></span> <span class='ocrx_word' id='word_1_845' title='bbox 1451 4692 1518 4754; x_wconf 79' lang='lat' dir='ltr'><strong>ad</strong></span> <span class='ocrx_word' id='word_1_846' title='bbox 1547 4715 1784 4755; x_wconf 89' lang='lat' dir='ltr'><strong>canones</strong></span> <span class='ocrx_word' id='word_1_847' title='bbox 1813 4700 2134 4768; x_wconf 79' lang='lat' dir='ltr'><strong>Chronicos,</strong></span> 
     </span>
    </p>
   </div>
   <div class='ocr_carea' id='block_1_125' title="bbox 561 4765 2139 4839">
    <p class='ocr_par' dir='ltr' id='par_1_125' title="bbox 561 4765 2139 4839">
     <span class='ocr_line' id='line_1_125' title="bbox 561 4765 2139 4839; baseline 0.007 -23"><span class='ocrx_word' id='word_1_848' title='bbox 561 4773 620 4817; x_wconf 91' lang='lat' dir='ltr'><strong>ut</strong></span> <span class='ocrx_word' id='word_1_849' title='bbox 642 4765 870 4833; x_wconf 85' lang='lat' dir='ltr'><strong>pendeat</strong></span> <span class='ocrx_word' id='word_1_850' title='bbox 901 4767 970 4821; x_wconf 90' lang='lat' dir='ltr'><strong>ab</strong></span> <span class='ocrx_word' id='word_1_851' title='bbox 999 4768 1102 4823; x_wconf 88' lang='lat' dir='ltr'><strong>illis</strong></span> <span class='ocrx_word' id='word_1_852' title='bbox 1132 4809 1147 4834; x_wconf 98' lang='lat'><strong>,</strong></span> <span class='ocrx_word' id='word_1_853' title='bbox 1206 4769 1258 4824; x_wconf 92' lang='lat' dir='ltr'><strong>id</strong></span> <span class='ocrx_word' id='word_1_854' title='bbox 1289 4781 1368 4825; x_wconf 88' lang='lat' dir='ltr'><strong>est</strong></span> <span class='ocrx_word' id='word_1_855' title='bbox 1399 4785 1429 4824; x_wconf 90' lang='lat' dir='ltr'><strong>a</strong></span> <span class='ocrx_word' id='word_1_856' title='bbox 1454 4773 1861 4839; x_wconf 88' lang='lat' dir='ltr'><strong>comparatione</strong></span> <span class='ocrx_word' id='word_1_857' title='bbox 1897 4765 2139 4826; x_wconf 55' lang='lat' dir='ltr'><strong>diverso;</strong></span> 
     </span>
    </p>
   </div>
   <div class='ocr_carea' id='block_1_126' title="bbox 559 4842 2137 4918">
    <p class='ocr_par' dir='ltr' id='par_1_126' title="bbox 559 4842 2137 4918">
     <span class='ocr_line' id='line_1_126' title="bbox 559 4842 2137 4918; baseline 0.008 -32"><span class='ocrx_word' id='word_1_858' title='bbox 559 4847 1038 4918; x_wconf 75' lang='lat' dir='ltr'><strong>runi_temporum,</strong></span> <span class='ocrx_word' id='word_1_859' title='bbox 1064 4855 1467 4918; x_wconf 72' lang='lat' dir='ltr'><strong>seuannorum,</strong></span> <span class='ocrx_word' id='word_1_860' title='bbox 1505 4843 1614 4918; x_wconf 32' lang='lat' dir='ltr'><strong>Aqui</strong></span> <span class='ocrx_word' id='word_1_861' title='bbox 1639 4844 1709 4918; x_wconf 90' lang='lat' dir='ltr'><strong>_in</strong></span> <span class='ocrx_word' id='word_1_862' title='bbox 1737 4842 1960 4912; x_wconf 79' lang='lat' dir='ltr'><strong>singulis</strong></span> <span class='ocrx_word' id='word_1_863' title='bbox 1991 4845 2137 4899; x_wconf 87' lang='lat' dir='ltr'><strong>colu-</strong></span> 
     </span>
    </p>
   </div>
   <div class='ocr_carea' id='block_1_127' title="bbox 557 4907 2134 4984">
    <p class='ocr_par' dir='ltr' id='par_1_127' title="bbox 557 4907 2134 4984">
     <span class='ocr_line' id='line_1_127' title="bbox 557 4907 2134 4984; baseline 0.01 -27"><span class='ocrx_word' id='word_1_864' title='bbox 557 4907 839 4984; x_wconf 74' lang='lat' dir='ltr'><strong>mellis,_et</strong></span> <span class='ocrx_word' id='word_1_865' title='bbox 869 4908 1359 4984; x_wconf 87' lang='lat' dir='ltr'><strong>laterculisjacent.</strong></span> <span class='ocrx_word' id='word_1_866' title='bbox 1413 4907 1706 4984; x_wconf 63' lang='lat' dir='ltr'><strong>Ipsi&#39;euim</strong></span> <span class='ocrx_word' id='word_1_867' title='bbox 1755 4907 2134 4972; x_wconf 74' lang='lat' dir='ltr'><strong>canonessunt</strong></span> 
     </span>
    </p>
   </div>
   <div class='ocr_carea' id='block_1_128' title="bbox 556 4976 2131 5055">
    <p class='ocr_par' dir='ltr' id='par_1_128' title="bbox 556 4976 2131 5055">
     <span class='ocr_line' id='line_1_128' title="bbox 556 4976 2131 5055; baseline 0.01 -28"><span class='ocrx_word' id='word_1_868' title='bbox 556 4976 721 5055; x_wconf 84' lang='lat' dir='ltr'><strong>veluti</strong></span> <span class='ocrx_word' id='word_1_869' title='bbox 767 4979 924 5035; x_wconf 87' lang='lat' dir='ltr'><strong>bases</strong></span> <span class='ocrx_word' id='word_1_870' title='bbox 949 4976 1588 5055; x_wconf 13' lang='lat' dir='ltr'><strong>quatdam,isuper&#39;quas</strong></span> <span class='ocrx_word' id='word_1_871' title='bbox 1610 4987 1857 5040; x_wconf 86' lang='lat' dir='ltr'><strong>universa</strong></span> <span class='ocrx_word' id='word_1_872' title='bbox 1893 4986 2131 5042; x_wconf 65' lang='lat' dir='ltr'><strong>historiae</strong></span> 
     </span>
    </p>
   </div>
   <div class='ocr_carea' id='block_1_129' title="bbox 559 5051 2129 5129">
    <p class='ocr_par' dir='ltr' id='par_1_129' title="bbox 559 5051 2129 5129">
     <span class='ocr_line' id='line_1_129' title="bbox 559 5051 2129 5129; baseline 0.01 -31"><span class='ocrx_word' id='word_1_873' title='bbox 559 5051 731 5129; x_wconf 76' lang='lat' dir='ltr'><strong>moles</strong></span> <span class='ocrx_word' id='word_1_874' title='bbox 771 5053 1050 5122; x_wconf 83' lang='lat' dir='ltr'><strong>consurgit</strong></span> <span class='ocrx_word' id='word_1_875' title='bbox 1087 5071 1098 5107; x_wconf 91' lang='lat'><strong>:</strong></span> <span class='ocrx_word' id='word_1_876' title='bbox 1155 5054 1250 5129; x_wconf 82' lang='lat' dir='ltr'><strong>sed</strong></span> <span class='ocrx_word' id='word_1_877' title='bbox 1306 5051 1445 5124; x_wconf 81' lang='lat' dir='ltr'><strong>apud</strong></span> <span class='ocrx_word' id='word_1_878' title='bbox 1471 5051 1878 5129; x_wconf 60' lang='lat' dir='ltr'><strong>&#39;Hieronymnm</strong></span> <span class='ocrx_word' id='word_1_879' title='bbox 1908 5056 2129 5113; x_wconf 89' lang='lat' dir='ltr'><strong>historia</strong></span> 
     </span>
    </p>
   </div>
   <div class='ocr_carea' id='block_1_130' title="bbox 553 5117 2132 5198">
    <p class='ocr_par' dir='ltr' id='par_1_130' title="bbox 553 5117 2132 5198">
     <span class='ocr_line' id='line_1_130' title="bbox 553 5117 2132 5198; baseline 0.009 -29"><span class='ocrx_word' id='word_1_880' title='bbox 553 5117 755 5184; x_wconf 87' lang='lat' dir='ltr'><strong>pendet</strong></span> <span class='ocrx_word' id='word_1_881' title='bbox 802 5117 1455 5198; x_wconf 35' lang='lat' dir='ltr'><strong>nona&#39;temporibusjseu</strong></span> <span class='ocrx_word' id='word_1_882' title='bbox 1495 5143 1522 5180; x_wconf 90' lang='lat' dir='ltr'><strong>a</strong></span> <span class='ocrx_word' id='word_1_883' title='bbox 1563 5117 1967 5198; x_wconf 74' lang='lat' dir='ltr'><strong>comparatione</strong></span> <span class='ocrx_word' id='word_1_884' title='bbox 1995 5137 2132 5183; x_wconf 88' lang='lat' dir='ltr'><strong>tem-</strong></span> 
     </span>
    </p>
   </div>
   <div class='ocr_carea' id='block_1_131' title="bbox 554 5191 2128 5267">
    <p class='ocr_par' dir='ltr' id='par_1_131' title="bbox 554 5191 2128 5267">
     <span class='ocr_line' id='line_1_131' title="bbox 554 5191 2128 5267; baseline 0.01 -29"><span class='ocrx_word' id='word_1_885' title='bbox 554 5201 769 5255; x_wconf 87' lang='lat' dir='ltr'><strong>porum,</strong></span> <span class='ocrx_word' id='word_1_886' title='bbox 801 5191 897 5246; x_wconf 84' lang='lat' dir='ltr'><strong>sed</strong></span> <span class='ocrx_word' id='word_1_887' title='bbox 933 5206 962 5267; x_wconf 88' lang='lat' dir='ltr'><strong>a_</strong></span> <span class='ocrx_word' id='word_1_888' title='bbox 1004 5191 1269 5266; x_wconf 83' lang='lat' dir='ltr'><strong>tempore,</strong></span> <span class='ocrx_word' id='word_1_889' title='bbox 1306 5196 1357 5250; x_wconf 91' lang='lat' dir='ltr'><strong>id</strong></span> <span class='ocrx_word' id='word_1_890' title='bbox 1381 5205 1512 5252; x_wconf 87' lang='lat' dir='ltr'><strong>esta</strong></span> <span class='ocrx_word' id='word_1_891' title='bbox 1537 5199 1677 5253; x_wconf 92' lang='lat' dir='ltr'><strong>serie</strong></span> <span class='ocrx_word' id='word_1_892' title='bbox 1691 5191 1805 5267; x_wconf 59' lang='lat' dir='ltr'><strong>&#39;per</strong></span> <span class='ocrx_word' id='word_1_893' title='bbox 1824 5214 1996 5252; x_wconf 89' lang='lat' dir='ltr'><strong>annos</strong></span> <span class='ocrx_word' id='word_1_894' title='bbox 2027 5199 2128 5252; x_wconf 82' lang='lat' dir='ltr'><strong>im-</strong></span> 
     </span>
    </p>
   </div>
   <div class='ocr_carea' id='block_1_132' title="bbox 554 5265 2130 5340">
    <p class='ocr_par' dir='ltr' id='par_1_132' title="bbox 554 5265 2130 5340">
     <span class='ocr_line' id='line_1_132' title="bbox 554 5265 2130 5340; baseline 0.011 -33"><span class='ocrx_word' id='word_1_895' title='bbox 554 5269 906 5340; x_wconf 58' lang='lat' dir='ltr'><strong>peraturum:</strong></span> <span class='ocrx_word' id='word_1_896' title='bbox 950 5265 1020 5319; x_wconf 86' lang='lat' dir='ltr'><strong>ita</strong></span> <span class='ocrx_word' id='word_1_897' title='bbox 1053 5265 1236 5320; x_wconf 76' lang='lat' dir='ltr'><strong>utres</strong></span> <span class='ocrx_word' id='word_1_898' title='bbox 1285 5279 1468 5340; x_wconf 81' lang='lat' dir='ltr'><strong>gestas</strong></span> <span class='ocrx_word' id='word_1_899' title='bbox 1505 5265 1782 5323; x_wconf 82' lang='lat' dir='ltr'><strong>contineat</strong></span> <span class='ocrx_word' id='word_1_900' title='bbox 1831 5269 1944 5324; x_wconf 87' lang='lat' dir='ltr'><strong>sola</strong></span> <span class='ocrx_word' id='word_1_901' title='bbox 1987 5271 2130 5326; x_wconf 89' lang='lat' dir='ltr'><strong>serie</strong></span> 
     </span>
    </p>
   </div>
   <div class='ocr_carea' id='block_1_133' title="bbox 551 5329 2132 5410">
    <p class='ocr_par' dir='ltr' id='par_1_133' title="bbox 551 5329 2132 5410">
     <span class='ocr_line' id='line_1_133' title="bbox 551 5329 2132 5410; baseline 0.003 -19"><span class='ocrx_word' id='word_1_902' title='bbox 551 5329 756 5410; x_wconf 59' lang='grc' dir='ltr'><strong>ειμηειῖ.</strong></span> <span class='ocrx_word' id='word_1_903' title='bbox 784 5346 890 5386; x_wconf 83' lang='lat' dir='ltr'><strong>non</strong></span> <span class='ocrx_word' id='word_1_904' title='bbox 912 5344 1090 5410; x_wconf 76' lang='lat' dir='ltr'><strong>autem</strong></span> <span class='ocrx_word' id='word_1_905' title='bbox 1117 5351 1243 5410; x_wconf 88' lang='lat' dir='ltr'><strong>cum</strong></span> <span class='ocrx_word' id='word_1_906' title='bbox 1260 5329 1408 5410; x_wconf 65' lang='lat' dir='ltr'><strong>scrie</strong></span> <span class='ocrx_word' id='word_1_907' title='bbox 1429 5341 1688 5393; x_wconf 87' lang='lat' dir='ltr'><strong>canonica</strong></span> <span class='ocrx_word' id='word_1_908' title='bbox 1719 5353 1812 5393; x_wconf 90' lang='lat' dir='ltr'><strong>seu</strong></span> <span class='ocrx_word' id='word_1_909' title='bbox 1834 5355 1930 5407; x_wconf 86' lang='lat' dir='ltr'><strong>per</strong></span> <span class='ocrx_word' id='word_1_910' title='bbox 1966 5354 2132 5395; x_wconf 89' lang='lat' dir='ltr'><strong>eano-</strong></span> 
     </span>
    </p>
   </div>
   <div class='ocr_carea' id='block_1_134' title="bbox 553 5405 2129 5473">
    <p class='ocr_par' dir='ltr' id='par_1_134' title="bbox 553 5405 2129 5473">
     <span class='ocr_line' id='line_1_134' title="bbox 553 5405 2129 5473; baseline 0.011 -24"><span class='ocrx_word' id='word_1_911' title='bbox 553 5409 673 5461; x_wconf 89' lang='lat' dir='ltr'><strong>nes,</strong></span> <span class='ocrx_word' id='word_1_912' title='bbox 691 5405 809 5455; x_wconf 85' lang='lat' dir='ltr'><strong>sive</strong></span> <span class='ocrx_word' id='word_1_913' title='bbox 839 5417 932 5470; x_wconf 90' lang='lat' dir='ltr'><strong>per</strong></span> <span class='ocrx_word' id='word_1_914' title='bbox 953 5405 1196 5460; x_wconf 88' lang='lat' dir='ltr'><strong>ordinem</strong></span> <span class='ocrx_word' id='word_1_915' title='bbox 1216 5408 1558 5463; x_wconf 90' lang='lat' dir='ltr'><strong>diversorum</strong></span> <span class='ocrx_word' id='word_1_916' title='bbox 1581 5405 1868 5473; x_wconf 83' lang='lat' dir='ltr'><strong>annorum,</strong></span> <span class='ocrx_word' id='word_1_917' title='bbox 1911 5424 2129 5466; x_wconf 85' lang='lat' dir='ltr'><strong>eornnr-</strong></span> 
     </span>
    </p>
   </div>
   <div class='ocr_carea' id='block_1_135' title="bbox 551 5475 2122 5551">
    <p class='ocr_par' dir='ltr' id='par_1_135' title="bbox 551 5475 2122 5551">
     <span class='ocr_line' id='line_1_135' title="bbox 551 5475 2122 5551; baseline 0.013 -34"><span class='ocrx_word' id='word_1_918' title='bbox 551 5479 659 5551; x_wconf 71' lang='lat' dir='ltr'><strong>que</strong></span> <span class='ocrx_word' id='word_1_919' title='bbox 693 5475 1152 5551; x_wconf 78' lang='lat' dir='ltr'><strong>comparationem</strong></span> <span class='ocrx_word' id='word_1_920' title='bbox 1186 5518 1202 5544; x_wconf 95' lang='lat'><strong>,</strong></span> <span class='ocrx_word' id='word_1_921' title='bbox 1249 5479 1405 5532; x_wconf 89' lang='lat' dir='ltr'><strong>sicuti</strong></span> <span class='ocrx_word' id='word_1_922' title='bbox 1452 5479 1512 5532; x_wconf 87' lang='lat' dir='ltr'><strong>lit</strong></span> <span class='ocrx_word' id='word_1_923' title='bbox 1557 5481 1697 5550; x_wconf 91' lang='lat' dir='ltr'><strong>apud</strong></span> <span class='ocrx_word' id='word_1_924' title='bbox 1729 5479 2044 5545; x_wconf 87' lang='lat' dir='ltr'><strong>Eusebium,</strong></span> <span class='ocrx_word' id='word_1_925' title='bbox 2078 5484 2122 5537; x_wconf 85' lang='lat' dir='ltr'><strong>si</strong></span> 
     </span>
    </p>
   </div>
   <div class='ocr_carea' id='block_1_136' title="bbox 551 5541 2124 5620">
    <p class='ocr_par' dir='ltr' id='par_1_136' title="bbox 551 5541 2124 5620">
     <span class='ocr_line' id='line_1_136' title="bbox 551 5541 2124 5620; baseline 0.015 -35"><span class='ocrx_word' id='word_1_926' title='bbox 551 5541 732 5620; x_wconf 57' lang='lat' dir='ltr'><strong>minus</strong></span> <span class='ocrx_word' id='word_1_927' title='bbox 763 5541 990 5608; x_wconf 89' lang='lat' dir='ltr'><strong>ubique,</strong></span> <span class='ocrx_word' id='word_1_928' title='bbox 1026 5541 1218 5620; x_wconf 74' lang='lat' dir='ltr'><strong>saltem</strong></span> <span class='ocrx_word' id='word_1_929' title='bbox 1253 5553 1305 5602; x_wconf 94' lang='lat' dir='ltr'><strong>ln</strong></span> <span class='ocrx_word' id='word_1_930' title='bbox 1351 5551 1541 5618; x_wconf 86' lang='lat' dir='ltr'><strong>majori</strong></span> <span class='ocrx_word' id='word_1_931' title='bbox 1594 5541 1749 5620; x_wconf 77' lang='lat' dir='ltr'><strong>parte</strong></span> <span class='ocrx_word' id='word_1_932' title='bbox 1791 5551 1937 5605; x_wconf 86' lang='lat' dir='ltr'><strong>libri.</strong></span> <span class='ocrx_word' id='word_1_933' title='bbox 1997 5541 2124 5608; x_wconf 86' lang='lat' dir='ltr'><strong>Ideo</strong></span> 
     </span>
    </p>
   </div>
   <div class='ocr_carea' id='block_1_137' title="bbox 548 5602 2121 5692">
    <p class='ocr_par' dir='ltr' id='par_1_137' title="bbox 548 5602 2121 5692">
     <span class='ocr_line' id='line_1_137' title="bbox 548 5602 2121 5692; baseline 0.01 -30"><span class='ocrx_word' id='word_1_934' title='bbox 548 5602 934 5692; x_wconf 35' lang='lat' dir='ltr'><strong>ﬂifi‘pnyni‘tis,</strong></span> <span class='ocrx_word' id='word_1_935' title='bbox 967 5602 1025 5692; x_wconf 76' lang='lat' dir='ltr'><strong>ut</strong></span> <span class='ocrx_word' id='word_1_936' title='bbox 1050 5614 1282 5692; x_wconf 78' lang='lat' dir='ltr'><strong>diximus</strong></span> <span class='ocrx_word' id='word_1_937' title='bbox 1303 5657 1317 5676; x_wconf 89' lang='lat'><strong>.</strong></span> <span class='ocrx_word' id='word_1_938' title='bbox 1338 5602 1484 5692; x_wconf 13' lang='lat' dir='ltr'><strong>ino&#39;n&#39;</strong></span> <span class='ocrx_word' id='word_1_939' title='bbox 1501 5602 1680 5676; x_wconf 40' lang='lat' dir='ltr'><strong>socrat—</strong></span> <span class='ocrx_word' id='word_1_940' title='bbox 1698 5602 1855 5676; x_wconf 74' lang='lat' dir='ltr'><strong>suum</strong></span> <span class='ocrx_word' id='word_1_941' title='bbox 1871 5602 1882 5605; x_wconf 37' lang='lat'>_</span> <span class='ocrx_word' id='word_1_942' title='bbox 1898 5602 2121 5692; x_wconf 64' lang='lat' dir='ltr'><strong>supple:</strong></span> 
     </span>
    </p>
   </div>
   <div class='ocr_carea' id='block_1_138' title="bbox 546 5675 2114 5758">
    <p class='ocr_par' dir='ltr' id='par_1_138' title="bbox 546 5675 2114 5758">
     <span class='ocr_line' id='line_1_138' title="bbox 546 5675 2114 5758; baseline 0.014 -32"><span class='ocrx_word' id='word_1_943' title='bbox 546 5675 790 5758; x_wconf 58' lang='lat' dir='ltr'><strong>meminit</strong></span> <span class='ocrx_word' id='word_1_944' title='bbox 825 5675 1116 5758; x_wconf 67' lang='lat' dir='ltr'><strong>Chronicon</strong></span> <span class='ocrx_word' id='word_1_945' title='bbox 1165 5675 1392 5758; x_wconf 74' lang='lat' dir='ltr'><strong>historia:</strong></span> <span class='ocrx_word' id='word_1_946' title='bbox 1436 5675 1715 5758; x_wconf 80' lang='lat' dir='ltr'><strong>canonum,</strong></span> <span class='ocrx_word' id='word_1_947' title='bbox 1763 5675 1856 5746; x_wconf 84' lang='lat' dir='ltr'><strong>sed</strong></span> <span class='ocrx_word' id='word_1_948' title='bbox 1904 5675 2114 5748; x_wconf 54' lang='lat' dir='ltr'><strong>tantrtim</strong></span> 
     </span>
    </p>
   </div>
   <div class='ocr_carea' id='block_1_139' title="bbox 541 5736 2116 5821">
    <p class='ocr_par' dir='ltr' id='par_1_139' title="bbox 541 5736 2116 5821">
     <span class='ocr_line' id='line_1_139' title="bbox 541 5736 2116 5821; baseline 0.018 -29"><span class='ocrx_word' id='word_1_949' title='bbox 541 5736 829 5797; x_wconf 74' lang='lat' dir='ltr'><strong>Chronicon</strong></span> <span class='ocrx_word' id='word_1_950' title='bbox 855 5746 1102 5806; x_wconf 76' lang='lat' dir='ltr'><strong>historice.</strong></span> <span class='ocrx_word' id='word_1_951' title='bbox 1161 5736 1289 5808; x_wconf 23' lang='lat' dir='ltr'><strong>ila—mi</strong></span> <span class='ocrx_word' id='word_1_952' title='bbox 1302 5736 2116 5821; x_wconf 70' lang='lat' dir='ltr'><strong>enim</strong></span> 
     </span>
    </p>
   </div>
   <div class='ocr_carea' id='block_1_140' title="bbox 2247 4563 3830 4636">
    <p class='ocr_par' dir='ltr' id='par_1_140' title="bbox 2247 4563 3830 4636">
     <span class='ocr_line' id='line_1_140' title="bbox 2247 4563 3830 4636; baseline -0.003 -11"><span class='ocrx_word' id='word_1_953' title='bbox 2247 4563 2414 4633; x_wconf 82' lang='lat' dir='ltr'><strong>docti,</strong></span> <span class='ocrx_word' id='word_1_954' title='bbox 2441 4587 2547 4625; x_wconf 90' lang='lat' dir='ltr'><strong>non</strong></span> <span class='ocrx_word' id='word_1_955' title='bbox 2579 4571 2751 4625; x_wconf 88' lang='lat' dir='ltr'><strong>solum</strong></span> <span class='ocrx_word' id='word_1_956' title='bbox 2799 4563 2901 4636; x_wconf 64' lang='lat' dir='ltr'><strong>qui</strong></span> <span class='ocrx_word' id='word_1_957' title='bbox 2931 4575 3209 4634; x_wconf 84' lang='lat' dir='ltr'><strong>exponunt</strong></span> <span class='ocrx_word' id='word_1_958' title='bbox 3255 4580 3492 4620; x_wconf 86' lang='lat' dir='ltr'><strong>canones</strong></span> <span class='ocrx_word' id='word_1_959' title='bbox 3519 4563 3830 4621; x_wconf 81' lang='lat' dir='ltr'><strong>Chronicos</strong></span> 
     </span>
    </p>
   </div>
   <div class='ocr_carea' id='block_1_141' title="bbox 2248 4639 3827 4707">
    <p class='ocr_par' dir='ltr' id='par_1_141' title="bbox 2248 4639 3827 4707">
     <span class='ocr_line' id='line_1_141' title="bbox 2248 4639 3827 4707; baseline -0.003 -11"><span class='ocrx_word' id='word_1_960' title='bbox 2248 4641 2323 4696; x_wconf 93' lang='lat' dir='ltr'><strong>nil</strong></span> <span class='ocrx_word' id='word_1_961' title='bbox 2355 4642 2497 4696; x_wconf 88' lang='lat' dir='ltr'><strong>aliud</strong></span> <span class='ocrx_word' id='word_1_962' title='bbox 2537 4655 2659 4696; x_wconf 90' lang='lat' dir='ltr'><strong>esse</strong></span> <span class='ocrx_word' id='word_1_963' title='bbox 2714 4639 2814 4692; x_wconf 89' lang='lat' dir='ltr'><strong>nisi</strong></span> <span class='ocrx_word' id='word_1_964' title='bbox 2855 4639 3290 4706; x_wconf 87' lang='lat' dir='ltr'><strong>supputationem</strong></span> <span class='ocrx_word' id='word_1_965' title='bbox 3333 4647 3662 4707; x_wconf 87' lang='lat' dir='ltr'><strong>temporum,</strong></span> <span class='ocrx_word' id='word_1_966' title='bbox 3704 4651 3827 4707; x_wconf 62' lang='lat' dir='ltr'><strong>quae</strong></span> 
     </span>
    </p>
   </div>
   <div class='ocr_carea' id='block_1_142' title="bbox 2245 4706 3825 4779">
    <p class='ocr_par' dir='ltr' id='par_1_142' title="bbox 2245 4706 3825 4779">
     <span class='ocr_line' id='line_1_142' title="bbox 2245 4706 3825 4779; baseline -0.002 -13"><span class='ocrx_word' id='word_1_967' title='bbox 2245 4707 2486 4767; x_wconf 86' lang='lat' dir='ltr'><strong>omnium</strong></span> <span class='ocrx_word' id='word_1_968' title='bbox 2515 4711 2857 4767; x_wconf 84' lang='lat' dir='ltr'><strong>historiarum</strong></span> <span class='ocrx_word' id='word_1_969' title='bbox 2885 4712 2955 4762; x_wconf 90' lang='lat' dir='ltr'><strong>sit</strong></span> <span class='ocrx_word' id='word_1_970' title='bbox 2978 4707 3141 4762; x_wconf 90' lang='lat' dir='ltr'><strong>veluti</strong></span> <span class='ocrx_word' id='word_1_971' title='bbox 3170 4723 3379 4774; x_wconf 87' lang='lat' dir='ltr'><strong>norma,</strong></span> <span class='ocrx_word' id='word_1_972' title='bbox 3411 4708 3508 4764; x_wconf 89' lang='lat' dir='ltr'><strong>sed</strong></span> <span class='ocrx_word' id='word_1_973' title='bbox 3536 4706 3702 4762; x_wconf 89' lang='lat' dir='ltr'><strong>etiam</strong></span> <span class='ocrx_word' id='word_1_974' title='bbox 3727 4706 3825 4779; x_wconf 85' lang='lat' dir='ltr'><strong>qui</strong></span> 
     </span>
    </p>
   </div>
   <div class='ocr_carea' id='block_1_143' title="bbox 2247 4779 3383 4852">
    <p class='ocr_par' dir='ltr' id='par_1_143' title="bbox 2247 4779 3383 4852">
     <span class='ocr_line' id='line_1_143' title="bbox 2247 4779 3383 4852; baseline -0.006 -14"><span class='ocrx_word' id='word_1_975' title='bbox 2247 4785 2385 4838; x_wconf 89' lang='lat' dir='ltr'><strong>hanc</strong></span> <span class='ocrx_word' id='word_1_976' title='bbox 2411 4783 2804 4852; x_wconf 78' lang='lat' dir='ltr'><strong>expositionem</strong></span> <span class='ocrx_word' id='word_1_977' title='bbox 2837 4779 3050 4852; x_wconf 75' lang='lat' dir='ltr'><strong>caeteris</strong></span> <span class='ocrx_word' id='word_1_978' title='bbox 3073 4782 3383 4852; x_wconf 66' lang='lat' dir='ltr'><strong>praeferunt.</strong></span> 
     </span>
    </p>
   </div>
   <div class='ocr_carea' id='block_1_144' title="bbox 2317 4849 3823 4913">
    <p class='ocr_par' dir='ltr' id='par_1_144' title="bbox 2317 4849 3823 4913">
     <span class='ocr_line' id='line_1_144' title="bbox 2317 4849 3823 4913; baseline -0.004 -3"><span class='ocrx_word' id='word_1_979' title='bbox 2317 4849 2582 4910; x_wconf 64' lang='lat' dir='ltr'><strong>(Steterunt</strong></span> <span class='ocrx_word' id='word_1_980' title='bbox 2631 4869 2737 4907; x_wconf 91' lang='lat' dir='ltr'><strong>non</strong></span> <span class='ocrx_word' id='word_1_981' title='bbox 2764 4850 2901 4905; x_wconf 90' lang='lat' dir='ltr'><strong>levis</strong></span> <span class='ocrx_word' id='word_1_982' title='bbox 2942 4860 3065 4904; x_wconf 87' lang='lat' dir='ltr'><strong>nata</strong></span> <span class='ocrx_word' id='word_1_983' title='bbox 3108 4860 3190 4904; x_wconf 90' lang='lat' dir='ltr'><strong>est</strong></span> <span class='ocrx_word' id='word_1_984' title='bbox 3234 4849 3546 4913; x_wconf 77' lang='lat' dir='ltr'><strong>difficultas,</strong></span> <span class='ocrx_word' id='word_1_985' title='bbox 3586 4863 3823 4905; x_wconf 88' lang='lat' dir='ltr'><strong>censen-</strong></span> 
     </span>
    </p>
   </div>
   <div class='ocr_carea' id='block_1_145' title="bbox 2245 4919 3826 4991">
    <p class='ocr_par' dir='ltr' id='par_1_145' title="bbox 2245 4919 3826 4991">
     <span class='ocr_line' id='line_1_145' title="bbox 2245 4919 3826 4991; baseline -0.002 -11"><span class='ocrx_word' id='word_1_986' title='bbox 2245 4926 2418 4981; x_wconf 88' lang='lat' dir='ltr'><strong>dusne</strong></span> <span class='ocrx_word' id='word_1_987' title='bbox 2446 4928 2516 4979; x_wconf 88' lang='lat' dir='ltr'><strong>sit</strong></span> <span class='ocrx_word' id='word_1_988' title='bbox 2542 4925 2629 4979; x_wconf 93' lang='lat' dir='ltr'><strong>hic</strong></span> <span class='ocrx_word' id='word_1_989' title='bbox 2658 4923 2813 4984; x_wconf 86' lang='lat' dir='ltr'><strong>liber.</strong></span> <span class='ocrx_word' id='word_1_990' title='bbox 2855 4935 3014 4989; x_wconf 84' lang='lat' dir='ltr'><strong>quem</strong></span> <span class='ocrx_word' id='word_1_991' title='bbox 3049 4920 3412 4991; x_wconf 81' lang='lat' dir='ltr'><strong>aggredimur,</strong></span> <span class='ocrx_word' id='word_1_992' title='bbox 3443 4919 3564 4975; x_wconf 89' lang='lat' dir='ltr'><strong>sola</strong></span> <span class='ocrx_word' id='word_1_993' title='bbox 3601 4919 3826 4976; x_wconf 82' lang='lat' dir='ltr'><strong>historia</strong></span> 
     </span>
    </p>
   </div>
   <div class='ocr_carea' id='block_1_146' title="bbox 2236 4991 3825 5059">
    <p class='ocr_par' dir='ltr' id='par_1_146' title="bbox 2236 4991 3825 5059">
     <span class='ocr_line' id='line_1_146' title="bbox 2236 4991 3825 5059; baseline -0.005 -6"><span class='ocrx_word' id='word_1_994' title='bbox 2236 4999 2529 5053; x_wconf 80' lang='lat' dir='ltr'><strong>omnimodo</strong></span> <span class='ocrx_word' id='word_1_995' title='bbox 2540 4997 2910 5052; x_wconf 87' lang='lat' dir='ltr'><strong>Chronicorunt</strong></span> <span class='ocrx_word' id='word_1_996' title='bbox 2925 4993 3287 5057; x_wconf 87' lang='lat' dir='ltr'><strong>canonum,vel</strong></span> <span class='ocrx_word' id='word_1_997' title='bbox 3307 4993 3483 5059; x_wconf 86' lang='lat' dir='ltr'><strong>ipsum</strong></span> <span class='ocrx_word' id='word_1_998' title='bbox 3498 4991 3825 5057; x_wconf 84' lang='lat' dir='ltr'><strong>Chronicon;</strong></span> 
     </span>
    </p>
   </div>
   <div class='ocr_carea' id='block_1_147' title="bbox 2233 5063 3821 5136">
    <p class='ocr_par' dir='ltr' id='par_1_147' title="bbox 2233 5063 3821 5136">
     <span class='ocr_line' id='line_1_147' title="bbox 2233 5063 3821 5136; baseline -0.004 -11"><span class='ocrx_word' id='word_1_999' title='bbox 2233 5085 2300 5125; x_wconf 87' lang='lat' dir='ltr'><strong>an</strong></span> <span class='ocrx_word' id='word_1_1000' title='bbox 2329 5070 2491 5121; x_wconf 88' lang='lat' dir='ltr'><strong>etiam</strong></span> <span class='ocrx_word' id='word_1_1001' title='bbox 2523 5068 2639 5136; x_wconf 76' lang='lat' dir='ltr'><strong>sola</strong></span> <span class='ocrx_word' id='word_1_1002' title='bbox 2682 5082 2859 5119; x_wconf 85' lang='lat' dir='ltr'><strong>eorum</strong></span> <span class='ocrx_word' id='word_1_1003' title='bbox 2907 5063 3163 5135; x_wconf 85' lang='lat' dir='ltr'><strong>Epitotne,</strong></span> <span class='ocrx_word' id='word_1_1004' title='bbox 3213 5079 3305 5136; x_wconf 84' lang='lat' dir='ltr'><strong>an_</strong></span> <span class='ocrx_word' id='word_1_1005' title='bbox 3324 5076 3454 5136; x_wconf 80' lang='lat' dir='ltr'><strong>vero</strong></span> <span class='ocrx_word' id='word_1_1006' title='bbox 3502 5071 3821 5132; x_wconf 87' lang='lat' dir='ltr'><strong>utrumque,</strong></span> 
     </span>
    </p>
   </div>
   <div class='ocr_carea' id='block_1_148' title="bbox 2234 5133 3817 5209">
    <p class='ocr_par' dir='ltr' id='par_1_148' title="bbox 2234 5133 3817 5209">
     <span class='ocr_line' id='line_1_148' title="bbox 2234 5133 3817 5209; baseline -0.003 -17"><span class='ocrx_word' id='word_1_1007' title='bbox 2234 5155 2356 5192; x_wconf 90' lang='lat' dir='ltr'><strong>cum</strong></span> <span class='ocrx_word' id='word_1_1008' title='bbox 2388 5133 2767 5209; x_wconf 79' lang='lat' dir='ltr'><strong>Hieronymus,</strong></span> <span class='ocrx_word' id='word_1_1009' title='bbox 2803 5133 3163 5209; x_wconf 82' lang='lat' dir='ltr'><strong>Sophronias,</strong></span> <span class='ocrx_word' id='word_1_1010' title='bbox 3192 5143 3244 5188; x_wconf 90' lang='lat' dir='ltr'><strong>et</strong></span> <span class='ocrx_word' id='word_1_1011' title='bbox 3275 5133 3472 5209; x_wconf 84' lang='lat' dir='ltr'><strong>Suidas</strong></span> <span class='ocrx_word' id='word_1_1012' title='bbox 3521 5143 3817 5209; x_wconf 60' lang='lat' dir='ltr'><strong>gestemur,</strong></span> 
     </span>
    </p>
   </div>
   <div class='ocr_carea' id='block_1_149' title="bbox 2236 5202 3820 5278">
    <p class='ocr_par' dir='ltr' id='par_1_149' title="bbox 2236 5202 3820 5278">
     <span class='ocr_line' id='line_1_149' title="bbox 2236 5202 3820 5278; baseline -0.003 -14"><span class='ocrx_word' id='word_1_1013' title='bbox 2236 5209 2526 5264; x_wconf 78' lang='lat' dir='ltr'><strong>Eusebium</strong></span> <span class='ocrx_word' id='word_1_1014' title='bbox 2548 5202 2852 5278; x_wconf 73' lang='lat' dir='ltr'><strong>scripsisse.</strong></span> <span class='ocrx_word' id='word_1_1015' title='bbox 2881 5202 2942 5261; x_wconf 79' lang='lat' dir='ltr'><strong>et</strong></span> <span class='ocrx_word' id='word_1_1016' title='bbox 2976 5205 3242 5260; x_wconf 84' lang='lat' dir='ltr'><strong>historiam</strong></span> <span class='ocrx_word' id='word_1_1017' title='bbox 3270 5203 3622 5278; x_wconf 75' lang='lat' dir='ltr'><strong>omnimodam</strong></span> <span class='ocrx_word' id='word_1_1018' title='bbox 3649 5202 3820 5260; x_wconf 85' lang='lat' dir='ltr'><strong>Chro-</strong></span> 
     </span>
    </p>
   </div>
   <div class='ocr_carea' id='block_1_150' title="bbox 2234 5275 3818 5344">
    <p class='ocr_par' dir='ltr' id='par_1_150' title="bbox 2234 5275 3818 5344">
     <span class='ocr_line' id='line_1_150' title="bbox 2234 5275 3818 5344; baseline -0.003 -10"><span class='ocrx_word' id='word_1_1019' title='bbox 2234 5281 2489 5343; x_wconf 85' lang='lat' dir='ltr'><strong>nicorum,</strong></span> <span class='ocrx_word' id='word_1_1020' title='bbox 2519 5292 2565 5337; x_wconf 83' lang='lat' dir='ltr'><strong>et</strong></span> <span class='ocrx_word' id='word_1_1021' title='bbox 2589 5275 2763 5336; x_wconf 74' lang='lat' dir='ltr'><strong>eorum</strong></span> <span class='ocrx_word' id='word_1_1022' title='bbox 2784 5277 3075 5344; x_wconf 81' lang='lat' dir='ltr'><strong>Epitomen,</strong></span> <span class='ocrx_word' id='word_1_1023' title='bbox 3094 5287 3255 5344; x_wconf 89' lang='lat' dir='ltr'><strong>atque</strong></span> <span class='ocrx_word' id='word_1_1024' title='bbox 3282 5275 3412 5330; x_wconf 91' lang='lat' dir='ltr'><strong>illud</strong></span> <span class='ocrx_word' id='word_1_1025' title='bbox 3434 5275 3526 5344; x_wconf 79' lang='lat' dir='ltr'><strong>(et)</strong></span> <span class='ocrx_word' id='word_1_1026' title='bbox 3550 5290 3718 5329; x_wconf 89' lang='lat' dir='ltr'><strong>unum</strong></span> <span class='ocrx_word' id='word_1_1027' title='bbox 3748 5282 3818 5330; x_wconf 85' lang='lat' dir='ltr'><strong>ab</strong></span> 
     </span>
    </p>
   </div>
   <div class='ocr_carea' id='block_1_151' title="bbox 2234 5345 3817 5422">
    <p class='ocr_par' dir='ltr' id='par_1_151' title="bbox 2234 5345 3817 5422">
     <span class='ocr_line' id='line_1_151' title="bbox 2234 5345 3817 5422; baseline -0.002 -18"><span class='ocrx_word' id='word_1_1028' title='bbox 2234 5352 2408 5406; x_wconf 90' lang='lat' dir='ltr'><strong>altero</strong></span> <span class='ocrx_word' id='word_1_1029' title='bbox 2448 5353 2770 5422; x_wconf 79' lang='lat' dir='ltr'><strong>distinguat.</strong></span> <span class='ocrx_word' id='word_1_1030' title='bbox 2825 5349 3077 5422; x_wconf 81' lang='lat' dir='ltr'><strong>J0an_ncs_</strong></span> <span class='ocrx_word' id='word_1_1031' title='bbox 3109 5345 3386 5422; x_wconf 75' lang='lat' dir='ltr'><strong>Curterius</strong></span> <span class='ocrx_word' id='word_1_1032' title='bbox 3421 5345 3500 5422; x_wconf 75' lang='lat' dir='ltr'><strong>__in_</strong></span> <span class='ocrx_word' id='word_1_1033' title='bbox 3553 5348 3817 5422; x_wconf 76' lang='lat' dir='ltr'><strong>epistola,</strong></span> 
     </span>
    </p>
   </div>
   <div class='ocr_carea' id='block_1_152' title="bbox 2235 5417 3821 5490">
    <p class='ocr_par' dir='ltr' id='par_1_152' title="bbox 2235 5417 3821 5490">
     <span class='ocr_line' id='line_1_152' title="bbox 2235 5417 3821 5490; baseline 0.001 -19"><span class='ocrx_word' id='word_1_1034' title='bbox 2235 5436 2397 5490; x_wconf 86' lang='lat' dir='ltr'><strong>quam</strong></span> <span class='ocrx_word' id='word_1_1035' title='bbox 2434 5417 2661 5490; x_wconf 75' lang='lat' dir='ltr'><strong>pra-lixit</strong></span> <span class='ocrx_word' id='word_1_1036' title='bbox 2691 5417 3254 5490; x_wconf 71' lang='lat' dir='ltr'><strong>iragmeutis_Eusebii</strong></span> <span class='ocrx_word' id='word_1_1037' title='bbox 3285 5418 3338 5470; x_wconf 93' lang='lat' dir='ltr'><strong>in</strong></span> <span class='ocrx_word' id='word_1_1038' title='bbox 3369 5417 3616 5490; x_wconf 66' lang='lat' dir='ltr'><strong>editione</strong></span> <span class='ocrx_word' id='word_1_1039' title='bbox 3646 5418 3821 5474; x_wconf 88' lang='lat' dir='ltr'><strong>libro-</strong></span> 
     </span>
    </p>
   </div>
   <div class='ocr_carea' id='block_1_153' title="bbox 2233 5487 3820 5553">
    <p class='ocr_par' dir='ltr' id='par_1_153' title="bbox 2233 5487 3820 5553">
     <span class='ocr_line' id='line_1_153' title="bbox 2233 5487 3820 5553; baseline 0.001 -8"><span class='ocrx_word' id='word_1_1040' title='bbox 2233 5487 2351 5545; x_wconf 79' lang='lat' dir='ltr'><strong>rum</strong></span> <span class='ocrx_word' id='word_1_1041' title='bbox 2377 5487 2631 5547; x_wconf 76' lang='lat' dir='ltr'><strong>Historiae</strong></span> <span class='ocrx_word' id='word_1_1042' title='bbox 2660 5487 2973 5547; x_wconf 80' lang='lat' dir='ltr'><strong>Ecclesiast.</strong></span> <span class='ocrx_word' id='word_1_1043' title='bbox 2997 5487 3242 5549; x_wconf 84' lang='lat' dir='ltr'><strong>Eusebii,</strong></span> <span class='ocrx_word' id='word_1_1044' title='bbox 3260 5501 3405 5540; x_wconf 89' lang='lat' dir='ltr'><strong>anno</strong></span> <span class='ocrx_word' id='word_1_1045' title='bbox 3429 5487 3590 5553; x_wconf 77' lang='lat' dir='ltr'><strong>l57l,</strong></span> <span class='ocrx_word' id='word_1_1046' title='bbox 3622 5491 3820 5546; x_wconf 84' lang='lat' dir='ltr'><strong>asserit</strong></span> 
     </span>
    </p>
   </div>
   <div class='ocr_carea' id='block_1_154' title="bbox 2227 5557 3815 5632">
    <p class='ocr_par' dir='ltr' id='par_1_154' title="bbox 2227 5557 3815 5632">
     <span class='ocr_line' id='line_1_154' title="bbox 2227 5557 3815 5632; baseline -0.001 -19"><span class='ocrx_word' id='word_1_1047' title='bbox 2227 5561 2397 5616; x_wconf 91' lang='lat' dir='ltr'><strong>solam</strong></span> <span class='ocrx_word' id='word_1_1048' title='bbox 2429 5563 2711 5632; x_wconf 89' lang='lat' dir='ltr'><strong>Epitomen</strong></span> <span class='ocrx_word' id='word_1_1049' title='bbox 2745 5561 2899 5616; x_wconf 90' lang='lat' dir='ltr'><strong>nobis</strong></span> <span class='ocrx_word' id='word_1_1050' title='bbox 2927 5573 3234 5630; x_wconf 86' lang='lat' dir='ltr'><strong>superesse,</strong></span> <span class='ocrx_word' id='word_1_1051' title='bbox 3285 5557 3606 5632; x_wconf 62' lang='lat' dir='ltr'><strong>Chronictgs</strong></span> <span class='ocrx_word' id='word_1_1052' title='bbox 3629 5570 3815 5632; x_wconf 84' lang='lat' dir='ltr'><strong>autem</strong></span> 
     </span>
    </p>
   </div>
   <div class='ocr_carea' id='block_1_155' title="bbox 2227 5629 3817 5702">
    <p class='ocr_par' dir='ltr' id='par_1_155' title="bbox 2227 5629 3817 5702">
     <span class='ocr_line' id='line_1_155' title="bbox 2227 5629 3817 5702; baseline 0 -18"><span class='ocrx_word' id='word_1_1053' title='bbox 2227 5629 2488 5686; x_wconf 71' lang='lat' dir='ltr'><strong>canones</strong></span> <span class='ocrx_word' id='word_1_1054' title='bbox 2510 5633 2798 5698; x_wconf 80' lang='lat' dir='ltr'><strong>excidisse,</strong></span> <span class='ocrx_word' id='word_1_1055' title='bbox 2831 5629 3147 5700; x_wconf 84' lang='lat' dir='ltr'><strong>argumento</strong></span> <span class='ocrx_word' id='word_1_1056' title='bbox 3177 5638 3393 5702; x_wconf 82' lang='lat' dir='ltr'><strong>sumpto</strong></span> <span class='ocrx_word' id='word_1_1057' title='bbox 3428 5644 3499 5683; x_wconf 81' lang='lat' dir='ltr'><strong>ex</strong></span> <span class='ocrx_word' id='word_1_1058' title='bbox 3530 5629 3640 5702; x_wconf 84' lang='lat' dir='ltr'><strong>illis</strong></span> <span class='ocrx_word' id='word_1_1059' title='bbox 3675 5631 3817 5702; x_wconf 80' lang='lat' dir='ltr'><strong>frag-</strong></span> 
     </span>
    </p>
   </div>
   <div class='ocr_carea' id='block_1_156' title="bbox 2226 5699 3817 5773">
    <p class='ocr_par' dir='ltr' id='par_1_156' title="bbox 2226 5699 3817 5773">
     <span class='ocr_line' id='line_1_156' title="bbox 2226 5699 3817 5773; baseline 0.002 -18"><span class='ocrx_word' id='word_1_1060' title='bbox 2226 5704 2444 5773; x_wconf 72' lang='lat' dir='ltr'><strong>ruentis,</strong></span> <span class='ocrx_word' id='word_1_1061' title='bbox 2469 5719 2589 5773; x_wconf 79' lang='lat' dir='ltr'><strong>qua:</strong></span> <span class='ocrx_word' id='word_1_1062' title='bbox 2619 5707 2856 5757; x_wconf 91' lang='lat' dir='ltr'><strong>citantur</strong></span> <span class='ocrx_word' id='word_1_1063' title='bbox 2882 5699 2949 5756; x_wconf 87' lang='lat' dir='ltr'><strong>ah</strong></span> <span class='ocrx_word' id='word_1_1064' title='bbox 2985 5701 3271 5773; x_wconf 74' lang='lat' dir='ltr'><strong>Anastasio</strong></span> <span class='ocrx_word' id='word_1_1065' title='bbox 3299 5699 3559 5773; x_wconf 56' lang='lat' dir='ltr'><strong>episcopo</strong></span> <span class='ocrx_word' id='word_1_1066' title='bbox 3590 5699 3817 5758; x_wconf 70' lang='lat' dir='ltr'><strong>Memno</strong></span> 
     </span>
    </p>
   </div>
   <div class='ocr_carea' id='block_1_157' title="bbox 2223 5768 3811 5844">
    <p class='ocr_par' dir='ltr' id='par_1_157' title="bbox 2223 5768 3811 5844">
     <span class='ocr_line' id='line_1_157' title="bbox 2223 5768 3811 5844; baseline 0.003 -20"><span class='ocrx_word' id='word_1_1067' title='bbox 2223 5770 2320 5825; x_wconf 89' lang='lat' dir='ltr'><strong>ltb.</strong></span> <span class='ocrx_word' id='word_1_1068' title='bbox 2351 5768 2540 5844; x_wconf 59' lang='lat' dir='ltr'><strong>quaas&#39;t.</strong></span> <span class='ocrx_word' id='word_1_1069' title='bbox 2569 5775 2623 5829; x_wconf 91' lang='lat' dir='ltr'><strong>in</strong></span> <span class='ocrx_word' id='word_1_1070' title='bbox 2647 5775 2703 5830; x_wconf 81' lang='lat' dir='ltr'><strong>S‘.</strong></span> <span class='ocrx_word' id='word_1_1071' title='bbox 2727 5774 3055 5841; x_wconf 88' lang='lat' dir='ltr'><strong>Scripturam</strong></span> <span class='ocrx_word' id='word_1_1072' title='bbox 3078 5785 3142 5825; x_wconf 80' lang='lat' dir='ltr'><strong>ex</strong></span> <span class='ocrx_word' id='word_1_1073' title='bbox 3160 5770 3392 5827; x_wconf 82' lang='lat' dir='ltr'><strong>Eusebio</strong></span> <span class='ocrx_word' id='word_1_1074' title='bbox 3419 5771 3470 5824; x_wconf 91' lang='lat' dir='ltr'><strong>in</strong></span> <span class='ocrx_word' id='word_1_1075' title='bbox 3496 5768 3811 5840; x_wconf 83' lang='lat' dir='ltr'><strong>Chronieis,</strong></span> 
     </span>
    </p>
   </div>
  </div>
