4018 6352
210 370 318 427 7M

1154 368 1269 424 AB.
1313 362 1609 427 PONTACI
1646 366 2195 430 CASTIGATIONES
2235 373 2325 431 ET
2366 370 2597 433 ΝΟΤΕ.

3408 386 3512 443 752

214 486 510 565 chronicis
558 485 627 538 ah
664 483 855 540 eodem
886 482 1035 565 Petr.
1070 496 1176 537 an.~
1207 484 1369 565 133$,
1418 485 1825 565 mensehla‘rtio
1851 484 1902 551 Α
1932 497 2220 565 scrutator,
2250 492 2450 560 quique
2479 505 2593 565 sua:
2612 501 2871 562 spectata:
2893 493 3216 565 integritatis
3244 506 3298 552 et
3327 501 3510 558 crudi-

222 557 399 630 priori
435 557 516 630 illi
539 567 603 630 et
626 568 873 630 typorum
907 554 1101 613 forma,
1127 564 1181 609 et
1213 559 1421 630 paginae
1444 557 1820 630 magnitudine

220 628 364 699 pene
406 628 610 689 simile,
655 629 862 682 auctius
908 635 1085 699 tamen
1127 640 1207 699 est
1254 628 1454 697 duplici
1496 629 1690 683 indice.
1727 630 1822 684 llis

222 696 647 769 annumerarem
693 700 940 769 tertium,
982 698 1137 767 cujus
1168 696 1444 754 Gesncrus
1482 699 1535 752 in
1571 701 1818 769 Epitome

221 788 336 827 suae
390 768 742 824 Bibliotheca:
786 767 911 822 facit
964 768 1336 834 mentionem,
1389 771 1571 838 aitque
1617 767 1820 826 editum

221 842 394 898 fuisse
416 857 521 913 per
542 842 792 896 eumdem
812 840 1106 913 llenricum
1133 840 1357 895 Petrum
1386 857 1484 913 an.
1511 840 1669 908 1542,
1695 840 1821 913 quia

223 910 431 970 tamen
458 910 525 966 ad
575 926 680 966 nos
713 927 819 965 non
853 911 1129 980 pervenit,
1160 921 1214 965 et
1254 924 1335 965 est
1373 912 1669 971 verisimile
1713 910 1819 968 non

222 1000 349 1040 esse
375 983 593 1039 ca‘teris
615 982 902 1048 dissimile,
934 981 1068 1035 illud
1098 981 1308 1037 idcirco
1331 984 1816 1049 prmtermittimus.

295 1054 397 1111 Fa.
453 1054 820 1108 Fabritianum
856 1069 973 1125 his.
1023 1054 1433 1125 elegantissime
1489 1053 1819 1125 descriptum

224 1126 426 1181 litteris
474 1126 644 1191 nigris
698 1123 1085 1187 vermiculatit,
1140 1133 1195 1178 et
1243 1123 1488 1189 Iazuleis,
1533 1123 1821 1181 continens

225 1198 330 1252 tria
358 1195 622 1251 Chronica
652 1195 905 1267 Eusebii,
942 1193 1283 1266 Hieronymi,
1320 1203 1374 1250 et
1400 1194 1672 1267 Prosperi.
1696 1196 1819 1267 illoc

224 1268 394 1323 habet
441 1268 714 1335 singulare
764 1266 907 1335 quod
944 1267 1063 1320 vice
1109 1279 1381 1320 annorum
1428 1266 1496 1319 ab
1540 1266 1817 1322 ’Ahraham

225 1348 392 1408 atque
433 1354 460 1390 a
492 1339 736 1406 Christo,
768 1337 932 1391 habet
972 1350 1159 1409 annos
1187 1336 1256 1391 ab
1295 1336 1428 1409 orbe
1472 1337 1688 1393 condito
1724 1354 1822 1409 per

192 1407 483 1475 -decadas,
538 1409 855 1477 nullumque
900 1418 983 1461 est
1021 1407 1165 1478 quod
1214 1407 1441 1476 propius
1483 1407 1819 1464 accedat‘ad

227 1481 400 1545 edita,
448 1491 550 1535 tam
591 1479 768 1548 quoad
816 1479 1123 1543 historiam,
1156 1493 1315 1547 quam
1365 1480 1541 1547 quoad
1586 1481 1821 1535 clnono-

224 1551 513 1622 graphiam
540 1568 551 1602 :
581 1550 727 1622 quod
748 1550 968 1622 domum
993 1560 1275 1622 acceptum
1314 1548 1539 1622 ferimus
1576 1552 1635 1604 ι).
1662 1550 1820 1607 Nico~

224 1619 524 1676 lao'Fabro
554 1619 790 1677 senatori
819 1621 1117 1676 Parisiensi
1150 1637 1204 1675 v.
1234 1636 1283 1676 c.
1318 1619 1410 1689 qui
1438 1623 1666 1689 pietate,
1697 1637 1820 1678 eiu-

227 1693 439 1748 ditione
457 1703 513 1748 et
545 1694 885 1764 antiquitatis
914 1692 1267 1764 intelligentia
1299 1693 1447 1745 velut
1470 1692 1633 1762 juhar
1657 1703 1820 1750 cmte-

225 1764 308 1819 ris
339 1762 695 1831 praslucens,'
716 1764 817 1831 piis
846 1764 1098 1818 omnibus
1124 1778 1189 1818 ac
1220 1762 1477 1817 litteratis
1508 1772 1593 1819 est
1622 1764 1821 1820 charus

227 1844 287 1888 et
316 1836 752 1900 commendatus,
799 1835 853 1889 in
895 1835 1090 1903 quibus
1134 1841 1218 1889 est
1263 1849 1508 1889 summus
1548 1836 1817 1892 Baronius

223 1905 400 1959 variis
421 1905 473 1959 in
500 1906 635 1960 locis
664 1924 677 1962 :
701 1906 805 1959 hoc
827 1906 872 1959 is
901 1906 1185 1969 benevole,
1209 1920 1318 1974 quo
1343 1920 1441 1959 nos
1462 1914 1518 1960 et
1544 1907 1818 1965 studiosos

226 1990 426 2031 omnes
455 1976 658 2032 arctius
687 1977 787 2032 sibi
819 1976 1169 2045 astringeret,
1195 1975 1516 2030 mittendum
1540 1977 1707 2032 dedit.

302 2045 441 2102 Fux.
475 2046 718 2102 Fuxense
745 2063 844 2101 ms.
884 2045 1091 2102 habens
1118 2046 1231 2101 sola
1281 2046 1549 2101 Chronica
1594 2047 1820 2105 Eusebii

224 2126 288 2191 et
310 2118 650 2191 llieronymi,
690 2118 832 2191 quod
860 2117 1014 2191 nobis
1043 2133 1073 2172 e
1104 2117 1305 2191 celebri
1330 2116 1665 2191 bibliotheca
1709 2121 1820 2174 eol—

227 2189 357 2260 legii
382 2187 648 2247 Fuxensis
672 2188 968 2245 Tholosani
995 2187 1223 2260 prodiit,
1240 2195 1300 2260 et_
1312 2188 1568 2260 singulari
1594 2205 1820 2248 munere

227 2257 573 2317 alumnorum
622 2261 797 2327 illius,
849 2268 904 2317 et.
945 2259 1226 2330 diligentia
1274 2257 1819 2330 JoannisSabaterii

224 2334 507 2388 senatoris
533 2331 854 2400 Tholosani,
905 2328 1213 2386 charissimi
1258 2329 1471 2385 sororis
1497 2328 1596 2386 lilii
1623 2333 1688 2386 ad
1719 2347 1819 2389 nos

306 2405 500 2460 rvenit.

306 2420 364 2457 l‘V
403 2418 500 2458 ηιι.

228 2418 399 2530 pel]?
417 2474 790 2530 Heuriciauum
837 2489 932 2529 seu
982 2472 1279 2529 Basiliense
1320 2472 1379 2538 5,
1428 2488 1685 2529 excusum
1718 2473 1820 2530 Ba-

229 2544 407 2607 sileas,
437 2548 506 2601 ab
548 2547 740 2601 eodem
774 2544 1007 2600 Henrico
1031 2543 1195 2599 Petro
1215 2559 1344 2607 ann,
1374 2544 1535 2613 1570,
1565 2561 1668 2600 una
1693 2561 1818 2602 cum

229 2616 492 2684 operibus
517 2616 758 2685 Eusebii,
783 2616 1028 2683 ejusdem
1051 2616 1239 2671 forma:
1266 2630 1386 2669 eum
1422 2615 1817 2686 superioribus,

228 2686 390 2756 cujus
418 2688 578 2742 etiam
610 2689 859 2744 meminit
885 2687 1158 2742 Gesnerus
1182 2688 1233 2741 in
1264 2686 1615 2743 BibliOtlieca.

305 2756 370 2811 L.
403 2757 759 2814 Lemovicense
779 2774 878 2813 ms.
902 2774 1023 2813 cum
1053 2759 1183 2812 solis
1211 2758 1489 2814 Chronicis
1515 2759 1734 2815 Eusebii
1764 2770 1817 2817 et

226 2827 570 2900 Hieronymi,
609 2832 794 2886 datum
833 2832 963 2884 olim
1009 2828 1267 2900 utendum
1304 2845 1341 2900 a7
1363 2828 1572 2886 Joanne
1614 2834 1818 2888 Aurato

230 2910 392 2968 poeta
421 2898 781 2957 celeberrimo
801 2915 868 2956 ac
886 2901 1059 2971 regio,
1078 2898 1307 2957 Lutetia:
1334 2899 1637 2957 litterarum
1666 2902 1816 2960 Grae-

229 2986 422 3043 carum
450 2972 759 3043 clarissimo
790 2972 1118 3043 proiessore.

304 3041 401 3097 L0.
432 3042 739 3099 Lodonense
767 3041 864 3098 nu.
896 3057 1016 3098 cum
1055 3043 1226 3098 tribus
1251 3041 1535 3099 Cltronicis
1563 3044 1812 3115 Eusebii,

221 3112 570 3186 Hieronymi,
606 3124 673 3186 et
714 3114 989 3184 Prosperi,
1019 3114 1339 3186 missumab
1374 3115 1614 3184 erudito,
1647 3125 1702 3171 et
1724 3112 1815 3186 pio

223 3184 354 3238 viro
374 3184 688 3241 Alexandro
725 3185 985 3255 Georgio,
1020 3185 1335 3255 provinciali
1380 3186 1655 3241 societatis
1685 3184 1814 3243 Je’su

1847 1874 1895 1937 B

1930 560 2094 614 tionis
2126 561 2455 633 luculentum
2487 563 2537 615 in
2570 560 2855 633 Aquitania
2883 560 3067 620 nostra
3086 568 3234 623 dedit
3262 573 3505 625 testimo-

1925 636 2097 707 num,
2122 645 2247 707 cum
2288 632 2532 707 advocati
2558 632 2688 702 regii
2716 651 2942 707 munere
2972 636 3306 707 fungeretur,
3341 644 3391 696 iu
3415 642 3505 699 illa

1922 702 2259 783 amplissima
2281 704 2835 783 decuriasenatornm
2855 702 3237 783 Parisiensium
3264 702 3318 765 in
3345 715 3506 783 Aqui-

1925 773 2123 845 taniam
2156 786 2187 826 a
2215 787 2359 845 rege
2390 774 2456 828 ad
2503 776 2591 845 jus
2621 775 2910 832 dicendum
2954 780 3118 834 missa
3166 784 3291 835 an‘te
3336 773 3508 841 annos

1919 840 2025 908 25,
2054 857 2125 897 ne
2152 840 2543 912 rempublicam
2577 845 2898 902 litterariam
2940 848 3197 905 thesauro
3236 852 3330 906 illo
3360 840 3506 911 lraué

1924 913 2103 976 daret,
2137 914 2437 969 liberaliter
2462 918 2927 973 transcribendum
2956 922 3395 978 communicavit.

1998 984 2054 1037 P.
2094 982 2511 1066 Putequumﬁms.
2546 990 3168 1066 continens‘Eusebiiet
3196 992 3507 1066 Hieronymi

1922 1054 2193 1110 Chronica
2211 1055 2334 1132 fine
2374 1056 2667 1132 Prospero,
2704 1061 2889 1132 multis
2920 1062 2972 1116 in
3003 1063 3139 1117 locis
3170 1054 3504 1132 prapter'veo

1925 1133 2177 1204 tustatem
2206 1125 2763 1204 fugientibuslitteris
2785 1142 2839 1204 et
2868 1132 3045 1188 lituris
3061 1125 3336 1200 refertum,
3363 1137 3505 1204 quod

1922 1196 2051 1273 olim
2099 1198 2463 1273 suppeditavit
2500 1199 2755 1273 Claudius
2799 1202 3067 1259 Puteanus
3094 1219 3146 1257 ν.
3180 1219 3231 1259 c.
3265 1196 3393 1260 dum
3428 1207 3507 1261 vi-

1923 1268 2073 1340 veret
2099 1268 2446 1323 consiliarius
2478 1270 2655 1340 regius
2680 1271 2736 1326 in
2767 1287 3021 1340 suprema
3053 1275 3201 1330 curia
3234 1274 3503 1333 Parisien-

1922 1339 1965 1419 sj
1984 1380 1998 1403 ,
2025 1339 2107 1419 vir
2132 1341 2276 1393 omni
2306 1339 2609 1419 litterarum
2639 1353 2690 1398 et
2729 1344 2984 1398 virtutum
3014 1360 3216 1416 genere
3240 1357 3505 1419 praestau-

1925 1409 2186 1471 tissimus,
2216 1425 2279 1464 ac
2310 1410 2453 1464 bono
2480 1420 2721 1465 veterum
2754 1409 3041 1469 anctoruui
3070 1409 3246 1473 natus.

1995 1479 2110 1560 Pet.
2138 1479 2429 1560 Petrinum,
2461 1497 2559 1560 seu
2591 1481 3149 1560 Basilienserquartum
3180 1487 3380 1543 editum
3409 1505 3506 1560 per

1922 1550 2489 1626 eutndenrilenricum
2518 1553 2737 1626 Petrum
2784 1550 3008 1611 Basilea:
3036 1601 3051 1626 ,
3096 1573 3284 1614 mense
3312 1550 3504 1618 Martio

1928 1635 2057 1699 ann.
2088 1621 2249 1699 [549,
2278 1639 2381 1677 una
2411 1639 2530 1699 cum
2561 1624 2777 1699 Eusebii
2804 1621 3105 1699 operibus,
3136 1631 3278 1699 quod
3304 1632 3354 1684 in
3386 1646 3504 1686 om-

1921 1692 2080 1767 nibus
2103 1692 2217 1747 fere
2246 1694 2536 1767 respondet
2556 1695 2777 1750 editioni
2794 1692 2920 1751 anni
2942 1692 3101 1766 {59.9,
3125 1692 3289 1767 serie,
3316 1718 3504 1759 nume-

1919 1763 2271 1841 ro_linearum
2296 1763 2349 1841 et
2376 1766 2723 1841 paginarum,
2742 1783 2971 1841 necnon
3007 1763 3255 1841 typorum
3277 1763 3495 1829 'l‘orma.

1993 1832 2139 1889 Peto.
2167 1832 2471 1890 Pctarin‘un't
2502 1850 2599 1890 ms.
2623 1837 2790 1892 minio
2821 1832 3143 1895 illustraium
3176 1859 3297 1897 cum
3325 1845 3501 1898 Chro-

1922 1904 2058 1983 nicis
2099 1905 2317 1983 Eusebii
2365 1917 2425 1983 et_
2464 1907 2810 1980 Hieronymi,
2840 1912 2959 1966 sine
2997 1911 3268 1983 Prospero
3294 1955 3308 1977 ,
3353 1914 3501 1983 quod

1921 1975 1987 2029 Ι).
2018 1976 2216 2031 Paulus
2242 1977 2495 2049 Petavius
2522 1994 2573 2031 v.
2605 1975 2733 2033 cfin
2766 1994 3019 2049 suprema
3046 1975 3502 2039 ParisieIISicuria

1921 2054 2141 2124 senator
2167 2048 2347 2118 regius
2373 2049 2799 2124 eruditissimus,
2831 2059 2887 2105 et.
2916 2051 3136 2108 sedulus
3164 2056 3502 2124 antiquitatis

1920 2116 2251 2194 indagator,
2273 2134 2336 2174 ac
2360 2116 3347 2194 veteruml‘ibrorumpromptuariuin
3366 2167 3379 2191 ,
3405 2139 3502 2194 pro

1921 2202 2020 2265 suo
2048 2203 2178 2265 erga
2190 2190 2474 2265 litteratos
2504 2191 2706 2265 studio,
2746 2192 2971 2247 Parisiis
3000 2194 3068 2249 ad
3084 2190 3194 2250 nos
3224 2190 3502 2265 perferen-

1920 2258 2247 2385 guttgddgdit.
2282 2260 2394 2316 Hoc
2414 2262 2693 2333 exemplar
2715 2278 2825 2335 pra)
2852 2268 3066 2322 caeteris
3093 2258 3318 2338 propius
3347 2281 3504 2324 acce-

1960 2346 1972 2383 ι
2160 2347 2247 2385 nx.

1960 2339 1999 2385 ιι
2020 2339 2083 2384 ad
2115 2339 2247 2386 FIII.

1994 2400 2537 2477 Petavii_Frugmenta
2556 2419 2651 2477 nis.
2688 2404 2913 2463 Scheda:
2942 2407 3149 2477 aliquot
3187 2408 3503 2476 antiquissi-

1920 2485 2022 2525 mae
2055 2474 2485 2528 membranacea
2513 2475 2669 2529 unius
2697 2489 2789 2533 aut
2815 2474 3048 2534 alterius
3062 2494 3165 2534 ms.
3201 2474 3418 2534 Eusebii
3447 2489 3505 2536 et

1918 2542 2255 2616 Hieronymi,
2287 2559 2428 2613 quae,
2454 2545 2641 2601 codice
2672 2551 2814 2604 carie
2836 2558 2890 2605 et
2917 2558 3190 2606 vetustate
3213 2565 3503 2617 consump-

1919 2618 2350 2689 to,_superstites
2379 2631 2723 2689 remansere,
2766 2621 3011 2689 ejusdem
3038 2636 3091 2675 ν.
3124 2636 3173 2677 c.
3197 2620 3374 2678 Puulii
3396 2622 3497 2679 Pe-

1916 2685 2047 2740 tavii
2077 2686 2338 2742 beneﬁcio
2367 2688 2433 2740 ad
2458 2702 2553 2742 no;
2582 2685 2797 2747 delatm.

1994 2756 2073 2810 Pi.
2099 2754 2428 2817 Pithaeanum
2448 2774 2545 2812 ms.
2574 2774 2697 2814 cum
2729 2763 3014 2819 Chronicis
3044 2763 3265 2819 Eusebii
3295 2772 3351 2817 et
3379 2763 3504 2819 llic-

1918 2827 2134 2898 ronymi
2163 2829 2278 2883 sine
2311 2828 2600 2897 PrOSpero,
2643 2844 2674 2886 a
2701 2831 2991 2889 Francisco
3023 2835 3236 2890 Pithoco
3264 2833 3383 2890 3.0.
3413 2850 3504 2890 ac-

1921 2904 2039 2975 tore
2068 2912 2353 2975 causarum
2386 2899 2590 2954 celebri
2616 2902 2670 2955 in
2701 2918 2951 2975 suprema
2972 2909 3116 2960 curia
3146 2906 3500 2974 Parlamenti,

1919 2967 2335 3044 diligentissimo
2356 2982 2745 3044 ‘eonservatore
2767 2967 3111 3044 antiquitatis
3127 3017 3141 3041 ,
3173 2977 3291 3031 viro
3319 2967 3504 3033 multis

1918 3040 2229 3095 nominibus
2267 3041 2699 3098 commendando
2725 3086 2739 3110 ,
2783 3040 2945 3110 atque
2992 3048 3135 3103 inter
3168 3056 3364 3101 caetera
3395 3060 3504 3104 non

1918 3112 2093 3182 solum
2118 3112 2259 3182 quod
2294 3111 2544 3168 habuerit
2588 3114 2809 3171 fratrem
2858 3111 3307 3173 litteratissimum
3348 3118 3503 3172 illum

1919 3181 2188 3257 quondam
2215 3182 2334 3239 Pet.
2366 3184 2635 3257 Pitlueum
2660 3185 3134 3256 jurisconsnltum,
3164 3188 3504 3257 antiquitatis

222 3255 281 3337 in
312 3256 585 3337 provincia
609 3254 963 3337 _Aqiiitanica,
986 3254 1036 3337 _e
1067 3255 1393 3337 bibliotheca
1426 3255 1678 3312 eductum
1707 3259 1817 3314 col-
1846 3261 1892 3327 ο
1922 3254 2298 3337 indagatorem
2330 3254 2738 3337 sagacissimum
2759 3298 2775 3323 ,
2810 3273 2968 3329 quem
3011 3254 3125 3312 non
3150 3254 3332 3337 minus
3372 3274 3501 3337 δτιηῇ

221 3326 355 3395 legii
401 3326 809 3383 Lemovice'nsis
847 3326 1094 3393 ejusdem
1137 3328 1444 3391 societatis,
1487 3337 1644 3383 antea
1686 3343 1818 3386 casu

220 3408 507 3467 repertum
528 3400 581 3453 in
601 3400 813 3455 ofﬁcina
834 3398 1143 3467 bibliopola:
1159 3397 1582 3454 Lemovicensis.
1602 3399 1817 3457 Dictum

221 3481 414 3523 autem
459 3486 488 3523 a
527 3471 681 3525 nobis
719 3479 811 3540 est
844 3470 1183 3533 Lodonense,
1225 3471 1365 3537 quod
1396 3470 1447 3540 in
1490 3471 1607 3540 ejus
1636 3472 1819 3528 limine

220 3542 333 3594 ista
360 3540 716 3608 prml'crunlur
742 3561 753 3593 :
782 3539 892 3594 Iste
929 3540 1057 3594 liber
1085 3550 1159 3594 est
1189 3541 1366 3608 fratris
1392 3539 1537 3593 Petri
1564 3540 1819 3598 Guidouis

220 3612 431 3665 ordinis
458 3611 892 3683 Prwdicatorum,
921 3628 1075 3683 quem
1103 3612 1282 3667 habuit
1330 3611 1390 3664 ab
1421 3614 1677 3666 avunculo
1723 3630 1818 3669 suo

220 3684 472 3753 episcopo
503 3682 816 3738 Lodoneusi.

304 3753 399 3808 Lo.
434 3753 740 3809 Lodouense
773 3772 866 3808 ms.
898 3754 1143 3809 Alterum
1174 3768 1298 3809 cum
1327 3756 1608 3823 superiore
1635 3770 1818 3810 exem-

222 3824 373 3897 plari
402 3825 707 3897 Lodoueusi
750 3826 1079 3897 consultum,
1120 3840 1241 3878 cum
1285 3826 1590 3895 hujustnodi
1629 3828 1819 3880 inscri-

220 3895 436 3963 ptione,
478 3896 736 3952 Chronica
766 3895 1013 3968 Prosperi
1043 3897 1337 3968 Aquitanici
1368 3905 1412 3950 et
1457 3899 1684 3967 episcapi
1710 3898 1816 3952 Re-

216 3969 359 4039 gini,
410 3970 697 4022 continens
745 3967 910 4022 veluti
946 3969 1180 4038 epitome
1223 3967 1474 4024 Chronici
1509 3968 1722 4023 Eusebii
1765 3977 1819 4024 et

225 4038 589 4110 ﬂicrooymi,
634 4040 794 4093 unico
840 4046 1107 4110 contextu
1140 4040 1260 4093 sine
1315 4039 1456 4094 serie
1506 4054 1812 4092 annorum:

219 4109 490 4165 nonnulla
533 4111 699 4165 etiam
741 4111 903 4166 habet
931 4109 1148 4165 aliunde
1192 4110 1429 4177 adjecta,
1461 4110 1555 4164 sed
1588 4110 1816 4177 plurima

218 4180 394 4236 etiam
419 4182 471 4236 in
500 4196 567 4236 eo
596 4191 721 4235 sunt
741 4182 964 4236 omissa.
993 4180 1123 4235 Nam
1161 4182 1294 4235 nihil
1325 4180 1470 4235 aliud
1500 4185 1610 4235 lere
1636 4196 1818 4249 perse-

217 4251 413 4322 quitur
438 4252 539 4305 nisi
570 4267 654 4313 ea,
701 4267 821 4321 qua:
853 4252 1133 4308 historiam
1161 4250 1496 4318 Judteorum,
1544 4250 1816 4309 Romano-

218 4338 372 4389 rum,
414 4332 468 4379 et
497 4322 929 4378 Christianorum
971 4326 1266 4393 attingunt.
1300 4323 1406 4381 Sed
1433 4323 1502 4379 de
1541 4339 1607 4379 eo
1632 4322 1813 4394 plura,

214 4409 347 4465 cum
378 4395 587 4465 egimus
614 4395 679 4449 de
707 4394 957 4464 Prosperi
990 4394 1162 4451 libris.

298 4464 429 4519 Lul.’
455 4464 787 4520 Lutetiunum
814 4467 1138 4535 impressum
1168 4466 1237 4520 ab
1269 4465 1502 4519 llenrico
1532 4464 1816 4535 Stephano

218 4538 456 4594 Lutetia:
486 4552 574 4591 an.
610 4537 769 4597 1512.
797 4538 990 4593 eodem
1020 4552 1158 4607 pene
1188 4536 1348 4590 modo
1371 4546 1423 4590 et
1455 4536 1648 4605 ﬁgura,
1672 4545 1725 4590 et
1756 4547 1815 4592 ut

218 4609 515 4691 plurimum
541 4624 662 4663 cum
690 4608 913 4691 totidem
947 4624 1046 4663 nec
1083 4608 1326 4698 pluribus
1352 4608 1812 4698 verbisnetliueis
1838 4637 1891 4698 ι)

220 4677 277 4734 in
325 4694 645 4750 unaquaque
703 4682 894 4750 pagina
934 4677 1097 4750 quam
1126 4679 1324 4734 habeat
1362 4678 1528 4733 editio
1558 4677 1803 4750 Veneta:

218 4749 508 4823 nisiquod
536 4749 588 4804 in
632 4749 903 4806 nonnullis
942 4749 1221 4807 vocabulis
1250 4750 1595 4817 dissentiunt,
1624 4749 1805 4823 culpa,

217 4821 413 4882 credo.
443 4833 832 4877 correctorum.

290 4892 366 4948 Μ.
397 4880 666 4964 )Ieldense
704 4910 800 4947 ms.
848 4909 970 4948 cum
1019 4892 1230 4949 duobus
1276 4892 1462 4964 primis
1498 4880 1805 4962 Cbronicis,

219 4964 343 5019 sine
395 4962 684 5032 Prositero,
737 4965 868 5020 olim
912 4962 1312 5021 commodatum
1362 4981 1390 5018 a
1441 4965 1554 5019 liii.
1597 4965 1811 5022 Joanne

213 5033 359 5090 Tilio
413 5036 672 5107 episc0p0
724 5034 1023 5102 Meldensi,
1076 5037 1231 5107 cujus
1295 5046 1479 5091 manet
1540 5036 1807 5105 celebris,

216 5117 275 5163 et
312 5106 577 5177 perennis
605 5109 863 5163 memoria
904 5107 1044 5177 apud
1075 5122 1264 5163 omnes
1288 5108 1405 5176 pios
1435 5116 1492 5161 et
1517 5107 1810 5163 litteratos.

291 5176 355 5233 Ο.
411 5175 726 5233 Oisellinum
767 5196 864 5234 ius.
901 5175 1023 5234 cum
1075 5175 1312 5249 Eusebio
1362 5178 1713 5249 Hieronymo,
1758 5187 1815 5233 et

218 5250 383 5321 etiam
418 5264 540 5305 cum
578 5250 859 5321 AChrouico
888 5250 1106 5321 nomine
1130 5248 1406 5321 Prosperi,
1438 5248 1812 5321 nonquidem

218 5319 460 5392 vulgato,
497 5319 593 5376 sed
624 5319 941 5388 Pithmano;
972 5323 1074 5375 hoc
1095 5319 1255 5375 habet
1277 5318 1550 5390 singulare
1576 5318 1684 5390 pra:
1707 5336 1815 5376 cm-

217 5396 372 5457 teris,
401 5403 459 5447 ut
490 5392 542 5447 in
570 5407 635 5448 eo
658 5393 840 5447 videas
864 5395 1179 5447 varietatem
1202 5392 1348 5447 illam
1372 5391 1614 5447 colorum
1639 5392 1812 5459 rubri,

215 5465 460 5532 caerulei,
508 5464 694 5519 viridis
723 5466 1091 5532 observatam,
1136 5462 1230 5519 sed
1262 5479 1371 5518 non
1420 5461 1687 5529 debitam,
1719 5473 1813 5519 aut

210 5551 320 5591 non
347 5551 474 5591 cum
504 5551 572 5590 eo
600 5534 803 5605 judicio
843 5545 895 5591 et
956 5535 1191 5599 ratione,
1235 5551 1396 5605 quam
1450 5533 1810 5605 Hieronymus

206 5602 630 5676 prazscribebat.
679 5602 849 5662 [labet
889 5606 1051 5664 etiam
1096 5602 1381 5662 historiam
1430 5602 1735 5674 separatam
1777 5618 1807 5660 a

202 5678 819 5742 canonicisChronicis,
841 5694 937 5733 seu
958 5678 1226 5747 columnis
1245 5690 1620 5745 numerorum,
1646 5676 1807 5732 sicuti

202 5766 377 5820 supra
407 5749 661 5819 pluribus
687 5747 1106 5820 declaravimus.
1130 5749 1365 5806 Oisellus
1403 5747 1523 5804 J.C.
1552 5758 1607 5803 et
1635 5750 1685 5803 in
1712 5764 1806 5820 su-

243 5818 769 5891 rema’Parlamenti
795 5819 1112 5876 Parisiensis
1160 5822 1310 5877 curia
1358 5828 1619 5891 patronus
1658 5818 1804 5891 cele-

243 5838 395 5877 rem:
426 5836 763 5877 Partamenu
795 5836 1112 5876 t’ill‘lSlellSIS
1160 5836 1310 5877 ουτω
1358 5836 1619 5891 patronus
1658 5836 1802 5875 cete-

192 5836 479 5951 gemimus
502 5900 559 5949 et
581 5889 973 5949 disertissimus
1002 5900 1161 5960 atque
1180 5891 1492 5949 laboriosus
1515 5889 1802 5948 vetustatis

1923 3325 2103 3398 guinis
2144 3326 2569 3396 propinquitate,
2602 3342 2760 3398 quam
2809 3325 3024 3384 morum
3052 3339 3111 3385 et
3150 3329 3411 3384 doctrina:
3439 3331 3507 3384 si-

1922 3396 2226 3468 militudine
2247 3398 2497 3467 attingit;
2528 3396 2792 3468 sedquod
2830 3416 2932 3468 pro
2954 3415 3051 3454 sua
3081 3414 3289 3454 summa
3323 3400 3508 3455 erudi-

1924 3467 2071 3539 ti0ne
2095 3470 2263 3539 solus,
2294 3484 2320 3520 a
2363 3485 2489 3539 rege
2511 3467 2973 3525 ChristianisSimo
3000 3471 3232 3527 selectos
3256 3472 3414 3525 fuerit
3437 3486 3505 3525 cx

1920 3537 2187 3592 immenso
2236 3538 2333 3593 illo
2365 3537 2511 3594 fonte
2566 3542 2732 3594 totius
2778 3542 3038 3596 doctrina:
3079 3554 3133 3596 et
3179 3541 3507 3598 eruditionis

1920 3608 2088 3682 choro
2139 3608 2519 3682 advocatorum
2573 3611 2998 3679 Parisieusinm,
3057 3613 3145 3682 qui
3198 3612 3506 3667 collationis

1923 3678 2112 3733 Fontis
2128 3679 2359 3751 ,Eblaudi
2385 3683 2523 3735 inter
2544 3683 2855 3751 episcopum
2880 3678 3265 3738 Ebroic‘cnsem
3288 3693 3344 3738 et
3364 3683 3510 3737 Mor-

1920 3765 2095 3824 nmuin
2125 3750 2400 3824 Plesseum
2434 3753 2639 3807 arbiter
2667 3756 2881 3809 sederet
2910 3771 3031 3809 cum
3062 3756 3214 3824 regni
3245 3754 3509 3809 cancella-

1919 3822 2024 3885 rio,
2045 3822 2254 3895 Aetialiis
2289 3823 2565 3895 primariis
2583 3825 2743 3892 viris,
2780 3834 2839 3878 ut
2867 3825 2931 3880 ad
2965 3827 3066 3880 hoc
3092 3822 3336 3879 nostrum
3370 3834 3507 3895 opus

1919 3892 2227 3964 symbolam
2262 3907 2411 3948 Suam
2443 3894 2713 3950 conferret
2736 3941 2750 3964 ,
2800 3896 2941 3951 hunc
2974 3897 3218 3953 codicem
3251 3892 3506 3953 nobisli.

1920 3962 2175 4018 beraliter
2206 3966 2645 4020 communicavit.
2737 3962 2745 3964 ’
3072 4015 3075 4018 .

1990 4033 2072 4088 Pi.
2101 4051 2321 4109 quoque
2350 4035 2555 4091 indicat
2589 4038 2640 4089 in
2673 4039 2815 4093 notis
2846 4038 2911 4093 ad
2954 4038 3319 4108 Prosperum,
3364 4038 3508 4109 trag-

1920 4115 2103 4180 mrnta
2126 4109 2407 4180 Fastorum
2432 4109 2841 4180 tionsularium,
2871 4125 2990 4180 qua:
3016 4110 3285 4165 habentur
3305 4110 3370 4163 ad
3397 4112 3510 4164 cal-

1918 4192 2038 4232 cem
2058 4178 2173 4247 ejus
2199 4178 2404 4235 codicis
2431 4178 2722 4235 Pithmini.

1993 4249 2124 4318 lleg.
2158 4250 2379 4321 Regium
2400 4266 2491 4303 ms.
2526 4252 2667 4321 quod
2697 4252 2825 4306 olim
2850 4251 3100 4305 exstabat
3132 4251 3182 4305 in
3217 4250 3509 4306 biblimltc-

1917 4333 1982 4373 ca
2012 4320 2493 4375 Christianissimrc
2523 4320 2827 4377 Ca'harinm
2856 4322 3126 4376 Medicinae
3163 4320 3364 4390 regina:
3393 4321 3506 4375 Ma-

1919 4390 2037 4453 tris.
2073 4392 2278 4446 habens
2300 4392 2567 4447 Chronica
2591 4392 2815 4446 Eusebii
2838 4404 2891 4447 et
2918 4392 3231 4463 Hieronymi
3262 4402 3312 4446 et
3335 4406 3509 4448 annos

1918 4464 2127 4535 mundi,
2153 4463 2247 4535 sed
2281 4480 2384 4518 non
2417 4464 2484 4516 ab
2512 4463 2816 4531 Abraham,
2847 4474 2901 4521 et
2925 4464 3078 4535 cujus
3110 4467 3287 4519 var'as
3318 4464 3509 4520 lectio-

1919 4548 2014 4587 ucs
2038 4534 2178 4588 idem
2204 4534 2409 4589 Fronto
2433 4534 2659 4590 Dneacus
2686 4534 3003 4591 observatas
3021 4579 3035 4604 ,
3068 4534 3231 4590 veluti
3263 4537 3509 4591 benevo—

1919 4604 2099 4688 lentiae
2148 4617 2200 4661 et
2240 4608 2559 4663 eruditionis
2608 4622 2723 4663 sua:
2749 4609 3026 4665 surculum
3053 4648 3066 4675 ,
3098 4606 3166 4663 ad
3197 4621 3296 4662 nos
3328 4616 3508 4662 trans-

1917 4686 2084 4731 misit.

1990 4749 2049 4805 S.
2083 4747 2721 4817 SozomcniPistoriensis
2749 4750 3054 4807 Chronicon
3087 4763 3191 4804 ms.
3224 4749 3275 4803 in
3311 4762 3418 4816 quo
3441 4745 3506 4801 ad

1918 4822 2141 4875 verbum
2171 4820 2501 4890 descriptum
2532 4833 2612 4877 est
2634 4822 2939 4878 Chronicon
2971 4820 3214 4883 Eusebii,
3243 4832 3412 4886 usque
3440 4818 3508 4871 ad

1918 4892 2123 4966 olynip.
2168 4893 2292 4962 185,
2321 4889 2375 4947 in
2412 4893 2495 4948 his
2519 4895 2932 4966 qumpertinent
2955 4891 3021 4966 ad
3048 4889 3361 4966 historiam,
3382 4902 3507 4941 nam

1918 4958 2260 5019 (insideretur
2282 4958 2459 5020 series
2485 4958 2694 5017 annalis
2722 4982 2732 5015 :
2766 4980 2862 5019 nos
2892 4962 3126 5031 legimus
3157 4960 3210 5013 in
3248 4958 3508 5012 Vaticana

1918 5033 2276 5099 Bibliotheca,
2312 5048 2364 5088 et
2391 5034 2666 5090 Gcsncrus
2690 5034 2741 5087 in
2767 5049 2862 5089 sua
2886 5031 3218 5087 Bibliotheca
3252 5036 3502 5097 testatur,

1918 5121 2038 5159 cum
2078 5107 2361 5176 scripsisse
2396 5104 2640 5159 hiswriae
2680 5103 3001 5160 universalis
3046 5103 3373 5157 immensum
3405 5113 3503 5153 vo-

1915 5175 2120 5231 lumen.

1980 5248 2043 5302 S.
2070 5246 2445 5302 Sararanicum
2469 5238 2783 5301 Chronicon
2813 5242 3055 5307 Eusebii,
3088 5239 3427 5311 llieronymi,
3450 5247 3509 5295 et

1916 5316 2194 5387 Prosperi,
2221 5332 2481 5372 excusutu
2510 5316 2736 5372 Basilezn
2767 5332 2857 5387 an.
2896 5314 3051 5383 1556,
3083 5327 3191 5385 quo
3222 5313 3507 5387 continens

1916 5397 2002 5443 tur
2032 5381 2419 5459 Dittographiae
2447 5429 2461 5454 ,
2491 5403 2624 5459 quas
2656 5401 2790 5459 v._c.
2821 5381 3055 5459 Joannes
3080 5381 3287 5459 Savaro
3316 5381 3505 5438 Claro.

1916 5453 2219 5516 tuontensis
2242 5453 2295 5514 in
2313 5453 2752 5515 iliontisl‘erratidi
2780 5456 3144 5511 subsidiorum
3168 5453 3319 5507 curia
3348 5467 3507 5507 sena-
3586 5472 3591 5477 ’

1922 5539 2025 5606 tor,
2050 5541 2104 5586 et
2125 5531 2634 5606 vice-cancellarius
2653 5527 2923 5606 excerpsit
2944 5526 3240 5606 ex_duobus
3260 5538 3392 5606 mss.
3408 5524 3503 5606 Ille

1919 5595 2257 5677 ubiresciv_i_t
2299 5616 2398 5656 nos
2427 5601 2480 5655 in
2514 5595 2829 5656 excolendo
2857 5595 3093 5677 Eusebio
3125 5595 3411 5677 occupari,
3442 5601 3505 5651 ut

1916 5688 2071 5727 suum
2101 5671 2372 5737 studium,
2416 5686 2523 5740 quo
2554 5683 2678 5740 erga
2707 5668 3074 5725 venerandam
3122 5668 3499 5740 antiquitatem

1914 5744 2165 5814 afﬁcitur,
2181 5736 2448 5814 cujusque
2468 5753 2576 5814 tam,
2592 5736 2823 5814 celebre
2837 5740 2890 5794 in
2916 5736 3262 5814 expurganda
3275 5736 3502 5814 Sidonio

1914 5807 2161 5885 populari
2185 5807 2283 5869 suo
2309 5807 2674 5885 testimonium
2703 5810 2870 5885 dedit,
2897 5807 3495 5885 magiscomprobaret,

1913 5881 2262 5944 cx'Arvernis
2293 5885 2358 5941 ad
2392 5900 2490 5942 ttOs
2522 5882 2829 5940 humaniter
2870 5881 3189 5938 transmisit.
3450 5904 3457 5909 -
