4018 6348
162 234 249 291 777

1062 234 1173 290 AR.
1218 230 1511 292 PONTACI
1548 230 2094 295 CASTIGATIONES
2130 233 2219 295 ET
2257 233 2489 295 NOTAE.

3302 242 3407 301 7'78

217 347 361 475 (δεδι,
392 344 476 418 ιι.)
502 344 900 429 Thurimachus.
943 347 1001 402 1n
1024 347 1114 413 V.,
1142 350 1301 417 Reg,
1338 350 1723 421 Tyramachus;
1746 350 1797 411 Ἀ
1831 358 1936 406 tem
1967 352 2230 408 Alexand.
2257 368 2379 422 pag.
2415 354 2541 419 797,
2566 352 2717 423 cujus
2737 353 2853 411 vice
2881 352 2933 410 in
2974 354 3229 426 impress.
3263 356 3409 431 lege-

148 422 198 476 in
271 422 331 476 i..
361 422 447 476 0..
480 419 638 476 Fux..
674 418 1053 476 Thurtmacus.‘
1083 422 1133 474 in
1159 421 1279 476 Fa..
1314 420 1670 476 Thirimachus
1703 438 1723 476 :
1826 422 1985 476 batur
2011 424 2425 476 Bosnhoronwus
2458 434 2823 476 nuncupatur:
2854 426 2905 476 in
2941 428 3048 476 AL-
3076 427 3406 476 Bosnhorenx

271 422 331 481 i..
361 422 447 484 0.,
480 419 638 481 Fux.,
674 418 1053 489 Thurimacus;
1083 422 1133 474 in
1159 421 1279 487 Fa.,
1314 418 1670 476 Th'irimachus
1700 438 1723 489 ,°

147 493 195 546 in
227 493 355 546 Ven.
385 501 438 546 et
462 491 584 564 Lut.
612 488 993 564 ,rTiramachus
1023 506 1064 564 ;_A
1087 493 1138 546 in
1178 492 1274 547 1.0.
1305 537 1320 560 ,
1357 492 1720 564 Turamagus;

144 563 276 633 apud
317 562 601 633 Augustin.
640 563 896 634 lib.xvnt
934 564 999 634 de
1026 562 1184 617 Civit.
1226 579 1348 634 cap.
1385 566 1418 618 5
1450 584 1459 616 :
1498 562 1723 619 Thuria-

145 632 281 701 cltus,
306 632 456 704 quem
481 634 712 704 quidam,
741 633 931 703 inquit,
955 632 1361 690 Thurimachum
1388 636 1643 700 scribunt;
1667 636 1722 691 in

143 722 292 777 quem
320 711 492 761 locum
523 704 684 759 Vives
710 746 725 771 ,
757 706 897 775 apud
922 704 1222 771 Eusebium,
1254 708 1447 775 inquit.
1480 706 1720 761 Tironia-

143 776 259 831 chus
292 794 311 842 ;
341 788 385 831 et
419 778 494 831 sic
522 777 576 827 in
612 778 818 845 antiquo
842 776 1016 831 codice
1048 776 1303 848 Brugensi
1333 796 1349 837 :
1394 778 1465 832 nil
1498 779 1716 832 dubium

139 851 260 917 quin
292 849 570 920 mendose.
604 858 662 920 ut
689 850 791 901 alia
816 849 1081 920 permulta
1108 866 1120 899 :
1146 849 1286 904 Otho
1316 848 1544 920 Frising.
1574 850 1672 903 lib.
1702 866 1718 904 ι

139 937 251 990 cap.
296 921 381 985 11,
442 918 484 973 Τ
486 918 697 990 uriclius
728 935 820 974 seu
872 919 1230 974 Turimachus.
1266 920 1467 975 Verum
1499 918 1604 975 non
1636 931 1721 975 est

138 989 372 1055 dubium,
388 991 516 1059 quin
533 989 910 1045 Thurimachus
932 993 1110 1060 potius
1132 993 1369 1047 retinere
1387 992 1714 1055 debeamus;

135 1066 211 1118 sic
239 1065 379 1120 enim
404 1061 575 1130 major
601 1076 722 1127 pars
748 1064 1157 1133 exemplarium,
1188 1063 1418 1121 Vinceu.
1443 1073 1497 1118 et
1519 1064 1721 1118 Pausa-

140 1136 369 1211 nias
406 1150 441 1188 11
472 1134 820 1211 Θουριεῖαχὸί.

210 1209 225 1277 (
260 1208 391 1271 125,
450 1221 525 1259 ιιι.
558 1205 585 1274 )’
626 1205 948 1277 Principium
998 1205 1195 1274 iubilwi
1238 1207 1328 1262 45.
1370 1207 1428 1262 In
1466 1206 1717 1262 omnibus

146 1276 299 1334 editis
317 1278 591 1350 legebatur
604 1276 861 1350 nieridoSe
880 1279 947 1333 13
955 1279 1199 1350 jubilaai:
1217 1277 1308 1333 sed
1332 1278 1456 1333 licet
1476 1280 1525 1333 in
1547 1278 1661 1333 an
1675 1319 1711 1341 .,

146 1354 234 1414 A.,
267 1351 352 1417 1...,
381 1347 484 1409 Pi.,
510 1349 599 1421 Ο..
628 1347 737 1413 VL,
769 1347 1119 1421 Peta.,;nulla
1149 1349 1241 1402 fiat
1264 1350 1715 1421 mentiojubilari:

147 1432 321 1478 tamen
350 1436 411 1475 ex
440 1421 473 1475 4
502 1420 770 1485 Vatican.,
801 1419 920 1481 1.0.,
950 1420 1071 1485 Fa.,
1105 1421 1444 1475 restituimus
1467 1419 1607 1477 hunc
1636 1427 1716 1482 lo-

144 1509 262 1548 cum
285 1534 301 1555 ,
334 1493 451 1546 licet
472 1493 583 1547 sint
608 1492 762 1545 valde
801 1503 1073 1561 suspecta,
1103 1502 1162 1546 ut
1186 1492 1295 1561 jam
1326 1492 1562 1548 diximus
1589 1511 1712 1554 cum

144 1565 209 1620 de
233 1566 294 1619 M
321 1563 538 1634 jubilteo
565 1578 865 1634 ageremus.

204 1634 389 1705 (1bid.)
432 1633 766 1689 Hebrteorum
815 1633 980 1689 Jarob
1034 1636 1175 1701 filius
1222 1633 1408 1701 Isaac,
1439 1647 1545 1691 etc.
1600 1641 1712 1695 An-

132 1716 213 1762 tea
243 1724 344 1763 vox
398 1705 733 1761 Hebraeorum
765 1706 1222 1777 intercludcbatur
1249 1709 1355 1762 hoc
1388 1717 1575 1777 pacto,
1609 1710 1706 1766 Ja-

125 1780 212 1832 cob
243 1778 571 1833 Hebrworum
602 1778 740 1848 ﬁlius
769 1776 941 1842 Isaac,
970 1788 1099 1842 etc.,
1124 1795 1244 1848 qua:
1274 1776 1395 1849 quo
1416 1783 1643 1838 consilio
1671 1800 1700 1839 a

125 1853 278 1905 nobis
305 1851 624 1918 transposita
651 1850 738 1915 sit,
769 1852 813 1922 si
839 1848 979 1904 scire
995 1851 1159 1922 velis.
1188 1848 1482 1918 repetenda
1516 1866 1693 1922 erunt,

124 1938 242 1993 qua:
272 1922 389 1977 fuse
417 1922 469 1975 in
499 1921 864 1993 superioribus
893 1921 1038 1975 notis
1064 1923 1414 1976 tractavimus
1446 1941 1457 1974 :
1489 1926 1577 1977 ubi
1607 1927 1703 1981 d0~

122 1992 328 2066 coimus
354 2037 368 2061 ,
413 2009 534 2048 cum
584 1992 722 2048 tituli
757 1993 831 2046 illi
863 1994 1203 2066 Assyriorum
1225 2034 1241 2057 ,
1281 1992 1657 2065 Sicyoniorum
1683 2040 1700 2066 ,

122 2065 469 2120 Hebrmorum
515 2074 572 2120 et
623 2065 674 2119 id
698 2079 868 2133 genus
913 2065 1156 2132 confuse,
1211 2073 1265 2120 et
1321 2081 1418 2132 pro
1474 2065 1701 2125 arbitrio

124 2138 617 2207 typographorum,
659 2145 750 2189 aut
800 2136 1143 2191 librariorum
1191 2148 1593 2205 apponerentur
1646 2142 1701 2197 in

121 2220 367 2263 contextu
411 2209 618 2274 absque
660 2207 820 2261 dubio
855 2219 948 2262 aut
996 2208 1358 2262 restituendos
1403 2212 1699 2268 secundum

122 2290 350 2335 veterem
377 2280 617 2334 auctoris
650 2280 983 2351 methodum,
1022 2282 1163 2347 quod
1194 2279 1281 2333 vix
1324 2283 1569 2349 prtestari
1603 2299 1699 2351 p0-

122 2360 239 2413 test,
294 2363 522 2421 pr0pter
561 2350 928 2405 difficultatem
974 2350 1259 2415 colorum;
1309 2362 1400 2405 aut
1434 2350 1700 2409 delendos

116 2423 365 2489 omnino,
399 2432 490 2478 aut
515 2423 917 2492 praemittendos
949 2440 959 2473 :
988 2421 1114 2477 licet
1142 2422 1286 2476 enim
1320 2424 1421 2477 ista
1455 2440 1561 2477 non
1594 2427 1702 2481 sint

115 2495 288 2548 aliena
313 2496 380 2547 ab
417 2495 667 2562 Eusebio,
703 2505 907 2549 certum
939 2503 1117 2549 tamen
1145 2495 1303 2548 aliam
1335 2496 1498 2550 fuisse
1529 2495 1699 2566 ipsius

118 2566 431 2619 methodum
460 2568 569 2627 ;ita
592 2575 650 2620 ut
680 2581 800 2619 cum
830 2580 1065 2619 canones
1091 2581 1436 2619 numerorum
1479 2582 1574 2622 seu
1602 2584 1699 2623 an-

114 2652 309 2690 norum
352 2652 529 2705 regum
557 2637 796 2706 separari
824 2637 1264 2691 describerentur
1288 2678 1303 2700 ,
1328 2638 1447 2690 Solo
1480 2640 1698 2696 nomine

114 2710 277 2777 regis,
302 2723 334 2762 a
366 2723 472 2777 quo
500 2720 637 2763 noue
666 2709 768 2763 illa:
796 2706 1103 2763 numerales
1127 2708 1610 2777 progrediebantur
1643 2714 1694 2766 in

114 2779 217 2833 illis
256 2780 527 2849 apposito,
560 2792 613 2835 et
643 2790 828 2834 essent
864 2781 1101 2834 distincti
1133 2781 1199 2833 ab
1248 2779 1338 2832 illo
1386 2782 1592 2848 spatio,
1641 2785 1695 2838 in

113 2852 252 2920 quod
283 2852 468 2907 omnia
498 2853 948 2921 congerebantur,
994 2867 1113 2918 qua:
1147 2850 1425 2904 historiam
1450 2856 1695 2908 contine-

113 2923 259 2993 bant,
286 2924 358 2976 ad
386 2923 806 2978 commodiorem
832 2922 1263 2991 intelligentiam,
1289 2930 1463 2989 etquo
1484 2924 1695 2993 quidvis

110 2990 319 3048 facilius
342 2993 765 3064 distingueretur
791 2997 843 3048 in
872 2995 963 3048 illo
992 2990 1192 3063 spatio,
1225 2990 1514 3060 appellatio
1545 2998 1692 3063 regni

109 3067 358 3119 anteibat
380 3080 570 3121 nomen
591 3067 752 3135 regis,
780 3078 867 3118 aut
892 3080 1157 3133 personae,
1184 3064 1335 3133 cujus
1357 3068 1483 3119 anni
1511 3082 1694 3123 nume-

109 3136 377 3191 rabantur
408 3151 422 3189 :
453 3148 507 3191 ιιι
533 3137 635 3191 hoc
660 3134 801 3196 loco.
832 3135 1173 3191 Hebraeorum
1198 3134 1381 3201 Iacob,
1411 3147 1512 3191 etc.
1543 3182 1556 3205 ,
1588 3140 1694 3203 vel,

108 3219 163 3280 ut
192 3208 243 3261 in
281 3208 371 3262 Vi.
397 3250 410 3269 ,
437 3208 501 3263 Ο.
526 3251 539 3273 ,
583 3211 724 3280 apud
769 3208 1037 3270 Hebraeos,
1080 3210 1172 3262 illa
1208 3224 1312 3262 vox
1352 3207 1694 3263 Hebrworum

108 3277 376 3335 innuebat
404 3280 575 3347 primo
602 3277 815 3349 quoque
846 3282 953 3333 ictu
975 3281 1136 3342 oculi,
1159 3280 1225 3333 ad
1251 3294 1411 3350 quem
1431 3296 1695 3336 canonem

107 3365 201 3405 seu
252 3353 459 3407 seriem
516 3366 727 3416 regum,
785 3352 875 3405 illa
906 3351 1131 3405 historia
1201 3353 1519 3405 referretur.
1576 3353 1694 3407 Iam

105 3436 235 3477 vero
265 3438 396 3477 cum
432 3430 538 3476 tam
582 3422 699 3476 hrec
727 3438 887 3492 quam
917 3422 1115 3491 quaevis
1145 3423 1250 3475 alia
1284 3423 1503 3477 historia
1538 3438 1694 3479 suum

106 3507 378 3549 canonem
398 3494 661 3558 obtineat,
686 3505 738 3548 et
761 3510 827 3549 ex
859 3494 964 3547 situ
986 3505 1038 3546 et
1066 3496 1222 3548 titulo
1250 3494 1513 3562 cujusque
1534 3511 1699 3549 cano-

104 3564 188 3618 nis
214 3568 404 3621 statim
433 3566 801 3631 dignoscatur,
830 3566 896 3620 ad
918 3564 1060 3634 quod
1088 3580 1307 3634 regnum
1323 3564 1437 3619 sive
1456 3569 1698 3636 Assyrio-

104 3651 237 3703 rum,
278 3639 407 3693 sive
466 3636 833 3701 Ifebrworum,
879 3640 992 3691 sive
1033 3637 1258 3690 aliorum
1300 3678 1314 3700 ,
1359 3650 1698 3708 unaquaeque

103 3714 405 3775 pertineat,
443 3709 621 3762 inanis
672 3719 753 3763 est
800 3708 892 3763 illa
938 3710 1185 3777 repetitio
1239 3708 1412 3777 regni,
1464 3711 1697 3763 maxime

101 3778 227 3832 dum
251 3782 439 3851 agitur
465 3780 534 3834 de
560 3780 825 3845 llebrteis,
853 3778 947 3834 sed
972 3780 1203 3843 inanior,
1230 3779 1273 3833 si
1298 3784 1693 3851 interponatur,

101 3866 224 3904 cum
264 3850 497 3907 sensum
544 3851 841 3920 perturbet.
888 3856 961 3906 De
1000 3851 1268 3907 similibus
1312 3850 1454 3905 idem
1496 3852 1697 3906 dictum

99 3932 251 3991 ρυω,
275 3939 349 3978 ne
383 3931 557 3975 1101.111“
589 3938 750 3991 agere
777 3938 1055 3992 cogamur.

175 3994 403 4065 (lbid.)_
423 3992 574 4047 Isaac
617 4010 776 4058 usque
832 3995 909 4065 ααΔ
928 3995 1283 4065 principatum
1328 3992 1693 4065 ﬁliiﬁloseph.

99 4063 156 4119 1n
184 4062 317 4131 Pi.,
347 4062 527 4119 'Isaac
570 4082 726 4137 usque
774 4066 839 4137 ad
878 4062 1115 4137 Ioseph;
1164 4065 1274 4131 γι,
1314 4067 1404 4128 υ..
1439 4062 1700 4119 1.ςαασόιιί

98 4147 442 4262 ἔέςυῃοιαιυι*
470 4135 731 4207 usquead
762 4135 957 4208 Ioseph
994 4136 1092 4204 ;in
1132 4138 1250 4192 aliis
1294 4147 1353 4191 ut
1393 4146 1600 4208 prostat
1643 4138 1696 4192 in

169 4220 281 4262 1113.

169 4210 281 4263 itis.

171 4281 329 4353 (ηδ,
363 4280 455 4351 v.)
482 4278 699 4353 Initium
726 4280 870 4352 regni
898 4281 1221 4353 Argivorum.
1261 4280 1319 4336 In
1351 4280 1456 4344 Pi.,
1483 4279 1699 4334 Initium

98 4350 465 4422 Argivorum;
487 4353 540 4406 in
567 4352 727 4417 Fux.,
758 4350 1067 4424 Argivorum
1098 4352 1403 4424 principium
1432 4369 1450 4417 ;
1484 4365 1698 4407 utrum-

95 4438 215 4548 ἓιιῖ
236 4426 412 4480 deest
437 4426 489 4478 in
520 4424 692 4493 Peta.,
726 4423 847 4490 Fa.,
870 4424 994 4491 L0.,
1014 4424 1117 4487 Pi.,
1144 4423 1260 4489 8a.,
1288 4436 1342 4478 et
1370 4424 1543 4479 tribus
1564 4439 1694 4479 mss.

144 4510 173 4548 a
222 4535 239 4548 .

144 4496 239 4549 ab.

176 4566 384 4638 (lbid.)
417 4565 513 4621 His
541 4568 854 4638 temmribus
879 4570 1074 4638 primus
1096 4564 1235 4631 apud
1248 4565 1434 4637 Argos,
1464 4574 1569 4621 etc.
1596 4566 1703 4621 Ad-

95 4637 364 4693 didimus’
418 4652 600 4693 vocem
646 4637 843 4709 primus
873 4637 939 4695 ex
984 4650 1018 4695 4
1054 4638 1256 4704 Vatic.,
1305 4638 1410 4704 Vi.,
1457 4639 1545 4706 0.,
1574 4638 1704 4709 Pi.,

92 4709 267 4778 Man,
297 4710 665 4778 Peta.,Fux.,
684 4712 876 4780 quibus
891 4711 1139 4782 congruit
1158 4710 1299 4779 quod
1316 4709 1515 4765 Euseb.
1548 4708 1645 4765 lib.
1671 4726 1705 4764 x

95 4782 167 4836 de
183 4783 636 4852 Praeparat.cap.
668 4785 723 4851 5,
756 4784 831 4837 ait
863 4785 1115 4837 Inachum
1135 4783 1367 4851 primum
1396 4797 1575 4851 regem
1601 4782 1706 4837 Ar-

98 4855 391 4923 givorum,
424 4861 481 4907 et
504 4854 671 4908 fuisse
694 4866 943 4923 tempore
968 4855 1138 4925 quinti
1174 4853 1313 4923 regis
1335 4854 1701 4925 Assyriorum,

96 4935 152 4980 et
174 4940 309 4997 post
330 4926 551 4980 initium
572 4928 718 4995 regni
743 4926 1133 4990 Semiramidis,
1156 4936 1209 4980 et
1230 4941 1371 4980 anno
1394 4924 1496 4980 150
1518 4925 1586 4980 ab
1606 4925 1706 4980 illo

96 4998 288 5052 initio.

173 5069 408 5143 (lbid.)
444 5066 643 5143 liceant
682 5076 749 5143 et_
772 5066 1282 5143 colunt._Vocant‘et
1330 5066 1706 5143 desiderantur

95 5141 152 5195 in
180 5138 283 5206 L.,
320 5138 423 5205 A.,
457 5139 543 5200 P.,
583 5140 677 5206 M.,
714 5139 821 5204 VL,
850 5139 940 5203 0.,
974 5139 1147 5205 Peta.,
1174 5138 1281 5205 Pi.,
1310 5150 1366 5195 et
1399 5142 1539 5208 apud
1568 5140 1703 5194 Mar.

92 5226 162 5267 ac
196 5212 417 5267 Bedam
446 5210 515 5265 de
545 5222 844 5280 temporum
876 5213 1105 5266 ratione.

170 5283 420 5355 (lbid.)
476 5281 778 5355 Bosphorus
826 5293 1172 5355 nuncupatur.
1381 5282 1499 5355 sine
1539 5282 1709 5355 dubio

92 5352 497 5411 restituendus
524 5366 641 5408 erat
667 5354 751 5408 hic
776 5355 925 5408 locus
943 5369 1006 5407 ex
1028 5357 1117 5419 A.,
1140 5352 1228 5419 L.,
1253 5352 1348 5416 Μ..
1382 5352 1507 5418 1.0.,
1536 5353 1708 5420 Fux.,

93 5428 185 5492 P.,
226 5428 348 5495 Vi.,
404 5427 495 5493 0.,
550 5426 656 5489 Pi.,
701 5427 817 5492 8a.,
862 5433 1069 5493 septem
1112 5424 1231 5481 Vat.
1278 5434 1332 5479 et
1372 5426 1542 5479 tribus
1578 5440 1710 5478 mss.

98 5500 276 5563 Fab.,
330 5499 477 5555 Mar.
525 5509 579 5552 et
625 5498 927 5567 Epiphanio
969 5498 1122 5552 initio
1171 5495 1407 5567 Panarii,
1438 5503 1503 5550 et
1528 5505 1713 5551 nostro

97 5570 361 5626 Eusebio
387 5570 532 5623 circa
554 5585 750 5623 annum
772 5567 898 5633 488,
918 5580 1078 5639 atque
1104 5566 1392 5623 Plutarcho
1414 5568 1465 5621 in
1494 5568 1709 5639 P0mp.,

90 5642 471 5713 Apollodoro
508 5640 602 5695 lib.
644 5655 703 5705 ιι,
742 5650 797 5694 et
835 5642 956 5695 aliis
982 5637 1415 5713 quamplurimis,
1443 5654 1562 5693 cum
1596 5637 1714 5708 qui-

90 5711 210 5771 bus
236 5713 519 5768 convenit
546 5722 702 5767 vetus
735 5726 835 5765 ins.
887 5712 1229 5768 bibliothecae
1258 5711 1477 5782 Beginze
1500 5713 1707 5778 matris,

94 5795 167 5843 ut
198 5788 385 5842 etiam
422 5784 617 5841 asserit
642 5784 867 5837 Ducazus
895 5786 947 5838 in
975 5783 1336 5842 Collectaneis
1364 5784 1432 5840 ad
1457 5782 1710 5854 Clemen-

470 5878 754 5942 ΡΑτιιοι..
792 5876 1070 5964 XXVII.

1826 422 1985 477 batur
2011 424 2425 500 Bosphorongzus
2458 422 2823 500 nuncupatur;
2854 426 2917 500 in_
2938 422 3406 500 Ain-Bosphoer

1824 508 2155 568 nuncupatur
2180 514 2198 563 ;
2226 497 2277 550 in
2309 496 2468 558 Fux.,
2504 496 2597 551 Fa.
2618 540 2632 559 ,
2679 499 2853 564 Peta.,
2880 496 3406 567 Bospltorus'nuncu-

1824 577 2014 641 palus;
2039 569 2149 641 nisi
2178 570 2319 637 quod
2352 571 2405 641 in
2437 570 2716 638 posteriori
2748 584 2841 637 per
2870 572 2905 641 [ί
2926 586 3019 636 pro
3049 574 3116 640 ρΙι
3150 573 3403 641 pingitur.

1823 636 1954 691 Nam
1983 639 2154 693 fabula
2184 636 2345 694 tradit
2376 636 2559 694 Ionem
2594 636 2851 694 mutatam
2871 636 3059 696 luisse
3083 646 3131 697 in
3151 636 3400 710 vaccam,

1823 719 1879 781 et
1912 719 2155 766 tranasse
2195 712 2315 765 illas
2342 712 2616 781 angustias
2644 712 2809 767 maris
2838 711 3076 776 Thracii,
3104 730 3224 781 qua:
3253 717 3401 771 circa

1823 778 2121 853 Biizantjum
2154 778 2630 850 separant'Asiam
2659 783 2727 838 ab
2758 783 2970 853 Europa
2994 802 3008 847 ;
3036 778 3175 838 unde
3194 778 3405 843 fretum

1821 850 1951 932 illud
1996 850 2295 932 Bosphorus
2318 854 2649 932 appellatur,
2692 850 3244 932 Bo'arropo;_._Aliunde
3271 874 3403 932 vero

1822 921 2048 991 legimus
2094 921 2121 977 ξι
2168 925 2283 978 filio
2318 921 2517 985 Inachi,
2550 928 2633 980 cui
2683 921 2876 981 nomen
2930 926 3274 993 Phoronwns,
3308 929 3407 983 ﬂu-

1821 995 1963 1048 vium
2015 995 2213 1049 dictum
2262 995 2613 1050 Phoromeum
2655 1014 2671 1049 .·
2720 998 2908 1053 borum
2959 1000 3104 1054 enim
3156 1002 3406 1055 meminit

1819 1062 2051 1141 Papsan.
2080 1065 2174 1120 lib.
2203 1083 2263 1134 ιι,
2290 1068 2377 1122 ubi
2405 1069 2599 1141 refert,
2622 1068 2970 1124 Phoronwum
3001 1070 3217 1140 ﬂuvium
3244 1072 3405 1141 fuisse

1816 1135 1870 1188 in
1890 1135 2278 1212 Ριενιοροηηίίεο,Δ
2295 1141 2379 1212 cui
2402 1152 2547 1209 pater
2576 1140 2824 1205 [nae/tus,
2850 1135 3063 1212 eumque
3088 1135 3405 1212 fuissem-bi-

1820 1216 1955 1283 t_r_um
1998 1225 2113 1261 cum
2153 1208 2371 1283 Cepltiso
2406 1208 2689 1266 'Asterione
2730 1221 2777 1265 et
2828 1208 3025 1267 Inaclio
3061 1208 3232 1283 ﬂuviis
3275 1216 3408 1267 inter

1819 1278 2124 1356 Neptunum
2172 1278 2229 1335 et
2256 1281 2511 1356 Iunonem
2557 1283 2619 1335 de
2656 1285 2863 1356 regione
2903 1278 3275 1356 disceptantes,
3316 1287 3407 1355 qui

1816 1341 1932 1403 cum
1947 1368 2058 1404 eam
2069 1351 2100 1404 J
2111 1352 2268 1434 unonni
2279 1354 2664 1434 adudicasscnt
2674 1395 2688 1417 ,
2706 1341 2979 1434 Neptunus
2993 1341 3096 1434 illis
3118 1341 3279 1410 iratus
3297 1341 3407 1410 oin-

1816 1438 1930 1498 nem
1966 1440 2152 1492 aquam
2183 1424 2396 1498 ademit,
2426 1425 2496 1477 ita
2524 1435 2579 1478 ut
2603 1424 2896 1498 omncs’isti
2925 1429 3068 1491 ﬂuvii
3097 1444 3286 1498 aquam
3317 1446 3406 1482 ac—

1815 1494 1941 1546 colis
1973 1511 2074 1546 non
2120 1496 2508 1571 suppeditarent
2532 1494 2692 1571 ,‘nisi
2715 1496 2978 1571 _imbribus
3017 1494 3220 1571 adju'ti:
3262 1502 3406 1555 unde

1816 1576 2079 1637 apparent
2104 1567 2383 1637 manifesta
2414 1567 2607 1622 menda
2640 1568 2689 1621 in
2713 1568 2810 1622 L0.
2832 1569 2927 1623 ubi
2958 1567 3151 1637 legitur
3174 1568 3404 1626 Inachus

1814 1635 1956 1702 ﬁlius
1990 1653 2084 1702 pro
2110 1635 2336 1691 Inachus
2359 1639 2568 1706 ﬂuvius.
2601 1639 2739 1706 Quid
2772 1643 2915 1694 enim
2948 1635 3062 1695 hae—0
3093 1643 3156 1694 ad
3190 1644 3403 1696 musas?

1886 1709 2155 1779 (127,1v.)
2179 1710 2415 1775 Sirapin.
2448 1708 2696 1779 Sarapin,
2730 1711 2789 1765 L.
2810 1729 2824 1775 ;
2848 1710 3083 1780 Serapis,
3110 1713 3213 1779 Pi.;
3236 1715 3403 1769 Sera-

1808 1777 1935 1846 pim,
1964 1780 2070 1843 Vi.,
2105 1777 2201 1844 0.;
2248 1780 2512 1845 Sarapin,
2548 1777 2735 1846 Peta.;
2780 1777 3042 1853 Sorapyn,
3088 1777 3264 1848 an.;
3312 1801 3401 1839 ve-

1806 1865 1923 1904 rum
1960 1852 2033 1904 nit
2065 1853 2456 1906 innovandum.
2486 1854 2619 1907 Nam
2640 1895 2653 1915 ,
2690 1854 2911 1909 testibus
2944 1852 3175 1910 Eusebio
3205 1857 3295 1911 lib.
3330 1873 3402 1913 xx

1805 1921 1873 1976 de
1900 1923 2193 1993 Praeparat.
2226 1938 2346 1992 cap.
2383 1925 2445 1991 5,
2494 1936 2548 1979 et
2579 1928 2802 1994 August.
2848 1926 2942 1981 lib.
2978 1942 3106 1980 xvm
3136 1928 3203 1980 de
3237 1927 3397 1982 Civit.

1805 2007 1925 2063 cap.
1970 1995 2033 2055 5,
2084 2011 2178 2049 rex
2221 1995 2313 2067 qui
2344 1996 2470 2050 dum
2509 1998 2717 2067 viveret
2760 1997 3043 2052 dicebatur
3078 1997 3232 2065 Apis,
3277 2010 3399 2067 post

1806 2061 2035 2121 mortem
2061 2061 2503 2133 primoVSorapis,
2529 2061 2621 2122 abt
2649 2067 2923 2134 Soroapis,
2950 2061 3147 2124 deinde
3176 2061 3396 2124 una-lit-

1804 2143 1939 2201 tera,
1974 2147 2032 2191 ut
2063 2137 2174 2191 lieri
2206 2138 2436 2207 assolet,
2470 2149 2823 2208 commutata,
2859 2142 3080 2206 Sorapis
3113 2157 3205 2195 seu
3233 2141 3394 2196 Sera-

1803 2207 1904 2279 pis,
1948 2225 2069 2262 nam
2115 2220 2397 2279 utrumqtte
2444 2211 2584 2279 apud
2628 2212 2945 2265 Pausaniam
2990 2224 3045 2267 et
3067 2213 3224 2278 alios,
3269 2213 3400 2269 licet

1806 2277 1937 2332 illud
1970 2280 2168 2347 saepius
2191 2298 2216 2331 a
2250 2277 2490 2347 Latinis,
2515 2282 2617 2335 hoc
2643 2298 2673 2335 a
2699 2282 2929 2350 Grazcis,
2958 2282 3132 2338 dictus
3150 2293 3252 2345 est.
3286 2300 3398 2340 non

1803 2350 1905 2405 ἀπὸ
1932 2358 2023 2407 τοῦ
2050 2359 2215 2427 σερεῖν
2240 2353 2382 2427 quod
2411 2352 2550 2427 idem
2586 2363 2767 2427 estac
2792 2354 3049 2427 mundum
3092 2354 3398 2427 gubernare

1801 2434 1899 2494 seu
1924 2423 2142 2486 ornare,
2176 2434 2232 2476 ut
2256 2425 2385 2478 olim
2406 2424 2618 2478 volebat
2643 2423 2995 2494 Pbylarchus,
3025 2435 3161 2480 teste
3184 2426 3396 2481 Plutar-

1800 2492 1922 2571 cho,
1970 2510 2145 2564 neque
2199 2510 2227 2571 a
2264 2503 2408 2571 cfpei
2437 2492 2951 2571 voce/Egyptiaca,
2976 2511 3136 2571 quam
3176 2497 3395 2571 Plutar-

1801 2565 1937 2638 chus
1966 2581 2155 2635 opusc.
2188 2566 2254 2619 de
2299 2565 2441 2621 ILide
2478 2577 2529 2620 et
2561 2565 2716 2621 Osir.
2752 2566 2865 2621 vult
2908 2567 3214 2635 significare
3257 2568 3398 2638 gau-

1801 2634 1947 2689 dium
1979 2634 2033 2691 et
2067 2638 2341 2715 _l.etitiam,
2372 2639 2678 2715 nequeas?)
2698 2645 2787 2715 τεῦ
2816 2634 3013 2715 ᾳῳροὶᾏ
3041 2640 3091 2715 id
3128 2652 3214 2694 est
3232 2634 3391 2715 arca.

1800 2720 1895 2760 seu
1929 2709 2202 2775 sepulcro,
2229 2718 2287 2761 ut
2316 2710 2509 2763 volunt
2536 2709 2701 2774 Varo,
2736 2709 2950 2771 Suida’s,
2974 2709 3197 2765 Rufinus
3229 2711 3323 2765 lib.
3354 2729 3393 2768 ιι

1800 2789 1919 2846 cap.
1970 2781 2061 2845 25,
2095 2780 2346 2833 Clemens
2386 2779 2682 2836 Alexandr.
2718 2781 2811 2834 lib.
2844 2796 2860 2833 ι
2903 2782 3186 2846 Stromat.,
3216 2795 3271 2836 et
3296 2784 3391 2839 alii

1799 2845 2115 2922 gracchsed
2140 2865 2260 2904 meo
2281 2850 2487 2919 judicio
2514 2853 2580 2904 ab
2598 2852 2722 2922 Apis
2748 2860 2795 2904 et
2818 2860 2951 2913 sua,
2985 2851 3108 2919 Sor,
3140 2868 3259 2921 qum
3286 2870 3391 2909 vox

1800 2918 2047 2991 Hebraeis
2095 2918 2295 2975 bovem,
2336 2918 2729 2991 signiticat,'ut
2771 2924 2995 2991 Sorapis
3027 2926 3097 2977 sit
3138 2918 3278 2979 idem
3326 2942 3391 2981 ac

1798 2989 1897 3044 bos
1926 2991 2087 3061 Apis;
2118 3008 2300 3065 nemo
2331 2989 2475 3048 enim
2520 2994 2694 3048 nescit
2738 2989 3029 3065 Egyp'tios
3077 2995 3280 3050 aluisse
3332 2999 3386 3051 in

1801 3073 1955 3136 septo
1989 3064 2218 3136 quodam
2262 3063 2490 3130 bovem,
2524 3080 2780 3131 eumque,
2824 3063 2881 3119 ut
2912 3065 3146 3133 loquitur
3175 3068 3389 3136 Augus-

1726 3122 1772 3186 C
1804 3122 1973 3207 titius,
2006 3122 2212 3189 deliciis
2238 3122 2571 3204 afﬂuentibus
2590 3137 2645 3189 in
2668 3122 2915 3190 honorem
2938 3122 3071 3207 regis
3093 3137 3218 3205 Apis
3241 3122 3392 3192 vime-

1799 3205 2086 3268 rabantur;
2111 3217 2161 3259 et
2190 3216 2249 3259 ut
2279 3207 2605 3271 Macrobius,
2655 3208 2748 3261 lib.
2782 3223 2798 3262 ι
2831 3205 3103 3262 Saturnal.
3139 3223 3262 3277 cap.
3297 3211 3386 3275 15,

1802 3277 1947 3329 cultu
1976 3278 2212 3331 attonita:
2234 3280 2597 3342 venerationis;
2624 3289 2789 3347 prout
2811 3280 2973 3332 etiam
3004 3279 3241 3333 indicant
3270 3280 3386 3334 Ru-

1802 3350 1947 3401 linus
1981 3348 2073 3403 lib.
2107 3364 2142 3401 ιι
2168 3364 2289 3418 cap.
2315 3349 2406 3416 “2‘2,
2440 3350 2646 3404 Plinius
2673 3350 2768 3403 lib.
2810 3365 2907 3405 vui
2930 3364 3052 3416 cap.
3073 3352 3165 3414 46,
3192 3348 3388 3407 Cicero

1800 3419 1873 3473 lib
1902 3419 2007 3474 ide
2035 3419 2155 3473 Nat.
2188 3422 2373 3486 Deor.,
2406 3422 2600 3475 Strabo
2622 3422 2717 3475 lib.
2755 3436 2889 3483 xvn,
2915 3421 3233 3489 Pausanias,
3262 3424 3386 3477 Sui-

1801 3489 1916 3556 das,
1955 3491 2280 3550 Herodotus.
2319 3492 2613 3555 Diodorus,
2646 3491 2971 3547 Plutarchus
2994 3533 3009 3556 ,
3039 3492 3208 3557 Mela,
3243 3494 3385 3548 Soli-

1800 3576 1922 3625 nus,
1958 3560 2200 3628 Rulinus,
2231 3560 2503 3617 IElianus.
2548 3563 2654 3618 Sed
2681 3562 2806 3630 quis
2836 3579 2940 3617 non
2972 3564 3257 3618 veterum?
3282 3581 3383 3622 nec

1799 3632 2021 3707 dubium
2044 3633 2175 3699 quin
2201 3634 2644 3707 adimitationem
2672 3635 2819 3707 illius
2840 3635 3169 3707 Egyptiacae
3193 3652 3384 3707 super-

1800 3702 2036 3757 stitionis
2059 3719 2154 3759 seu
2173 3705 2515 3772 idololatriae,
2548 3716 2759 3761 veteres
2781 3702 3287 3762 Hebraciconllarint
3306 3710 3385 3762 vi-

1802 3776 1969 3829 tulum
1995 3792 2241 3843 aureum,
2269 3777 2437 3830 Exod.
2470 3792 2639 3838 xxxii,
2666 3784 2723 3830 ut
2745 3776 2902 3830 docet
2924 3776 3177 3833 Clemens
3204 3780 3298 3833 lib.
3328 3797 3383 3835 vr

1800 3846 2089 3919 Constitui.
2123 3863 2242 3919 cap.
2274 3848 2379 3916 20,
2412 3856 2468 3903 et
2496 3847 2805 3903 Lactantius
2841 3848 2932 3902 lib.
2964 3864 3014 3902 iv
3044 3864 3162 3919 cap.
3200 3850 3288 3911 10,
3326 3864 3384 3905 et

1802 3917 2122 3972 Hieroboam
2151 3918 2218 3972 111
2254 3920 2383 3989 Reg.
2426 3936 2521 3982 xu,
2557 3919 2753 3974 vitulos
2784 3928 2876 3973 aut
2912 3917 3122 3975 vitulus
3149 3929 3205 3974 ut
3235 3921 3380 3978 LXX

1799 3998 2037 4054 vertunt,
2069 3998 2124 4044 et
2162 3990 2382 4059 Joseph.
2434 3991 2525 4046 lib.
2574 4006 2666 4045 vni
2717 3991 2978 4061 Antiquit.
3016 4007 3134 4061 cap.
3183 3992 3236 4046 '5.
3279 3995 3381 4059 Qui

1800 4063 1956 4129 plura
1981 4063 2107 4116 velit
2137 4066 2278 4117 scire
2306 4062 2373 4116 de
2398 4062 2679 4133 Serapide,
2714 4062 2829 4131 ejus
2857 4064 3057 4131 templo
3081 4075 3129 4118 et
3158 4064 3382 4119 simula-

1799 4148 1923 4200 cro,
1974 4141 2030 4187 et
2070 4134 2211 4187 unde
2245 4133 2450 4200 dictus,
2481 4134 2661 4190 videat
2691 4136 3063 4189 doctissimum
3103 4144 3158 4189 et
3198 4135 3380 4204 piissi.

1800 4219 1947 4257 mum
1982 4204 2270 4259 Baronium
2302 4215 2434 4259 tom.
2463 4204 2529 4260 1V
2557 4206 2751 4260 Annal.
2785 4221 2904 4275 pag.
2939 4205 3043 4260 610
3072 4217 3127 4261 et
3148 4221 3302 4275 seqq.

1875 4275 2025 4347 (H7,
2056 4276 2136 4346 ιι.)
2170 4275 2247 4330 De
2275 4278 2581 4348 Argivorum
2610 4294 2767 4349 regno
2800 4279 2869 4330 ita
2909 4277 3156 4346 loquitur,
3189 4275 3381 4349 Conse-

1800 4358 2011 4417 quenter
2055 4365 2454 4418 persequemur,
2502 4348 2794 4419 reges.’Sic
2840 4348 3051 4403 restitui
3102 4364 3168 4403 ex
3214 4348 3376 4415 Ven.,

1800 4419 1947 4495 lion,
1997 4425 2087 4495 A.,
2136 4420 2358 4495 L.,hM”
2408 4420 2513 4495 §._._
2545 4427 2634 4487 U.,
2679 4421 2767 4488 P.,
2808 4419 2932 4495 1.0.,
2977 4420 3082 4495 Yi.,
3120 4420 3226 4488 Pi.,
3259 4422 3377 4495 Sa.,

1726 4506 1782 4567 D
1809 4489 1990 4577 Petax,‘
2013 4492 2173 4577 lt‘ux.,
2216 4491 2373 4557 Man,
2408 4493 2439 4546 7
2473 4490 2591 4577 vat.
2614 4538 2627 4561 ,
2661 4508 2760 4561 pro
2794 4492 2857 4546 de
2884 4493 3188 4563 Argivorum
3222 4489 3380 4577 regno

1808 4563 1941 4631 quod
1973 4563 2200 4633 loquitur
2241 4574 2598 4632 consequenter
2628 4581 2984 4633 persequemur
3008 4582 3149 4634 reges
3171 4608 3186 4632 ,
3223 4563 3294 4619 ιη’
3324 4567 3388 4625 in

1809 4634 2134 4688 editionibus
2181 4633 2350 4688 Basil.
2405 4645 2459 4689 et
2501 4635 2692 4692 Sonni.
2746 4636 2896 4690 Hanc
2946 4633 3383 4693 emendationem

1807 4708 2094 4760 conlirmat
2121 4705 2186 4761 (Ξ.
2220 4706 2411 4761 Loaisa
2442 4706 2709 4776 Hispanus
2737 4708 2789 4759 in
2816 4706 3067 4761 Chronic.
3096 4708 3283 4761 Isidori
3311 4726 3382 4764 ex

1809 4778 1981 4831 veteri
2009 4793 2110 4831 ms.
2131 4796 2142 4830 2
2162 4778 2301 4833 unde
2316 4781 2483 4832 miror
2507 4794 2608 4846 qua
2625 4779 2847 4831 audacia
2871 4779 3199 4846 posteriores
3228 4787 3383 4846 typo-

1807 4849 1993 4917 graphi
2026 4857 2301 4904 mutarunt
2327 4861 2561 4903 veterem
2600 4851 2885 4904 lectionem
2908 4889 2923 4911 ,
2968 4857 3027 4901 ut
3065 4848 3381 4904 mendosam

1811 4920 1947 4974 hanc
1974 4928 2331 4985 exponerent,
2360 4922 2502 4988 quod
2532 4935 2637 4974 non
2669 4922 2833 4975 semel
2868 4929 3140 4973 occurret.

1880 4991 2067 5063 (lbid.)
2104 4991 2503 5063 Regesargivi.‘
2541 4990 2705 5063 Reges
2734 4991 3033 5063 Argivorum
3062 4989 3177 5063 duo
3203 4988 3383 5063 _Val.;

1808 5059 1950 5135 rcges
1977 5059 2125 5135 Argi,
2148 5059 2238 5123 0.,
2261 5059 2464 5127 A.,L.,
2489 5059 2755 5135 1.0311”
2784 5059 2872 5128 P.,
2919 5060 3029 5125 VL,
3062 5059 3170 5126 Pi.,
3203 5059 3385 5128 Peta.,

1810 5133 1978 5195 Fux.,
2006 5134 2138 5187 Mar.
2171 5142 2225 5184 et
2254 5142 2363 5185 tres
2396 5147 2525 5187 mss.
2559 5133 2691 5187 Fab.

1881 5204 2063 5275 (Ibid)
2082 5203 2346 5274 Crothopi.
2372 5201 2426 5275 1_u
2451 5206 2540 5266 A.,
2564 5201 2847 5275 Crotuphi;
2870 5199 3384 5275 inFux.,Cro‘tophi;

1813 5276 1865 5330 in
1893 5272 1996 5344 ·ν.,
2022 5277 2118 5331 Fa.
2151 5285 2205 5330 et
2237 5272 2330 5339 P.,
2372 5272 2618 5346 Crotepi;
2646 5274 2708 5346 in
2738 5274 2859 5341 1.0.,
2893 5274 3159 5345 CratOpIti.
3200 5272 3387 5329 Lectio

1812 5348 1928 5402 sine
1970 5350 2162 5418 spiritu
2206 5355 2290 5401 est
2328 5344 2545 5418 recepta
2580 5362 2610 5400 a
2646 5344 2907 5418 Pausania
2947 5347 2981 5399 Ι.
3012 5362 3025 5398 ι
3054 5344 3113 5399 et
3144 5360 3201 5418 ir,
3234 5355 3291 5400 et
3320 5348 3389 5402 ab

1814 5416 2034 5475 auctore
2071 5420 2163 5473 lib.
2190 5434 2223 5472 x
2254 5419 2319 5471 de
2350 5417 2644 5485 Praeparat.
2685 5430 2804 5483 cap.
2837 5417 2892 5482 5,
2939 5419 3028 5469 ubi
3065 5432 3127 5468 ex
3161 5416 3389 5474 Tatiano

1813 5499 2065 5545 numerat
2084 5504 2238 5559 reges
2260 5489 2606 5563 Argivorum,
2639 5489 2779 5563 apud
2810 5504 2941 5563 quos
2969 5489 3245 5563 Κροτωπὸς
3270 5507 3295 5563 :A
3313 5501 3394 5543 ta-

1814 5576 1935 5617 men
1963 5565 2282 5617 reliuuimus
2313 5562 2669 5630 vulgatamex
2700 5559 2806 5630 ﬁde
2833 5559 3062 5613 alioruin
3083 5561 3388 5630 exemplar.

1815 5632 1950 5688 Hinc
1971 5647 2180 5702 corrige
2209 5628 2432 5685 Marian.
2465 5632 2554 5684 ubi
2581 5628 2855 5702 Crocioplti.

1887 5707 2065 5777 (129,
2126 5704 2210 5773 ι.)
2274 5702 2627 5777 Annamitres.
2702 5701 2775 5777 Ita
2850 5703 3131 5777 legendum
3196 5703 3385 5777 decue.

1812 5771 1942 5838 runt
2000 5771 2196 5848 prima:
2227 5776 2493 5833 editiones
2545 5773 2703 5844 Ven.,
2746 5771 2872 5832 Lut.
2907 5771 2983 5831 'et
3024 5775 3209 5833 ultima
3259 5774 3380 5848 So.,

2868 5869 2949 5933 25
