4018 6310
577 219 678 276 807

578 353 755 400 turam
781 353 813 396 a
837 337 1041 408 ,Cerere
1061 335 1297 408 hospitio
1324 347 1543 408 recepta
1568 351 1597 390 a
1626 345 1780 407 patre
1803 335 1983 392 leeo
2005 379 2020 398 .
2067 345 2143 390 at.
2178 340 2230 403 Α

579 431 684 486 que
713 413 951 482 ineptum
976 413 1045 486 sit
1071 407 1251 486 dicere
1292 420 1498 486 patrem
1532 407 1643 486 filio
1670 420 2152 486 cozevunlatamen

579 478 688 543 non
717 478 1111 541 est'ahsurdum
1161 478 1446 536 Eusebium
1494 482 1833 535 existimasse
1878 478 2149 548 Triptole-

583 576 731 615 mum
760 559 829 612 ab
853 556 958 610 alio
986 555 1244 622 genitum.
1287 553 1418 618 Quis
1461 553 1603 606 enim
1651 551 1704 606 in
1745 553 2013 622 figmentis
2046 551 2150 605 illis

584 631 810 703 poeticis
827 621 1254 703 dissentientium
1291 623 1580 703 opiniones
1621 621 1802 693 posset
1823 621 2151 703 conciliare;

582 695 708 761 cum
737 711 811 756 tot
835 695 1135 761 sementim,
1162 704 1294 763 quot
1330 697 1539 764 capita;
1571 705 1627 750 et
1665 710 1786 749 cum
1833 697 1933 766 ipsi
1957 695 2153 748 Pausa-

587 777 732 838 nias,
762 769 1120 838 Apollodnrus
1144 809 1160 834 ,
1190 780 1245 824 et
1274 767 1364 822 alii
1393 768 1622 838 doceant
1645 767 1979 838 antiquiores
2010 767 2156 820 varie

580 836 820 902 sensisse
837 839 905 896 de
925 837 1154 908 origine,
1177 849 1232 894 et
1254 841 1567 909 parentibus
1582 836 1898 906 Triptolemi
1915 837 1994 891 ?'l‘
1998 853 2156 892 amen

583 921 628 972 si
656 916 843 968 liceret
868 922 1025 966 extra
1069 910 1328 966 librorum
1359 920 1508 982 septa
1539 909 2028 982 digredi,ppoterat_
2050 910 2160 982 for-

582 1003 678 1043 san
709 984 796 1038 hic
825 986 976 1038 locus
997 981 1186 1038 leviori
1207 980 1506 1038 mutatione
1527 983 1728 1044 sanari,
1758 980 1935 1035 sinon
1965 980 2160 1035 admit-

583 1065 786 1113 teretur
811 1070 915 1108 vox
943 1069 1162 1124 coelius,
1193 1065 1248 1110 et
1275 1069 1372 1124 pro
1396 1052 1595 1110 Celeus
1622 1052 1987 1124 Triptolemo,
2009 1052 2155 1121 lege-

582 1136 732 1185 retur
765 1124 924 1180 Cazlei
951 1123 1324 1195 Triptolemus,
1359 1127 1566 1180 scilicet
1596 1125 1769 1190 filius,
1825 1140 1946 1178 cum
1977 1123 2162 1192 hujus-

583 1201 728 1255 modi
759 1196 978 1267 eclipsis
1018 1211 1122 1250 non
1164 1201 1234 1252 sit
1275 1198 1496 1252 omnino
1518 1195 1726 1251 Latinis
1753 1196 2064 1266 infrequens
2103 1206 2160 1250 et

581 1271 798 1327 insolita
819 1311 834 1336 ,
864 1268 958 1324 sed
987 1267 1191 1324 Grazcis
1223 1268 1668 1332 familiarissima,
1697 1276 1755 1322 et
1797 1270 1966 1337 potuit
2007 1281 2162 1322 error

586 1359 653 1398 ex
682 1341 872 1398 Grteco
892 1339 1080 1396 codice
1127 1343 1316 1406 nasci,
1351 1341 1402 1394 in
1429 1356 1535 1408 quo
1569 1340 1747 1393 littera
1776 1356 1798 1392 s
1830 1339 1920 1394 fini
1963 1338 2161 1406 prioris

581 1412 836 1470 dictionis
880 1412 1213 1478 adhmserat,
1245 1427 1368 1480 quae
1397 1412 1486 1465 [ini
1521 1411 1835 1480 posterioris
1885 1409 2164 1465 adhaerere

581 1486 872 1559 debuerat:
901 1493 955 1538 et
982 1483 1054 1537 ita
1081 1497 1144 1559 ex
1168 1483 1751 1559 Χελεοιῖ-Ἕριπτόλεμος,
1785 1483 1984 1559 factum
2013 1484 2166 1559 inep-

584 1568 636 1613 te
660 1558 874 1630 Χελᾷους
913 1554 1285 1630 Τριπτόλεμος.
1333 1552 1692 1608 Nihilominus
1739 1555 1900 1630 malui
1952 1552 2164 1630 tandem

578 1645 715 1699 quos
742 1628 856 1699 dixi
885 1625 1101 1682 codices
1130 1625 1285 1696 sequi
1310 1667 1340 1699 ,_
1372 1642 1533 1694 quani
1565 1640 1749 1699 meam
1766 1625 2165 1699 conjectionem

583 1696 700 1756 sine
729 1698 882 1754 libris
915 1699 1166 1766 prodere,
1189 1697 1343 1764 Quod
1370 1705 1582 1766 Spectat
1621 1696 1687 1751 ad
1710 1697 1870 1750 situm
1889 1740 1903 1764 ,
1935 1697 2161 1752 retinni-

581 1788 702 1828 mus
735 1774 1007 1841 vulgatum
1029 1811 1044 1833 ,
1097 1772 1148 1825 in
1179 1785 1285 1840 quo
1321 1772 1652 1841 conveniunt
1677 1767 1797 1833 Fa.,
1825 1766 1984 1833 Fux.,
2036 1768 2162 1822 licet

581 1843 672 1908 0.,
703 1839 961 1909 Vin—Pi.,
990 1840 1115 1906 Lo.,
1153 1839 1484 1896 constituant
1510 1839 1575 1895 ad
1620 1855 1817 1894 annum
1852 1840 2163 1908 praeceden-

581 1925 691 1972 tem
719 1914 1008 1970 Pandionis
1030 1913 1122 1976 55,
1151 1914 1256 1976 vel.
1291 1923 1348 1967 ut
1377 1913 1552 1979 Peta.,
1579 1909 1646 1965 ad
1671 1927 1759 1965 an.
1796 1910 1862 1966 56
1893 1911 2158 1979 ejusdem.

586 1986 690 2043 Sed
721 1986 788 2040 de
816 1989 919 2041 situ
953 1994 1059 2039 tam
1090 1985 1277 2038 horum
1309 2000 1467 2054 quam
1497 1995 1816 2039 cmterorum
1850 1999 2020 2054 usque
2044 1982 2110 2036 ad
2124 1980 2158 2054 _1

582 2058 953 2130 Olympiadem
967 2055 1157 2112 fuisset
1179 2052 1464 2130 molestum
1484 2065 1546 2130 et
1562 2056 1728 2130 nimis
1753 2052 1970 2130 longum
1990 2052 2164 2130 inqui-

581 2126 875 2198 rere,_cunt
905 2127 1102 2198 ubique
1130 2129 1260 2183 varii
1289 2137 1345 2183 et
1368 2127 1660 2183 dissimiles
1689 2129 1802 2181 sint
1831 2126 1972 2198 libri,
1996 2126 2164 2198 nihilg

582 2218 687 2272 que
710 2195 777 2256 ex
802 2201 925 2256 aliis
953 2195 1310 2269 scriptoribus
1362 2201 1473 2272 lere
1502 2199 1682 2272 colligi
1715 2196 1910 2272 possit:
1953 2195 2161 2272 ideo_si

580 2269 869 2343 aliquando
893 2273 1030 2326 situs
1059 2273 1389 2343 mentionem
1422 2269 1702 2343 faciamus,
1725 2270 1829 2325 hoc
1849 2270 1908 2324 fit
1932 2277 1990 2322 ut
2013 2269 2161 2336 inde,

584 2341 786 2416 quanta
811 2345 880 2398 sit
908 2350 961 2416 in
979 2342 1102 2416 aliis
1126 2344 1382 2416 varietas,
1417 2341 1730 2411 perspicias.

655 2418 808 2486 (211,
841 2413 938 2486 vi.)
967 2415 1044 2468 Ad
1084 2415 1250 2486 urbes.
1279 2413 1500 2486 Rectius
1525 2427 1684 2486 qu_am
1715 2411 1783 2486 ad
1812 2411 2009 2486 urbem,
2035 2425 2164 2486 _c_um

582 2481 727 2542 adsit
778 2481 1077 2541 consensus
1123 2485 1220 2551 L.,
1264 2483 1362 2550 A.,
1417 2481 1674 2550 M.,'P.,
1727 2483 1845 2547 Pi.,
1884 2483 1988 2548 0.,
2035 2481 2162 2548 Vi.,

582 2555 760 2684 Pallor
795 2556 957 2621 Fux.,
989 2555 1140 2624 Fre.,
1163 2555 1320 2624 Mar.,
1347 2564 1404 2612 et
1431 2557 1727 2611 conveniat
1758 2555 2033 2624 historiae,
2066 2569 2164 2610 seu

612 2649 637 2683 il
684 2649 712 2682 II
740 2647 805 2684 ω.

612 2632 805 2685 'abnlte.

657 2699 844 2774 (Ibid)
885 2699 1111 2771 Serpens
1163 2700 1425 2774 pinnatus.
1476 2697 1700 2767 Serpens
1743 2707 1996 2774 pennatus
2044 2697 2162 2764 Vi.,

586 2770 720 2828 an.
742 2815 757 2838 ,
787 2770 911 2829 Fre.
931 2812 946 2836 ,
979 2770 1042 2827 υ.
1075 2772 1181 2828 Sed
1207 2771 1330 2841 quis
1358 2773 1458 2826 hos
1491 2775 1705 2826 caneris
1749 2770 2000 2841 omnibus
2030 2785 2168 2839 prte-

582 2845 760 2901 ferat?
786 2843 996 2901 accedit
1017 2844 1160 2913 quod
1189 2840 1314 2898 cum
1336 2841 1700 2911 Triptolemus
1727 2841 1846 2896 vehi
1871 2840 2168 2913 fiug_eretur

585 2931 618 2970 a
643 2918 982 2985 serpentibus
1011 2911 1110 2986 (sic
1135 2917 1280 2986 enim
1306 2914 1626 2968 Ammianus
1649 2913 1745 2967 lib.
1772 2928 1886 2966 xxu
1911 2929 1924 2969 :
1958 2911 2168 2986 Tripto-

582 2990 772 3043 lemum
789 3030 805 3055 ,
828 2985 1026 3059 inquit,
1037 2987 1097 3040 ob
1119 2985 1332 3056 rapidos
1353 3001 1652 3059 congressus
1665 2987 1825 3059 aeris,
1839 2985 2169 3059 serpentibus

583 3054 878 3133 pennigeris
903 3054 916 3059 ⁷
933 3054 1189 3133 fabulosa
1212 3065 1433 3133 uetustas
1451 3054 1464 3057 ⁷
1475 3054 1718 3133 imponit)
1746 3097 1762 3122 ,
1806 3054 1946 3112 sicut
1974 3071 2168 3133 pennas

583 3127 800 3214 proprie
829 3127 956 3214 sunt
988 3132 1298 3211 volucrum,
1332 3129 1406 3183 ita
1429 3127 1616 3210 pinna:
1642 3135 1954 3196 serpentum
1979 3139 2033 3182 et
2056 3127 2165 3197 pis-
2192 3132 2236 3196 C
2269 3129 2598 3214 imperatore,
2637 3127 2835 3210 etc-{In
2883 3129 2945 3184 L:
2967 3174 2982 3200 ,

581 3199 726 3258 cium
777 3221 794 3261 :
837 3202 980 3259 unde
1031 3199 1342 3271 germanius
1390 3201 1597 3270 pinnati
1644 3207 1951 3270 serpentes,
2005 3214 2165 3269 quam

588 3275 808 3345 pennati
836 3285 963 3329 sunt
987 3272 1222 3345 dicendi.

655 3346 783 3418 (215
803 3386 819 3412 ,
847 3347 947 3416 γι.)
991 3342 1322 3418 Erichtheus.
1354 3341 1544 3418 Melius
1564 3357 1724 3418 quam
1755 3352 1909 3418 antea
1943 3340 2168 3418 Enrich-

584 3413 752 3472 theits.
785 3413 1135 3487 Nain'paueis
1163 3414 1319 3470 lineis
1353 3414 1779 3487 interjectisgsic,
1823 3415 1986 3487 etiam
2016 3413 2165 3487 _olim

584 3489 924 3545 scribebatur
951 3485 1105 3556 apud
1137 3502 1329 3542 omnes
1373 3488 1536 3542 codd.
1565 3496 1620 3541 et
1643 3485 1768 3542 Fre.
1789 3527 1804 3548 ,
1837 3486 1962 3542 licet
1991 3485 2164 3540 Hero-

589 3561 752 3617 dotus
809 3561 904 3616 lib.
948 3573 1053 3626 vn,
1104 3557 1420 3629 Apollodor.
1474 3557 1570 3613 lib.
1619 3573 1709 3620 ιιι.
1759 3556 1950 3614 Cicero
1993 3557 2104 3629 lib,
2132 3572 2170 3612 ιι

584 3629 808 3688 Tuscul.
833 3674 848 3698 ,
878 3633 962 3687 cui
989 3628 1232 3701 proxime
1259 3629 1526 3684 accedunt
1554 3629 1780 3684 Ovidius
1842 3631 1936 3684 lib.
1970 3645 2022 3701 ιι
2061 3628 2168 3684 Me-

588 3705 857 3774 tamorph.
877 3746 891 3769 ,
911 3699 1186 3759 Plutarch.
1209 3703 1261 3756 in
1280 3703 1514 3768 Theseo,
1540 3701 1774 3774 habeant
1796 3699 2164 3774 Euriclttheus,

585 3777 722 3830 sicut
743 3772 1014 3832 Lucianus
1043 3775 1346 3828 Erectheus.
1383 3774 1455 3828 At
1482 3773 1770 3827 maluimus
1807 3774 2005 3828 imitari
2034 3772 2122 3826 AI.
2148 3812 2164 3838 ,

586 3846 736 3904 Peta.
758 3890 776 3914 ,
808 3849 905 3903 Ln.
935 3855 992 3902 et
1013 3846 1307 3901 Isocratem
1332 3845 1388 3899 in
1433 3844 1632 3899 laudat.
1665 3843 1915 3910 Helena,
1968 3843 2169 3898 Home-

584 3934 704 3976 rum
737 3921 934 3990 ipsum,
968 3918 1202 3990 Pausan.
1234 3916 1329 3970 lib.
1363 3931 1411 3982 ι,
1443 3917 1834 3990 ,Ιιιειὶιιιιριλιὶιλ
1870 3930 1930 3970 ιι.
1954 3914 2012 3990 In
2049 3916 2163 3990 \_l_i.,

582 3989 649 4046 0.
675 4001 732 4046 et
757 3985 982 4046 Vincen.
1012 3989 1280 4053 Ericteus,
1312 4002 1409 4042 seu
1439 3989 1600 4042 etiam
1645 3985 1885 4040 Erictous
1919 4002 1938 4041 :
1969 3987 2021 4041 in
2055 3986 2119 4041 V.
2146 4029 2162 4056 ,

579 4059 659 4118 Pi.
688 4103 703 4127 ,
734 4063 1000 4117 Erictltcus
1049 4073 1104 4117 et
1142 4059 1457 4124 Erit/treus;
1499 4058 1645 4114 hunc
1691 4059 1937 4114 nonnulli
1978 4057 2168 4113 volunt

581 4149 703 4190 esse
729 4138 978 4190 eumdem
1023 4148 1144 4187 cum
1196 4129 1574 4194 Erichthonio,
1619 4128 1688 4185 de
1729 4145 1836 4199 quo
1885 4131 2163 4199 superius;

583 4207 715 4261 mihi
745 4216 893 4261 certe
914 4205 1093 4260 minus
1121 4204 1280 4272 sapit.
1307 4201 1456 4257 Licet
1476 4201 1621 4256 enim
1652 4200 1897 4256 Justinus
1929 4199 2168 4255 Ericltthi

584 4285 796 4332 tantum
827 4275 1173 4339 meminerit;
1206 4273 1498 4328 Eusebium
1527 4283 1706 4326 tamen
1739 4275 1898 4328 aliter
1925 4274 2168 4328 sensisse

581 4350 715 4402 satis
749 4349 938 4416 probat
965 4346 1215 4403 Chronici
1243 4345 1380 4400 ratio
1410 4355 1464 4399 et
1493 4355 1810 4408 contextus,
1840 4345 1892 4398 in
1924 4360 2031 4416 quo
2058 4342 2168 4399 duo

582 4415 959 4492 proponuntur
983 4435 998 4482 ;
1032 4418 1170 4492 alter
1191 4417 1282 4486 qui
1306 4424 1530 4488 quartus
1559 4431 1678 4484 rex,
1703 4415 1843 4470 alter
1870 4415 2166 4486 quisextus

582 4489 996 4546 Atheniensium
1027 4489 1206 4544 fuerit.

1282 4557 1575 4633 zEdoneus.
1629 4559 1746 4615 IIoc
1785 4558 2162 4633 nobispotius
2190 4528 2246 4590 D

582 4630 868 4705 prebatuin
896 4642 1008 4702 est,
1039 4630 1200 4705 quam
1228 4630 1372 4705 quod
1399 4633 1529 4705 olim
1561 4633 1852 4705 Aidoneus,
1882 4631 2164 4705 velpAidu-

582 4701 708 4761 neas
737 4706 905 4770 Man,
937 4707 1020 4760 vel
1057 4701 1290 4759 ’Idoneus
1328 4703 1394 4758 0.
1417 4745 1432 4770 ,
1473 4703 1554 4757 Vi.
1590 4703 1724 4760 Cum
1763 4707 1906 4758 enim
1949 4703 2020 4757 sit
2057 4718 2164 4759 vox

579 4775 767 4833 Grzeca
800 4775 1092 4844 Ἀϊδωνεὺς,
1123 4775 1310 4846 sicque
1351 4776 1558 4845 legatur
1596 4775 1737 4846 apud
1778 4775 2160 4846 Plutarchum,

582 4847 890 4914 Elianutn,
922 4858 979 4905 et
1024 4849 1180 4913 alios,
1209 4848 1576 4918 diphthongus
1616 4871 1704 4914 αι,
1737 4847 1922 4902 Latine
1955 4863 2054 4918 per
2079 4862 2159 4915 az,

581 4919 827 4976 redditur
855 4937 870 4986 ;
902 4921 1187 4991 nullusque
1213 4917 1297 4975 est
1323 4919 1416 4989 qui
1437 4917 1645 4976 nesciat
1668 4934 1863 4976 nomen
1886 4933 2011 4975 esse
2036 4917 2162 4973 Plu-

581 4994 726 5047 tonis
755 4993 914 5062 apudg
928 4991 1168 5062 Graecos.

654 5059 842 5137 (Ibidi)
883 5060 1210 5137 Pirithoum._
1253 5060 1563 5137 Pyrilhoum
1610 5063 1748 5118 Fux.
1788 5079 1805 5131 ;
1858 5059 2166 5118 Perithoum

581 5133 682 5194 Fa.
705 5177 721 5200 ,
757 5133 875 5205 Vi},
906 5137 1004 5201 0.;
1044 5133 1329 5190 Perithoim
1357 5134 1482 5190 Fre.

646 5208 796 5276 (215,
819 5205 906 5278 ll.)
945 5206 1264 5262 Laomedon.
1293 5205 1618 5272 Laumedon,
1652 5206 1757 5262 Fa.

649 5277 818 5352 (iis,
851 5282 952 5350 vr.)
993 5278 1285 5352 Drythiam.
1323 5282 1398 5335 De
1438 5280 1540 5334 hac
1579 5295 1713 5335 voce
1746 5277 1870 5335 vide
1905 5292 2027 5350 qua:
2065 5290 2164 5333 su-

871 5421 1058 5506 Λεξτωὶ
1087 5422 1249 5506 ﬁlius.
1289 5421 1490 5506 Astraba:
1516 5421 1658 5506 ﬁlius
1686 5420 1822 5506 Lo.,
1857 5419 2020 5506 lira;
2052 5422 2163 5506 ῥεῖ

547 5493 738 5551 διηέιὶε
759 5495 903 5565 ﬁlius
941 5495 1071 5549 Mar.
1097 5511 1114 5562 ;
1146 5494 1418 5549 Astrazlius
1456 5497 1602 5550 Peta.
1623 5535 1640 5561 ,
1671 5496 1839 5550 Astra:
1866 5493 2002 5549 Fux.
2051 5493 2162 5550 Sed

575 5567 694 5623 sine
717 5566 882 5624 dubio
908 5566 1118 5636 vulgata
1161 5567 1324 5622 lectio
1360 5575 1444 5621 est
1474 5566 1779 5622 retinenda.
1810 5565 1944 5621 Nam
1983 5577 2160 5635 poeta:

574 5637 786 5707 fingunt
811 5640 1083 5692 Astraeum
1110 5653 1230 5693 cum
1263 5638 1473 5692 Aurora
1499 5637 1880 5702 concubuisse,
1915 5649 1967 5692 et
1994 5653 2066 5692 ex
2094 5651 2158 5692 ea

576 5721 771 5766 ventos
798 5720 1113 5778 generasse,
1141 5711 1230 5778 qui
1252 5709 1418 5762 etiam
1458 5710 1526 5764 ab
1547 5725 1612 5766 eo
1643 5708 1824 5766 Astrei
1846 5709 1976 5764 dicti
1995 5719 2155 5765 sunt:

575 5779 647 5838 de
673 5793 780 5848 qua
805 5791 868 5834 re
890 5776 1042 5845 plura
1068 5776 1210 5848 apud
1239 5778 1491 5836 Ovidium
1529 5780 1624 5839 lib.
1669 5795 1757 5838 xlv
1794 5781 2154 5852 Metamorph.

1279 217 1370 275 AD
1405 212 1790 274 CHRONICON
1829 210 2728 275 EUSEBIO-HIERONVMIANUM
2763 209 3131 271 APPENDIX.

2192 1739 2239 1800 Β

3753 215 3862 275 808

2328 335 2512 410 (Ibid)
2542 335 2723 410 Quem
2738 335 2931 410 fabula:
2952 334 3571 410 pentumrconilinguntJn
3593 335 3655 392 L.
3682 378 3700 405 ,
3728 336 3857 400 L0,,

2257 407 2369 474 Δί,
2405 407 2470 462 V.
2495 449 2508 470 ,
2540 409 2611 463 Μ.
2635 448 2650 472 ,
2698 407 2793 475 Ρ.,
2824 409 2920 471 0.,
2952 408 3034 464 Vi.
3065 448 3079 474 ,
3116 407 3232 474 Pi.,
3267 407 3428 476 ne,
3477 409 3741 473 Vincen.,
3803 414 3857 465 in

2257 482 2467 550 specul.
2495 481 2692 535 histor.
2718 489 2773 534 et
2795 490 2974 534 natur.
3004 491 3058 535 et
3083 479 3243 548 Ven.,
3268 496 3416 546 quem
3447 481 3627 548 [nbula
3651 491 3860 537 veritum

2259 552 2507 622 conﬁngit
2534 567 2553 604 :
2585 551 2636 605 in
2666 551 2927 620 singulari
2960 553 3224 606 utrumvis
3249 555 3511 621 posueris.
3548 569 3738 622 parum
3767 570 3857 609 re-

2257 621 2364 678 fert
2395 643 2407 676 :
2443 626 2493 696 in
2528 622 2663 678 Fux.
2689 663 2703 688 ,
2731 639 2880 693 quem
2898 623 3078 694 fabula
3107 631 3314 678 ventum
3344 621 3654 692 Aquilonem
3697 627 3860 696 fuisse

2258 695 2530 748 continuit.

2555 764 2664 822 Sub
2691 764 2788 820 hoc
2820 776 2867 820 et
2897 767 3140 838 mysteria
3181 775 3461 838 casperuut.
3493 766 3859 826 Restituimus

2259 835 2663 910 distinctionem
2686 854 2805 906 qua:
2829 835 3025 893 erat'in
3053 835 3282 908 vulgatis
3306 850 3564 910 corrupta
3601 858 3612 893 :
3642 841 3697 894 in
3729 840 3814 896 Vi.
3836 883 3855 907 ,

2261 909 2362 982 0.,
2397 908 2478 963 Pi.
2509 919 2630 979 pOst
2659 910 2907 982 conﬁngit
2956 912 3102 980 (nam
3136 913 3208 965 ita
3253 908 3496 982 legunt),
3528 913 3780 981 sequitur
3810 923 3858 966 et

2259 981 2354 1034 sub
2382 981 2476 1034 hoc
2504 985 2744 1049 mysteria
2795 981 3096 1050 coeperunt:
3151 983 3204 1037 in
3251 981 3550 1050 Fux.,'sub
3589 985 3684 1037 hoc
3727 982 3862 1038 Eri-

2262 1051 2409 1105 etheo
2440 1052 2680 1123 mysteria
2707 1062 2966 1122 creperum
2999 1051 3330 1108 Athenienses
3357 1057 3496 1125 quod
3534 1056 3724 1125 Aquilo
3754 1053 3863 1109 Bo-

2261 1139 2375 1177 reas
2421 1126 2613 1178 dicitur
2641 1141 2658 1176 :
2701 1126 2790 1178 ubi
2823 1125 3080 1178 mendum
3128 1136 3216 1180 est
3263 1125 3627 1181 manifestum.
3679 1131 3861 1183 Antea

2265 1211 2370 1248 non
2412 1208 2533 1250 erat
2585 1205 2833 1264 separata
2884 1197 3174 1263 sententia,
3228 1198 3321 1252 sed
3357 1198 3548 1253 vitiose
3596 1213 3662 1254 ac
3715 1197 3862 1255 frede

2266 1267 2576 1321 cohaerebat
2603 1283 2724 1320 cum
2757 1269 3001 1336 sequenti
3052 1267 3133 1321 Ea
3160 1285 3274 1338 qua:
3310 1269 3373 1323 de
3401 1267 3610 1333 Perseo,
3629 1280 3737 1326 etc.
3756 1271 3860 1336 Qui

2268 1353 2421 1413 error
2464 1337 2682 1413 irrepsit
2720 1354 2785 1413 ex
2827 1337 3179 1413 ignoratione
3221 1341 3348 1409 quid
3391 1343 3648 1413 mysteria
3686 1343 3858 1413 signi-

2268 1409 2514 1464 ficarent.
2549 1410 2656 1466 Sed
2683 1411 2772 1479 qui
2814 1411 2898 1465 vel
2945 1413 3225 1465 minimum
3259 1409 3498 1467 versatus
3524 1421 3612 1468 est
3637 1412 3692 1466 in
3719 1409 3861 1468 anti-

2267 1484 2514 1554 quiornm
2551 1491 2872 1554 >auctorum_
2891 1483 3154 1550 lectione,
3204 1483 3308 1538 scit
3351 1483 3554 1552 majora
3595 1485 3856 1554 mysteria

2269 1551 2433 1609 fuisse
2467 1555 2519 1607 in
2551 1552 2810 1607 honorem
2835 1551 3055 1609 Cereris
3079 1554 3354 1621 instituta,
3389 1551 3599 1610 minora
3640 1551 3775 1612 vero
3802 1558 3857 1612 in

2271 1626 2531 1681 honorent
2573 1623 2918 1694 Proserpina:
2947 1627 3072 1680 filiae
3102 1627 3237 1695 ejus.
3271 1623 3406 1681 Cum
3437 1636 3621 1682 autem
3651 1629 3860 1697 simpli-

2268 1698 2406 1770 citer
2438 1698 2747 1770 loquuntur
2801 1697 2868 1752 o'e
2924 1699 3232 1770 mysteriis,
3273 1697 3581 1767 intelligunt
3627 1700 3855 1770 majora.

2337 1767 2467 1842 (215
2487 1809 2500 1834 ,
2533 1770 2635 1842 vi.)
2679 1767 2902 1842 [fingunt
2928 1767 3001 1842 (de
3031 1768 3218 1824 Perseo
3239 1770 3522 1842 dicuntur,
3555 1779 3679 1824 tunc
3714 1767 3855 1842 'gesta

2264 1851 2405 1893 sunt.
2439 1840 2513 1894 Ea
2544 1839 2626 1893 his
2654 1839 2892 1895 adhibita
2926 1841 3051 1893 lima
3093 1857 3158 1894 ex
3211 1841 3330 1906 Vi.,
3357 1843 3456 1907 0.,
3485 1841 3566 1896 Pi.
3589 1884 3604 1907 ,
3635 1839 3747 1908 Mf,
3803 1846 3853 1899 in

2263 1913 2461 1982 quibus
2478 1910 2689 1964 accedit
2712 1910 2883 1977 Fux.,
2914 1911 2970 1966 in
3000 1927 3139 1980 quo:
3164 1910 3246 1966 Ea
3260 1929 3375 1983 qua
3402 1911 3589 1967 Perseo
3610 1913 3857 1970 dicuntur

2266 1985 2360 2038 hoc
2389 1994 2615 2053 tempore
2643 1984 2783 2053 facta
2807 1989 3036 2052 fuerunt.
3067 1985 3124 2039 In
3161 1985 3310 2056 Peta.
3338 2001 3354 2038 :
3388 1984 3466 2038 Ea
3491 2001 3604 2056 qua:
3627 1987 3692 2040 de
3721 1985 3849 2042 Per-

2264 2071 2349 2108 seo
2381 2056 2623 2107 dicuntur
2653 2055 2919 2109 habentur
2945 2057 3065 2112 sine
3084 2054 3317 2123 caneris,
3352 2056 3426 2110 ita
3453 2054 3630 2113 tamen
3661 2068 3718 2111 ut
3750 2059 3855 2113 sint

2267 2138 2517 2198 separata
2546 2141 2576 2179 a
2611 2126 2935 2198 prazcedenti
2961 2172 2974 2194 ,
3009 2137 3065 2182 et
3090 2129 3442 2196 subsequenti
3474 2129 3848 2198 paragrapho:

2266 2196 2410 2252 hunc
2437 2207 2492 2252 et
2523 2197 2888 2267 praecedentes
2928 2199 3178 2254 duximus
3208 2196 3500 2254 imitandos
3525 2196 3645 2254 cuin
3689 2196 3851 2257 antea

2268 2271 2322 2324 in
2345 2269 2594 2338 vulgatis,
2619 2278 2674 2324 et
2700 2269 2976 2324 nonnullis
3015 2285 3146 2325 mss.
3180 2269 3328 2327 {uade
3357 2287 3479 2326 cum
3510 2271 3613 2324 illis
3638 2286 3847 2340 praece-

2266 2340 2519 2394 dentibus
2550 2340 2734 2394 verbis
2759 2343 3002 2410 mysteria
3038 2350 3324 2411 coeperunt,
3364 2344 3724 2398 coalescerent
3746 2343 3842 2397 sub

2266 2411 2363 2466 hoc
2384 2421 2427 2464 et
2454 2413 2694 2481 mysteria
2711 2426 2977 2484 (ca’perunt
3003 2429 3119 2480 qua:
3139 2414 3202 2468 de
3224 2412 3412 2468 Perseo
3429 2415 3688 2479 dicuntur,
3711 2430 3853 2484 qua-

2267 2484 2316 2557 si
2343 2485 2618 2557 deberent
2638 2483 2832 2557 referri
2850 2483 2917 2539 ad
2949 2485 3198 2557 Boream.
3223 2485 3291 2540 de
3337 2502 3444 2557 quo
3467 2493 3583 2541 erat
3620 2483 3853 2542 senten-

2269 2556 2341 2609 tia
2381 2574 2398 2622 ,
2429 2570 2550 2609 cum
2589 2555 2826 2611 debeant
2863 2557 3026 2613 tribui
3061 2555 3365 2612 Erichtheo
3385 2563 3516 2625 regi.
3563 2557 3771 2612 Contra
3803 2559 3859 2612 in

2271 2625 2334 2682 V.
2365 2625 2652 2697 coniicitur
2682 2644 2782 2680 una
2813 2629 3079 2684 sententia
3095 2644 3216 2682 cum
3239 2630 3587 2697 sequentibus
3609 2628 3714 2684 hoc
3737 2644 3858 2684 mo-

2267 2697 2360 2761 do.
2393 2695 2474 2750 Ea
2500 2713 2613 2762 qua:
2635 2699 2698 2752 de
2731 2697 2918 2754 Perseo
2947 2701 3191 2754 dicuntur
3217 2695 3497 2754 secundum
3514 2701 3857 2766 quorumdam

2268 2771 2591 2844 Opinionem,
2617 2771 2711 2844 hac
2741 2782 2888 2825 ωιαιε
2917 2783 3063 2844 gesta
3089 2780 3227 2844 sunt.
3260 2771 3369 2827 Sed
3397 2773 3529 2842 quia
3559 2782 3752 2827 auctor
3783 2773 3857 2827 lo-

2269 2843 2454 2914 quitur
2481 2852 2534 2896 et
2561 2842 2629 2896 de
2653 2842 2876 2907 Perseo,
2909 2842 2962 2898 et
2991 2844 3060 2899 de
3089 2843 3291 2898 Phrixo
3326 2845 3490 2898 variis
3516 2845 3854 2911 temporibus

2271 2914 2568 2969 secundum
2600 2915 2774 2984 varias
2801 2916 3086 2984 opiniones
3109 2925 3412 2980 auctorum,
3442 2930 3548 2969 non
3576 2915 3677 2969 fuit
3700 2915 3859 2972 facile

2267 2985 2532 3056 judicare,
2566 2999 2633 3056 an
2664 2983 2779 3056 haec
2807 2983 2972 3042 lectio
3001 2995 3145 3043 esset
3172 2987 3342 3056 magis
3375 2986 3680 3056 sequenda.

2345 3057 2470 3126 (217
2491 3097 2505 3121 ,
2533 3053 2639 3127 ιν.)
2679 3054 3052 3129 ίΕςῃμῑιοηιηι
3077 3053 3321 3129 dynastia
3342 3053 3468 3129 xix,
3485 3075 3576 3111 an.
3611 3057 3736 3123 194,
3760 3075 3855 3113 suo

3015 3127 3130 3194 Μ,
3157 3129 3275 3184 Pi.:
3309 3127 3553 3202 Afgyptii
3594 3141 3711 3199 post
3746 3146 3859 3197 nx,

2271 3200 2553 3272 dinastiant
2593 3217 2687 3254 suo
2716 3202 3020 3272 imperatore
3063 3200 3465 3272 ulijwperunt;
3501 3217 3720 3271 quorum
3754 3204 3864 3270 pri-

2271 3289 2384 3326 mus
2412 3269 2604 3344 Setltus
2647 3269 2815 3342 capit.
2849 3275 2903 3329 In
2935 3274 3002 3330 A.
3055 3289 3071 3328 ε
3109 3269 3328 3344 lEgypti
3373 3269 3600 3344 dinastia
3639 3269 3861 3339 quorum

2271 3346 2468 3415 primus
2500 3342 2693 3398 Sethus
2722 3361 2809 3397 an.
2841 3347 2932 3399 55.
2968 3344 3027 3400 In
3055 3345 3152 3400 Lo.
3178 3342 3200 3409 ,ί
3223 3342 3388 3415 Ρειει.
3416 3363 3427 3397 :
3463 3343 3854 3415 .Egyptiﬁxix,

2269 3414 2514 3481 dinastia,
2530 3431 2750 3488 quorth
2769 3417 2964 3486 primus
2984 3418 3213 3488 regn_apit
3234 3414 3390 3471 Zelus
3408 3432 3427 3470 :
3445 3414 3586 3472 idem
3612 3416 3666 3488 in
3693 3414 3856 3488 Fux.,

2271 3488 2371 3542 nisi
2402 3485 2549 3556 quod
2574 3501 2671 3556 pro
2697 3485 2853 3541 Zelus
2879 3485 3069 3558 legitur
3090 3485 3343 3541 Thetltus.
3370 3487 3425 3542 In
3463 3487 3542 3541 Vi.
3561 3530 3577 3555 ,
3607 3487 3673 3541 0.
3691 3505 3724 3556 _:
3756 3487 3862 3542 εΕ-

2269 3559 2430 3630 ggplit
2459 3567 2573 3626 post
2605 3567 2836 3612 octavam
2865 3560 3116 3630 decimam
3153 3559 3433 3614 dinastiant
3459 3575 3574 3621 suo,
3604 3568 3714 3612 etc.
3743 3563 3862 3616 Alia

2268 3629 2603 3703 exemplaria
2629 3640 2736 3684 tam
2767 3629 3099 3703 mss.'quam
3149 3631 3414 3700 impressa
3457 3640 3702 3686 nostram
3749 3632 3862 3689 lec—

2271 3702 2473 3757 tionem
2507 3700 2760 3756 retinent.

2341 3772 2666 3844 (Ibid.)_An.
2695 3773 2816 3830 191.
2848 3772 3054 3830 Auctus
3083 3790 3341 3830 numerus
3360 3815 3376 3840 ,
3413 3789 3536 3830 cum
3565 3777 3698 3833 olim
3735 3777 3858 3844 ιιι,

2270 3857 2492 3920 anetore
2509 3842 2616 3899 'Fa.
2638 3888 2652 3913 ,
2686 3845 2924 3900 maxime
2953 3862 3076 3901 cum
3099 3847 3237 3901 ratio
3263 3847 3462 3902 calculi
3485 3849 3556 3901 ita
3593 3842 3860 3920 prmscrié

2270 3916 2392 3990 bat,
2429 3917 2974 3990 hincrnumeratione
3013 3930 3263 3988 suscepta
3310 3935 3482 3990 usque
3521 3916 3614 3974 ad'
3640 3922 3858 3976 initium

2268 3989 2630 4115 ἓγηθεὲωχὲο
2650 3991 2892 4114 deesse
2923 4001 3104 4046 tamen
3132 3989 3446 4046 observabis
3471 3994 3526 4048 in
3549 3993 3704 4048 Peta.
3726 4034 3744 4061 ,
3763 3993 3856 4060 0.,

2317 4078 2402 4115 ο..
2483 4077 2512 4114 ιι
2559 4099 2611 4115 ..
2695 4077 2731 4114 ι.

2317 4078 2402 4126 0.,
2436 4075 2571 4115 rux.
2595 4100 2611 4128 ,
2652 4075 2731 4114 Vl.

2343 4132 2509 4202 (217,,
2546 4135 2648 4202 vr.)
2688 4132 2944 4190 Phrixus.
2972 4131 3108 4189 Cum
3139 4135 3242 4191 hoc
3272 4149 3471 4191 nomen
3501 4135 3583 4191 bis
3613 4135 3860 4193 invenia-

2271 4201 2361 4258 tur
2382 4205 2436 4258 in
2469 4201 2571 4257 hoc
2591 4201 2730 4260 libro
2753 4206 2907 4275 ,ejus
2928 4207 3204 4262 scribendi
3231 4209 3370 4262 ratio
3397 4215 3482 4262 est
3514 4206 3664 4263 varia
3692 4226 3706 4261 :
3750 4209 3864 4261 vul-

2267 4278 2375 4346 gali
2406 4275 2511 4329 hoc
2536 4277 2701 4350 priori
2725 4276 2844 4332 loco
2875 4293 2969 4350 per
2990 4278 3030 4343 i,
3060 4289 3116 4333 et
3134 4279 3375 4335 secundo
3407 4295 3500 4349 per
3529 4296 3597 4350 νς
3626 4295 3693 4335 ex
3728 4294 3862 4334 mss.

2270 4361 2484 4421 quoque
2513 4347 2604 4402 alii
2621 4365 2722 4421 per
2750 4367 2806 4421 y,
2835 4349 2928 4404 alii
2958 4352 3126 4420 peri,
3161 4359 3268 4406 tam
3296 4347 3462 4421 priori
3487 4347 3650 4420 quam
3683 4361 3866 4421 poste-

2269 4419 2405 4472 riori
2433 4418 2574 4473 loco.
2620 4419 2730 4476 Nec
2754 4418 2939 4476 'minor
2960 4418 3052 4476 est
3090 4418 3368 4477 contentio
3400 4418 3541 4478 inter
3580 4418 3860 4479 auctores.

2269 4488 2405 4566 ljam
2436 4488 3049 4566 Horatius,Columella,
3077 4494 3253 4566 etalii
3283 4509 3380 4564 per
3403 4505 3544 4566 y;at
3567 4494 3861 4558 Pindarus,

2269 4560 2588 4631 Pausanias,
2625 4563 2851 4620 Ovidius
2869 4581 2966 4635 per
2988 4564 3036 4636 i;
3069 4563 3193 4636 quia
3218 4560 3576 4622 tamen'video
3597 4566 3865 4634 majorem

2269 4649 2552 4707 numerum
2581 4637 2970 4707 exemplarium
3001 4635 3101 4692 hos
3149 4637 3372 4706 imitari,
3407 4639 3692 4707 minusque
3729 4651 3865 4704 pro-

2267 4705 2447 4761 babile
2471 4707 2542 4760 sit
2561 4705 2841 4763 auctorem
2868 4709 3006 4764 adeo
3032 4723 3154 4764 esse
3181 4708 3288 4764 sibi
3317 4705 3525 4764 varium
3548 4749 3564 4774 ,
3593 4705 3648 4763 et
3675 4708 3862 4762 diver-

2267 4790 2409 4841 sum,
2441 4779 2637 4851 placuit
2659 4781 2896 4836 retinere
2924 4781 3028 4834 hoc
3052 4781 3176 4835 ineo
3203 4781 3476 4851 vulgatam
3501 4779 3851 4849 scripturam,

2269 4859 2324 4904 et
2348 4850 2650 4922 emendare
2671 4860 3012 4922 sequentem.

2341 4918 2530 4993 (lbid.)
2569 4923 2676 4977 Per
2701 4918 2860 4978 mare.
2893 4921 2996 4978 Per
3031 4939 3201 4978 aerem
3230 4923 3292 4979 L.
3319 4964 3335 4990 ,
3363 4923 3458 4993 A.,
3489 4922 3584 4988 V.,
3611 4920 3671 4977 P.
3694 4959 3712 4988 ,
3740 4918 3858 4984 Pi.,

2270 4989 2424 5063 Peta.
2443 5032 2456 5055 ,
2490 4989 2654 5062 Fux.,
2683 4993 2802 5051 Ado
2838 4995 2889 5048 in
2919 4994 3175 5050 Chronic.
3236 4989 3555 5063 Apollodor.
3583 4995 3676 5048 lib.
3709 5008 3730 5047 ι
3751 5034 3766 5058 ,
3800 5002 3863 5048 et

2269 5063 2350 5136 sic
2378 5062 2593 5120 videtur
2618 5070 2819 5122 sentire
2849 5067 2912 5121 D.
2943 5068 3077 5136 Aug.
3113 5067 3206 5122 lib.
3241 5062 3392 5136 xvnt,
3420 5067 3489 5122 de
3516 5066 3704 5132 Civit.,
3725 5079 3856 5134 cap.

2271 5135 2362 5191 1b.
2396 5136 2589 5191 Verum
2617 5140 2766 5206 prius
2796 5135 3134 5194 communius
3161 5155 3172 5190 :
3199 5139 3252 5192 in
3279 5135 3380 5192 Lo.
3405 5140 3470 5192 ab
3499 5155 3635 5192 aere.
3661 5135 3859 5192 Nostra

2269 5206 2434 5280 lectio
2480 5219 2562 5263 est
2609 5209 2777 5280 ipsius
2816 5209 3097 5280 Palephati
3135 5209 3231 5263 lib.
3282 5208 3356 5280 de
3389 5209 3583 5264 fabulis
3630 5207 3716 5265 διὰ
3766 5215 3862 5269 τῆς

2268 5279 2530 5355 θαλάσσης
2555 5277 2902 5355 aptatam-sesi;
2927 5281 3011 5355 τὸν
3031 5278 3261 5355 Εὔξεινον
3287 5277 3489 5355 πάντα-δ.
3525 5281 3633 5355 Sic_
3657 5281 3863 5355 Diodo-

2269 5365 2385 5419 rus,
2420 5353 2512 5405 lib.
2556 5350 2608 5408 iv
2641 5369 2763 5420 cap.
2801 5351 2858 5418 4,
2893 5353 3040 5421 vult,
3073 5354 3201 5407 dum
3233 5353 3425 5408 scribit
3455 5350 3865 5408 transfretanti-

2266 5423 2366 5478 bus
2391 5423 2592 5480 Phrixo
2619 5435 2676 5480 et
2706 5423 2858 5479 Helle
2886 5439 2950 5478 ex
3003 5424 3215 5492 Europa
3248 5425 3301 5478 in
3353 5424 3536 5478 Asiani
3569 5439 3739 5492 super
3762 5438 3863 5476 au-

2264 5509 2362 5550 reo
2382 5495 2573 5568 ariete,
2592 5495 2855 5568 virginem
2879 5497 2932 5549 in
2958 5509 3108 5549 mare
3128 5493 3404 5568 delapsam
3426 5511 3634 5568 nomen
3652 5495 3865 5550 llelles—

2265 5575 2429 5634 ponto
2461 5565 2697 5636 dedisse,
2731 5577 2786 5623 et
2833 5567 3090 5622 Phrixum
3140 5567 3192 5621 in
3224 5565 3452 5632 Pontum
3503 5567 3866 5636 proficiscen-

2268 5637 2633 5708 temdelatum
2663 5643 2714 5694 in
2745 5637 3004 5696 Colchida
3035 5655 3049 5691 :
3081 5648 3134 5693 et
3154 5636 3352 5708 Apulei
3395 5636 3490 5708 lib.
3524 5653 3576 5708 vi
3600 5637 3671 5694 de
3697 5637 3858 5694 Asia.

2262 5705 2519 5839 Elgkum
2567 5711 2722 5770 arieti
2764 5717 3148 5782 supernatasse
3181 5705 3217 5763 ε’
3238 5709 3370 5768 hinc
3392 5707 3584 5768 Manil.
3631 5709 3732 5766 lib.
3765 5724 3818 5765 tv
3841 5748 3857 5775 ,

2364 5796 2485 5839 ron.
2524 5799 2539 5839 :
3075 5837 3078 5839 λ

2341 5787 2485 5839 ιιοιι.
2524 5799 2539 5839 ε
