3968 6322
540 209 644 270 887

1243 215 1335 269 AD
1371 209 1763 296 CIIBONICON
1805 207 2712 267 EUSEBIO—HIERONYMIANUM
2754 209 3119 293 APPENDIX.

534 331 700 400 Fux.,
742 332 915 398 Peta.,
945 333 1070 397 Lo.,
1109 333 1210 397 Vi.,
1259 330 1350 394 0.,
1401 329 1520 389 So..
1552 327 1779 382 Vincen.
1804 369 1820 394 ,
1858 327 2019 382 etiam
2053 341 2120 400 ex
2148 332 2197 392 Α
2225 339 2318 400 me
2347 326 2740 400 continerem,
2770 329 2948 400 “quasi
3002 327 3115 400 voti
3161 327 3454 384 immemor
3504 328 3841 400 transiliam,

540 405 919 474 Sequentibns,
940 405 1034 458 ubi
1063 403 1132 457 de
1153 403 1348 457 eodem
1373 401 1830 474 tyrannoagitnr,
1847 399 2118 474 communi

539 470 871 546 reliquorum
899 470 1197 546 exemplar.
1232 486 1488 546 assensu,
1523 470 2122 546 quibus__astipulautur

541 539 870 610 Herodotus,
901 539 1243 606 Plutarchus,
1289 539 1613 597 Ptolemuius
1637 583 1650 606 ,
1677 539 1952 606 rElianus,
1982 539 2122 609 apud

540 631 704 686 quem
739 616 1050 688 Hiparchus,
1082 626 1142 688 ee
1164 616 1274 677 alii,
1313 627 1410 681 pro
1443 611 1740 688 Hirpagus,
1771 619 1827 666 ut
1851 613 1900 688 in
1925 610 2122 688 editio-_

541 681 706 742 nibus
735 681 918 753 B.isil.,
963 687 1046 740 vel
1089 685 1391 756 Hyrpacus,
1443 692 1502 737 ut
1540 687 1590 737 in
1621 681 1759 738 Ven.
1789 682 2012 756 etLut.,
2040 682 2123 756 vel

546 755 910 827 Hipparchus,
957 764 1018 811 ut
1063 757 1115 810 in
1147 752 1301 810 Peta.
1339 756 1465 809 llam
1494 763 1754 827 prieterea
1788 754 1842 827 in
1870 754 1991 808 aliis
2029 752 2122 827 dc-

543 824 713 897 posita
744 840 874 898 sunt
899 828 964 881 ad
992 844 1082 882 an.
1109 827 1179 879 25
1208 831 1482 898 Amyntae,
1510 834 1567 898 ut
1597 825 1648 878 in
1674 825 1776 898 \'_i:,
1807 825 1895 889 0.;
1917 827 1972 898 in
2000 824 2125 898 aliis

540 894 607 951 ad
639 914 728 951 an.
752 897 843 963 26,
872 907 930 952 ut
956 899 1008 952 in
1042 901 1212 961 Peta.;
1245 894 1450 952 in'aliis
1478 896 1545 951 ad
1573 911 1662 954 an.
1693 895 1784 960 28,
1819 906 1876 950 ut
1915 896 1968 950 in
1999 894 2119 959 Lo.;

540 969 594 1022 in
618 970 740 1023 aliis
779 970 844 1024 ad
883 985 972 1024 an.
997 969 1088 1032 29,
1123 978 1178 1024 ut
1208 971 1259 1022 in
1294 967 1442 1032 Fux;
1477 967 1529 1021 in
1563 967 1686 1021 aliis
1716 968 1783 1020 ad
1826 981 1914 1021 an.
1949 969 2036 1031 36,
2070 975 2127 1018 ιιι

539 1039 592 1094 in
612 1039 695 1092 Pi.
720 1040 823 1095 Sed
855 1041 1083 1107 nequod
1109 1041 1488 1096 inconstantia
1511 1046 1888 1108 argumentum
1911 1037 2122 1101 demus,

538 1109 707 1164 nolim
733 1112 800 1164 ab
822 1110 983 1165 editis
1004 1111 1308 1177 discedere,
1332 1111 1631 1179 przcsertim
1653 1123 1783 1179 cum
1817 1112 1992 1163 faveat
2010 1108 2125 1164 chi-

541 1181 846 1252 rographns
873 1181 990 1245 F-‘L,
1022 1184 1114 1252 qui
1145 1197 1268 1236 cum
1300 1178 1403 1238 illis
1431 1181 1498 1236 ad
1529 1195 1618 1234 an.
1649 1178 1717 1234 50
1740 1179 1994 1252 Amynta:
2022 1180 2132 1234 col.

541 1249 704 1305 loeat.
736 1253 844 1308 Nec
866 1249 1053 1308 obstat’
1073 1255 1369 1308 anetoritas
1393 1252 1555 1307 ullius
1580 1251 1781 1306 veteris
1811 1249 2124 1320 scriptoris:

542 1322 708 1377 immo
751 1323 952 1377 lirmari
995 1325 1207 1379 videtur
1245 1323 1571 1378 auctoritate
1623 1322 1938 1378 Aristotelis
1969 1322 2062 1375 lib.
2094 1337 2127 1375 v

541 1390 698 1446 Polit.
730 1408 854 1462 cap.
886 1395 972 1459 l2,
1006 1395 1156 1458 dum,
1191 1405 1246 1449 ut
1277 1396 1532 1458 diximus,
1566 1393 1755 1449 scribit
1785 1392 2127 1446 Pisistratum

544 1463 734 1535 horum
766 1474 972 1532 patrem
998 1469 1255 1535 regnasse
1278 1467 1434 1520 annis
1459 1467 1520 1519 l7
1539 1481 1554 1528 ;
1575 1467 1660 1518 vix
1689 1465 1871 1535 plures
1889 1465 2129 1532 reperies

541 1534 584 1586 si
610 1549 862 1590 numeres
886 1539 953 1590 ab
977 1534 1120 1591 anno
1141 1536 1174 1588 2
1199 1539 1405 1604 olymp.
1433 1537 1521 1600 59,
1550 1552 1656 1604 quo
1682 1537 1799 1603 ipse
1815 1534 2131 1589 Pisistratus

549 1607 888 1674 tyrannidem
917 1608 1230 1677 resumpsit.
1247 1605 1399 1675 Adde
1417 1608 1720 1676 quod,teste
1739 1607 2012 1660 llerodoto
2029 1605 2129 1677 lib.

545 1690 618 1746 yet,
667 1677 888 1746 llippias
927 1676 1185 1745 expulSus
1215 1688 1300 1734 est
1353 1694 1497 1732 anno
1527 1679 1560 1732 4
1593 1677 1778 1746 regni,
1824 1692 1932 1746 quo
1964 1676 2128 1732 etiam

549 1744 892 1818 Hipparchus
921 1744 1039 1816 ejds
1072 1759 1224 1818 pater
1255 1750 1598 1803 interlicitur.

615 1817 765 1888 (453,
799 1822 894 1890 ιν.)
929 1820 1030 1886 Qui
1059 1817 1144 1873 eos
1176 1823 1441 1889 regnabat.
1479 1820 1579 1890 Qui
1606 1819 1984 1890 eisircgnabat,
2019 1818 2136 1890 $0.;

543 1891 638 1957 sed
671 1889 869 1943 desunt
897 1893 948 1944 in
975 1898 1060 1956 A.,
1085 1890 1169 1956 L.,
1192 1891 1285 1955 Μ.,
1316 1892 1489 1950 l’eta.,
1517 1889 1654 1954 Fux,
1681 1889 1887 1957 P.,’Pi.,
1916 1890 1998 1955 Vi,
2017 1889 2137 1950 Lo..

546 1956 668 2030 Fre.
689 2000 704 2022 ,
727 1959 890 2026 Man,
924 1961 1040 2026 Fa.,
1073 1962 1214 2017 Beda
1248 1981 1260 2016 :
1289 1964 1410 2016 ideo
1447 1961 1771 2017 videbantur
1809 1961 2138 2030 rejicienda,

550 2029 655 2082 nisi
692 2031 1004 2099 hujusmodi
1056 2034 1312 2103 loquendi
1353 2033 1586 2086 formula
1620 2032 1760 2101 apud
1796 2030 2019 2103 Latiuos
2049 2049 2144 2086 au—

546 2108 726 2156 ctores
754 2113 970 2172 recepta
987 2101 1159 2170 esset;
1178 2106 1255 2159 sic
1275 2103 1418 2160 enim
1437 2103 1697 2172 Virgilius
1720 2104 1814 2156 lib.
1831 2101 2137 2159 γιΑΞιιειιΙλ

1097 2220 1412 2284 Regnandam
1437 2228 1697 2284 acceperat
1723 2219 1924 2281 Albam;

547 2289 598 2334 εἰ
631 2323 643 2335 ι
798 2352 970 2404 Tellus
991 2356 1234 2420 quondam
1259 2361 1462 2420 regnata
1489 2354 1731 2418 Lycurgo.

547 2458 658 2515 Nec
685 2470 894 2516 tantum
926 2465 1172 2533 regiones
1198 2464 1283 2518 vel
1311 2464 1473 2518 urbes
1499 2462 1714 2531 regnari
1744 2461 2018 2526 dicuntur,
2045 2459 2141 2516 sed

549 2532 711 2584 ctiam
741 2542 929 2602 gentes
957 2553 966 2586 :
992 2532 1081 2589 isic
1112 2535 1254 2601 apud
1278 2534 1526 2589 Tacitum
1555 2543 1609 2588 et
1642 2533 1897 2595 Plinium,
1926 2541 2144 2600 regnata

545 2603 756 2675 feminis
771 2621 896 2672 gens
912 2622 930 2670 ;
944 2606 1127 2660 simile
1141 2607 1269 2675 quid
1290 2609 1409 2661 usui
1425 2605 1653 2674 Grmcis,
1674 2605 1762 2674 qui
1779 2604 2145 2674 βασιλεύεσθαι

550 2673 652 2727 ὑπό
679 2695 809 2734 τινος
839 2675 1044 2729 dicunt.

624 2741 878 2831 (455.4.)
899 2747 1129 2831 {Egypti
1156 2764 1338 2831 xxxvu
1361 2747 1628 2831 (ignauia,
1657 2747 1710 2799 in
1735 2761 1839 2831 qua
1862 2743 2145 2831 Persarum

547 2830 686 2892 rem;
708 2818 931 2892 obtinuit
956 2815 1313 2892 quippe,_etc.
1340 2815 1562 2892 Afgypti
1592 2815 2146 2892 dgnastiafersarum

553 2886 769 2961 obtinuit
796 2886 1007 2958 quippe,
1043 2886 1260 2946 ῥίψειε
1282 2886 1469 2961 Ιθειιιῖί
1491 2886 1813 2961 Ε’θηξΡειιιδ,
1844 2886 2003 2952 Fttx.,
2033 2886 2140 2951 γι,

552 2957 617 3009 0.
650 2967 703 3009 ct
733 2967 844 3011 tres
875 2976 1006 3014 mss.
1039 2961 1172 3015 Fab.
1196 3003 1209 3025 ,
1240 2957 1462 3027 Α.,“γ.,
1497 2961 1580 3024 Ρ.,
1613 2960 1735 3024 Lo.,
1764 2958 1923 3026 Man;
1956 2973 2142 3013 verum

549 3027 603 3080 in
749 3037 892 3101 totus
925 3031 1013 3084 hic
1042 3034 1413 3101 paragraphus
1438 3032 1644 3086 deﬁcit.

625 3098 810 3170 (lbid.)
844 3116 989 3154 xxvn
1021 3098 1305 3172 dynas'tia',
1348 3113 1454 3157 etc.
1491 3103 1617 3156 Hmc

551 3168 850 3241 adanun'm
887 3174 910 3223 ι
959 3168 1161 3239 olymp.
1197 3171 1286 3235 64,
1333 3186 1430 3227 seu
1483 3187 1573 3226 an.
1607 3173 1639 3225 7
1665 3168 1987 3241 Cambysis,
2015 3186 2139 3225 cum

552 3238 884 3314 debuissent
903 3238 1231 3309 respondere
1262 3260 1350 3297 an.
1383 3242 1416 3295 5
1436 3244 1640 3314 olymp.
1671 3243 1742 3298 65
1769 3253 1824 3297 et
1844 3238 1886 3292 ’5
1908 3240 2144 3311 Camby-

551 3309 647 3369 sis,
681 3317 839 3376 prout
874 3311 925 3363 in
965 3326 1086 3365 eum
1128 3326 1326 3368 annum
1371 3309 1562 3369 incidit
1587 3309 1679 3367 '42
1719 3328 1896 3366 annus
1929 3309 2144 3366 Amasis

555 3379 697 3453 regis
727 3381 1133 3453 Egyptiorum.
1159 3385 1267 3439 Sed
1295 3386 1503 3441 erroris
1537 3399 1700 3440 causa
1731 3384 1862 3446 fuit,
1895 3384 2018 3451 quia
2060 3384 2142 3436 in-

553 3451 703 3503 curia
737 3451 941 3508 librarii
985 3456 1272 3509 contexuit
1313 3458 1364 3510 in
1404 3455 1546 3511 serie
1581 3453 1793 3508 Amasis
1827 3467 2004 3506 annos
2036 3453 2139 3517 ιδ.

551 3523 693 3575 sicut
721 3524 773 3575 in
793 3523 926 3579 Fur.
951 3524 1294 3580 deducuntur
1314 3529 1437 3582 anni
1461 3527 1550 3581 M.
1571 3526 1806 3580 Necesse
1828 3533 1910 3578 est
1938 3534 2140 3589 autem,

556 3603 612 3646 ut
639 3593 852 3649 Amasis
882 3594 1087 3651 incidat
1116 3598 1166 3651 in
1200 3596 1234 3650 5
1270 3595 1576 3666 Cambysis,
1612 3605 1670 3649 ut
1701 3595 1816 3648 vult.
1843 3603 2034 3650 auctor
2063 3596 2145 3650 di-

557 3666 720 3718 sertis
749 3667 952 3720 verbis.
976 3668 1305 3733 Antoninus,
1325 3665 1455 3721 dum'
1480 3667 1612 3720 citat
1643 3665 1786 3719 hunc
1814 3666 2014 3729 locum,
2047 3669 2144 3734 ait,

554 3733 690 3788 hanc
713 3735 1003 3807 dynastiam
1024 3738 1305 3792 secundant
1326 3736 1615 3791 Eusebium
1639 3737 1691 3790 in
1715 3737 1980 3790 Chronicis
2002 3733 2143 3804 defe-

555 3808 842 3878 cisseanno
870 3808 903 3862 6
932 3809 1196 3878 Cambysis
1222 3825 1240 3863 :
1265 3811 1407 3864 unde
1436 3819 1648 3863 constat
1679 3807 1790 3876 jam
1822 3807 1951 3878 olim
1981 3808 2146 3862 libra—

554 3878 666 3949 rios
690 3877 776 3933 hic
801 3877 1188 3945 hallucinatos;
1217 3881 1380 3934 immo
1403 3881 1548 3949 quod
1577 3879 1748 3949 magis
1775 3877 1932 3932 nobis
1954 3878 2145 3934 dolen-

556 3947 704 4011 dum,
727 3950 1114 4019 typographus,
1135 3962 1318 4005 nosu-a
1341 3947 1689 4006 correctione
1707 3950 1978 4021 neglecta,
1998 3960 2145 4005 vcte-

556 4033 671 4072 rem
703 4035 947 4075 errorem
975 4031 1195 4076 SCCUIUS
1225 4034 1327 4076 881.

624 4089 810 4162 (ιδιά.)
845 4089 1142 4162 Cambyses.
1174 4091 1230 4146 lu
1267 4093 1377 4161 γι..
1407 4093 1503 4158 0.,
1537 4093 1666 4162 Fa.,
1701 4092 1865 4155 Fux..
1899 4091 2018 4153 Lo.,
2055 4090 2143 4156 v.,

558 4160 679 4225 Val,
707 4160 1110 4235 Cambisesjine
1139 4182 1193 4235 ῃ,
1227 4167 1321 4221 sed
1355 4160 1506 4221 nefas
1549 4160 2145 4235 luit'discedere_a_ca:-

554 4241 686 4306 teris
714 4233 936 4306 Manet
966 4233 1114 4306 Fre.,
1141 4231 1264 4306 cum
1290 4237 1402 4306 jam
1434 4243 1712 4306 receptum
1738 4235 1811 4306 sit
1836 4232 1978 4303 apud
2009 4231 2147 4306 Pau-

555 4305 762 4374 saniam
786 4343 800 4364 ,
847 4305 1207 4372 Strabonem,
1244 4303 1503 4372 Plinium,
1534 4303 2149 4374 Xenoplionteni,Sui-

560 4371 720 4436 dam,
756 4374 1168 4441 Hieronymum,
1196 4371 1498 4439 Justinum,
1529 4371 1822 4438 Eliadum,
1859 4373 2146 4429 Eusebium

557 4442 710 4516 libris
753 4442 822 4497 de
855 4444 1164 4516 Deinoustr.
1206 4459 1260 4501 et
1289 4448 1355 4501 de
1396 4448 1716 4516 Pra-parat.,
1762 4443 2059 4500 Lucianum
2093 4454 2148 4500 et

557 4512 698 4580 apud
731 4527 922 4567 omnes
953 4514 1126 4570 bonos
1153 4528 1430 4572 auelores.

631 4583 822 4659 (lbid.)
849 4581 1126 4659 Cambyses
1153 4587 1208 4640 in
1237 4605 1326 4640 an.
1359 4589 1536 4659 quinto
1559 4588 1703 4659 regni
1731 4588 1838 4642 sui.
1874 4587 2033 4659 Facta
2067 4597 2151 4643 est

558 4654 806 4727 eccessig
847 4656 1055 4727 vocula:
1109 4658 1192 4723 in,
1240 4661 1321 4713 sic
1365 4654 1696 4713 dictantib'ns
1732 4661 1823 4724 A.,
1875 4657 1982 4717 Μ..
2026 4659 2146 4727 Lo.,

557 4725 730 4790 Peta.,
769 4725 928 4790 an.,
963 4725 1072 4793 Vi.,
1106 4729 1193 4792 0.,
1238 4730 1417 4792 Vine.,
1452 4729 1577 4784 licet
1616 4731 1668 4784 in
1717 4730 1865 4784 Peta.
1920 4739 1975 4784 et
2006 4725 2148 4786 Fux.

559 4799 665 4850 Pro
697 4813 784 4851 an.
811 4796 843 4850 5
885 4800 1178 4867 repositum
1211 4803 1282 4855 sit
1311 4817 1402 4855 an.
1434 4802 1488 4864 6,
1522 4801 1574 4854 in
1604 4801 1736 4855 Mar.
1766 4819 1853 4855 an.
1888 4802 1942 4856 8.

627 4867 802 4944 (457.)
826 4867 942 4922 Duo
971 4873 1158 4944 fratres
1185 4871 1349 4944 Magi,
1381 4882 1487 4927 etc.
1517 4871 1574 4926 In
1600 4872 1708 4934 Vi.,
1733 4873 1821 4936 0.,
1851 4874 2010 4938 Man,
2040 4881 2152 4942 post

558 4937 854 5014 Cambysen
875 4937 980 4995 tres
997 4943 1182 5014 fratres
1201 4937 1542 5014 regnaverunt
1566 4960 1760 4998 menses
1784 4945 1844 5010 7;
1865 4937 2023 5010 post.,
2040 4937 2150 5000 etc.

558 5011 612 5064 in
647 5010 729 5077 L.,
765 5010 1018 5088 Pi.,‘pos't
1043 5010 1329 5071 Cambisem
1378 5016 1482 5069 duo
1510 5018 1699 5088 fratres
1741 5019 1878 5088 magi
1905 5033 2153 5088 regnave-

555 5091 675 5157 runt
703 5083 957 5157 nteusibus
989 5085 1052 5151 7;
1080 5098 1240 5157 post.,
1275 5096 1379 5142 etc.
1406 5083 1550 5143 Otho
1579 5090 1671 5144 lib.
1696 5104 1753 5153 ιι,
1793 5083 1912 5156 cap.
1949 5083 2035 5150 f6,
2069 5089 2152 5142 vi-

556 5151 716 5206 detur
749 5152 1001 5230 habuisse
1026 5151 1291 5230 codicem,
1325 5159 1415 5213 ubi
1449 5175 1545 5227 pro
1568 5151 1763 5230 menses
1785 5161 1816 5212 7
1841 5151 1956 5230 erat
1982 5163 2155 5230 scrip-

557 5230 702 5286 tum,
732 5225 886 5278 annis
926 5228 990 5292 3,
1043 5229 1305 5282 mensibus
1338 5232 1386 5294 7,
1419 5225 1515 5284 sed
1569 5229 1850 5286 mendose.
1893 5229 1949 5283 lu
2003 5225 2150 5285 Peta.

555 5295 722 5382 deest
752 5295 887 5382 duo;
917 5297 969 5382 in
1003 5298 1123 5382 Lo.,
1150 5299 1788 5382 [iegesd‘uofratresmag‘i
1813 5311 2155 5382 regnaverunt

552 5367 827 5431 nienses'l;
854 5377 989 5434 post,
1020 5379 1127 5425 etc.
1176 5367 1309 5425 Hinc
1339 5367 1478 5425 Beda
1523 5372 1614 5426 lib.
1647 5373 1716 5428 de
1738 5367 1977 5428 Ratione
2007 5380 2147 5428 tem-

556 5449 747 5502 porum
775 5454 786 5489 :
813 5435 962 5513 Inter
993 5439 1278 5513 pariumet
1299 5439 1598 5513 Cambysem
1615 5459 1860 5513 regnasse
1883 5442 2012 5496 duos
2041 5442 2151 5512 fra-

555 5516 657 5581 tres
686 5510 943 5581 magaria
985 5510 1129 5565 libris
1166 5509 1539 5567 Chronicorum
1586 5509 1795 5569 Eusebii
1839 5509 2144 5581 reperimus.

555 5575 701 5629 Idem
734 5575 993 5646 sulpitius
1023 5581 1115 5634 lib.
1147 5597 1214 5646 ιι,
1249 5583 1372 5638 licet
1403 5599 1507 5640 non
1537 5586 1670 5641 citet
1699 5575 2014 5640 Eusebium.

627 5646 816 5715 (lbid.)
845 5651 861 5700 l
902 5647 1182 5727 Persarum
1205 5654 1308 5706 duo
1338 5654 1525 5721 fratres
1555 5656 1692 5727 magi
1719 5672 1878 5727 mens.
1911 5655 1965 5709 7.
1997 5654 2150 5720 Quod

552 5713 724 5782 legem
751 5713 909 5784 quam
939 5720 1068 5776 mihi
1097 5713 1359 5785 dixeram,
1403 5735 1462 5778 ιιι
1509 5713 1946 5781 ἱιιιιιι”1η›ι“οιδιιιιι
1996 5713 2146 5796 septa

2168 1720 2215 1780 B

2173 4482 2226 4542 D

2228 397 2359 452 mihi
2381 413 2604 467 aegrum,
2629 397 2838 464 sed‘tibi
2865 399 3052 466 lector,
3079 399 3200 455 licet
3222 416 3450 467 novum,
3472 399 3640 456 venia
3667 410 3840 455 tamen

2226 483 2332 523 non
2381 469 2656 538 indignum
2708 468 2996 524 videbitur.
3045 472 3183 526 Olim
3229 473 3412 526 nullus
3457 472 3712 526 dabatur
3767 472 3840 526 bis

2226 539 2396 612 magis
2436 542 2694 612 annusin
2745 541 2886 596 serie
2912 557 3198 607 annorum,
3245 543 3342 599 sed
3390 544 3613 612 primus
3663 559 3839 599 annos

2225 609 2371 684 Darii
2403 622 2518 684 erat
2545 610 2650 665 illis
2681 612 2978 684 oppositus,
3013 615 3349 670 etsecundus
3378 609 3586 668 iterum
3623 624 3837 684 repete-

2226 679 2400 735 batnr.
2435 680 2542 736 Nos
2574 679 3002 737 eximimavimus
3050 686 3613 751 necessariumjllum
3641 679 3835 739 annum

2228 765 2539 821 magorum,
2577 762 2634 806 ut
2678 754 2746 807 ita
2791 755 3069 810 nonnullis
3115 756 3368 811 absurdis
3412 773 3540 826 qua:
3593 757 3834 827 alioquin

2227 834 2542 897 nascuntur,
2567 838 2939 880 occurrerem:
2971 841 3196 892 quorum
3229 829 3488 896 primum,
3530 829 3688 897 quod
3720 844 3832 882 cum

2231 894 2305 947 illi
2329 894 2438 948 duo
2463 899 2598 964 magi
2622 905 2830 964 septem
2859 901 3120 951 mensium
3137 894 3311 966 spatio
3335 894 3636 965 imperium
3652 897 3835 953 Persa-

2229 981 2346 1039 rum
2375 966 2696 1039 tenuissent,
2733 967 2874 1039 nulla
2901 976 3077 1022 tamen
3097 979 3253 1023 antea
3276 969 3392 1039 ejus
3409 969 3490 1024 rei
3513 969 3660 1024 ratio
3681 969 3836 1025 habe-

2229 1035 2388 1090 batur
2443 1037 2492 1090 in
2530 1036 2616 1090 illa
2649 1038 2827 1110 serie;
2853 1048 3110 1110 prmtrerca
3140 1054 3258 1093 cum
3292 1035 3396 1094 non
3455 1043 3564 1095 nisi
3617 1043 3829 1110 triginta

2230 1121 2327 1161 sex
2359 1111 2488 1162 anni
2519 1123 2684 1178 regno
2717 1109 2858 1162 Darii
2887 1109 3245 1177 assignentur,
3302 1126 3494 1165 revera
3539 1109 3730 1166 tamen
3782 1113 3836 1166 li-

2233 1178 2393 1250 brarii
2429 1179 2608 1248 plures
2639 1179 2712 1233 illi
2767 1181 3038 1244 tribuunt,
3085 1182 3173 1236 ubi
3203 1183 3476 1236 secundus
3505 1184 3635 1250 cjus
3671 1200 3837 1238 annos

2233 1248 2313 1303 bis
2339 1258 2680 1318 Computatnr
2713 1251 2764 1304 in
2789 1251 2964 1316 serie;
3005 1254 3167 1306 tertio
3198 1256 3316 1320 quia
3349 1253 3488 1307 nihil
3523 1248 3831 1319 absurdius,

2233 1335 2391 1395 quam
2423 1335 2586 1375 unum
2619 1329 2674 1395 et
2713 1323 2964 1395 eumdem
3010 1337 3210 1376 annum
3245 1341 3338 1390 pro
3365 1324 3589 1378 duobus
3617 1341 3834 1395 compu-

2235 1391 2358 1455 tari,
2385 1402 2545 1461 atque
2575 1393 2668 1446 uni
2695 1401 2750 1444 et
2775 1394 2950 1448 eidem
2976 1409 3120 1448 anno
3147 1394 3306 1448 unius
3335 1398 3481 1464 regis
3506 1395 3678 1449 binos
3707 1391 3833 1450 alio-

2235 1479 2351 1535 runt
2397 1477 2580 1535 regum
2631 1479 2802 1535 annos
2861 1465 3236 1533 respondere:
3276 1469 3430 1535 quasi
3484 1480 3631 1520 tinus
3673 1482 3835 1522 annus

2237 1534 2380 1608 parii
2413 1534 2568 1588 binos
2613 1533 2843 1608 aliorum
2898 1538 3215 1608 a'quzn'erit,
3263 1533 3358 1590 seu
3405 1540 3832 1608 consumpserit.

2239 1605 2332 1658 llis
2361 1619 2491 1676 ergo
2523 1616 2580 1676 ut
2607 1605 2876 1671 mederer,
2907 1606 3123 1676 aliquod
3156 1607 3349 1662 borum
3391 1609 3552 1664 nobis
3587 1605 3692 1662 fuit
3721 1611 3834 1664 seli-

2239 1675 2497 1744 gendum.
2520 1675 2706 1749 Primo
2737 1687 2828 1731 aut
2853 1675 3077 1732 necesse
3101 1677 3197 1732 fuit
3217 1679 3389 1749 Dario
3421 1694 3732 1749 prorogare
3751 1697 3836 1734 no-

2246 1762 2371 1800 vum
2415 1753 2471 1800 et
2518 1747 2817 1800 inauditum
2849 1764 3073 1816 annum,
3117 1758 3175 1803 ut
3197 1748 3409 1804 dicatur
3433 1751 3506 1805 57
3541 1747 3726 1805 annos
3763 1768 3835 1806 re.

2243 1832 2460 1892 gnasse,
2508 1829 2561 1872 et
2614 1817 2772 1892 simul
2801 1820 2962 1874 etiam
3009 1835 3319 1892 expungere
3360 1821 3510 1887 huic,
3555 1838 3686 1892 qua!
3715 1823 3832 1878 olim

2244 1886 2626 1964 addebantur:
2678 1886 2803 1943 Ideo
2849 1886 3104 1964 secundus
3159 1886 3243 1944 hic
3273 1909 3448 1946 annus
3481 1886 3831 1964 liis-ponitur.

2243 1960 2368 2028 quia
2401 1977 2533 2015 unus
2576 1961 2628 2032 in
2653 1976 2919 2032 magorum
2945 1962 3164 2032 fratrum
3189 1972 3384 2032 septem
3415 1960 3685 2018 mensibus
3713 1982 3837 2018 cam-

2246 2039 2478 2102 putatur.
2515 2035 2582 2085 At
2604 2030 2707 2085 hoc
2737 2030 2819 2086 est
2847 2030 3139 2087 absurdum
3171 2045 3224 2088 et
3246 2030 3387 2088 il'nd
3427 2037 3651 2089 veritati
3681 2035 3835 2090 histo-

2245 2103 2340 2157 riu:
2371 2101 2706 2157 adversatur:
2733 2117 2832 2158 nec
2853 2105 3024 2158 solum
3048 2105 3360 2158 auctoritati
3381 2106 3559 2160 nostri
3577 2107 3833 2162 auctoris.

2246 2173 2339 2229 sed
2383 2175 2542 2228 etiam
2573 2183 2814 2245 veterum
2850 2174 3250 2237 historicorum,
3277 2185 3332 2231 et
3360 2178 3644 2245 praecipue
3679 2178 3836 2232 llero—

2246 2245 2381 2317 d0ti,
2413 2245 2503 2314 qui
2535 2243 2682 2317 circa
2722 2245 2809 2298 illa
2841 2256 3080 2316 tempora
3113 2246 3266 2310 vixit,
3297 2243 3474 2317 et‘qui
3507 2243 3655 2302 libro
3680 2264 3746 2302 ιιι
3774 2249 3837 2302 ait

2248 2315 2392 2390 hunc
2424 2315 2639 2390 Darium
2667 2315 2962 2390 supremum
2994 2318 3131 2390 diem
3181 2315 3518 2390 obiisseésex
3554 2328 3605 2374 et
3636 2321 3838 2390 triginta

2245 2387 2400 2439 annis
2427 2386 2571 2456 regni
2591 2388 2844 2453 expletis:
2868 2387 3064 2444 deinde
3089 2388 3190 2442 hoc
3221 2389 3468 2445 remedio
3503 2406 3615 2444 non
3655 2386 3840 2445 consu-

2247 2459 2377 2511 litur
2408 2458 2722 2528 reiisumme
2747 2458 2986 2528 alioquin
3021 2460 3343 2514 necessaria:
3363 2502 3377 2525 ,
3413 2461 3632 2515 scilicet
3664 2474 3720 2514 ut
3763 2477 3840 2515 se-

2247 2527 2453 2601 cundus
2478 2527 2622 2601 Darii
2646 2541 2697 2583 et
2715 2527 2900 2601 annus
2933 2531 3137 2601 primus
3158 2531 3493 2601 Olympiadis
3525 2531 3600 2587 65
3621 2548 3840 2588 concur-

2250 2609 2368 2654 rant
2402 2598 2657 2655 iuvicetn.
2713 2599 2824 2655 Nec
2854 2600 3093 2669 prodest,
3131 2604 3173 2654 si
3207 2598 3360 2656 dicas
3414 2602 3518 2656 bos
3563 2603 3596 2656 7
3632 2617 3839 2659 menses

2249 2686 2524 2741 magorum
2569 2673 2869 2743 computari
2906 2673 3043 2726 inter
3069 2687 3239 2726 annos
3271 2673 3305 2726 8
3335 2671 3653 2743 Cambysis,
3708 2677 3840 2728 sicut

2249 2743 2463 2797 videtur
2493 2742 2695 2796 sentire
2737 2743 3040 2798 Herodotus
3072 2745 3164 2798 lib.
3196 2757 3271 2808 ιιι,
3302 2745 3431 2798 dum
3459 2742 3658 2799 scribit
3682 2761 3774 2799 an.
3810 2747 3838 2798 8

2247 2811 2664 2886 quitribuuntur
2689 2813 2960 2886 Cambysi,
3001 2814 3157 2869 εοιιῐίι
3178 2814 3192 2868 i
3216 2828 3269 2868 et
3289 2815 3505 2884 impleri
3535 2832 3605 2870 ex
3639 2819 3669 2868 7
3693 2817 3841 2870 annis

2247 2895 2304 2940 et
2333 2885 2367 2939 5
2397 2885 2691 2948 mensibus,
2724 2885 2918 2950 quibus
2945 2886 3062 2954 ipse
3093 2887 3359 2954 regnavit,
3393 2896 3447 2941 et
3469 2901 3542 2940 ex
3571 2889 3604 2941 7
3637 2889 3838 2943 mensi-

2248 2956 2350 3010 bus
2378 2970 2674 3023 magorum.
2703 2955 2932 3025 Seinper
2963 2956 3104 3010 enim
3149 2967 3368 3012 manent
3409 2966 3615 3012 caetera
3658 2959 3841 3012 absur-

2247 3025 2408 3094 da,et
2436 3027 2550 3097 ipsa
2573 3028 2810 3080 auctoris
2835 3026 2996 3081 verba
3023 3027 3378 3082 adversantur
3397 3031 3641 3097 penitus.
3675 3031 3842 3085 Minus

1664 3101 1810 3171 prius
1841 3109 2000 3155 erant
2037 3099 2138 3154 sita
2169 3101 2215 3164 C
2247 3100 2409 3171 etiam
2436 3096 2588 3171 facit,
2613 3097 2668 3171 si
2689 3097 2838 3171 dicas
2863 3108 3137 3171 auctorem
3177 3098 3359 3171 forsan
3397 3096 3649 3154 tribuere
3690 3100 3843 3155 Cam-

2249 3167 2602 3238 bysianuos9,
2624 3167 2764 3222 sicut
2787 3167 2912 3222 facit
2944 3169 3319 3238 Sulpitinslib.
3351 3181 3482 3236 tt,et
3507 3181 3566 3223 ut
3587 3172 3719 3225 olim
3741 3187 3844 3238 [περ

2246 3253 2306 3292 se
2323 3239 2530 3294 ferebat
2544 3254 2727 3308 regum
2742 3241 2912 3294 series
2924 3255 3044 3308 qua:
3060 3241 3184 3311 huic
3199 3241 3472 3296 Chronico
3489 3250 3579 3296 est
3601 3243 3840 3311 praeﬁxa,

2245 3311 2397 3378 quasi
2421 3325 2595 3380 annus
2626 3311 2746 3374 iste,
2791 3325 2952 3379 quem
2983 3310 3152 3380 magis
3173 3311 3369 3366 ascribi
3410 3310 3610 3380 placet,
3645 3315 3718 3368 sit
3748 3329 3844 3366 an-

2247 3395 2349 3434 nus
2373 3380 2406 3435 9
2434 3379 2741 3452 Cambysis.
2783 3381 2914 3450 lfiam
2947 3390 3004 3436 et
3043 3379 3333 3436 ccutextus
3363 3379 3628 3448 auctoris,
3662 3397 3719 3439 et
3743 3399 3845 3438 ca:-

2249 3462 2365 3506 tera
2402 3451 2634 3506 absurda
2668 3462 2903 3521 pugnant
2928 3466 2992 3506 ex
3020 3453 3270 3508 adverso.

2319 3521 2570 3596 Seeundo
2593 3531 2685 3576 ant
2708 3523 3038 3596 remoyenda
3067 3524 3645 3596 suntista,'0lympias
3675 3527 3768 3591 65,
3792 3527 3840 3581 in

2247 3610 2353 3666 qua
2389 3592 2674 3667 Persarum
2690 3593 2840 3667 regis
2863 3593 3018 3667 parii
3047 3595 3144 3662 ﬁlii
3169 3592 3452 3664 Hystaspis
3477 3599 3576 3667 fuit
3603 3616 3771 3651 minus
3790 3599 3839 3652 2.

2248 3664 2317 3720 At
2357 3673 2543 3719 auctor
2577 3665 2705 3718 illud
2751 3664 2906 3731 ponit
2953 3675 3172 3735 propter
3212 3664 3597 3722 auctoritatem
3647 3669 3846 3724 divina

2249 3737 2569 3807 Scriptum,
2615 3745 2884 3802 tamquam
2922 3748 3174 3805 quartum
3207 3738 3287 3791 sui
3316 3737 3579 3793 Chronici
3632 3742 3844 3795 ﬁrmum

2251 3810 2695 3872 fundamentum,
2731 3813 2838 3860 tam
2894 3807 2945 3860 in
3004 3807 3317 3875 praefatione
3348 3819 3403 3863 et
3446 3811 3594 3864 circa
3644 3826 3843 3866 annum

2249 3878 2481 3934 Abrahm
2513 3877 2670 3948 1983,
2699 3886 2752 3930 et
2778 3876 2978 3930 Christi
3011 3879 3098 3942 50,
3130 3893 3288 3948 quam
3316 3880 3482 3934 etiam
3514 3879 3619 3936 hoc
3653 3883 3775 3936 loco
3797 3890 3842 3938 et

2252 3951 2345 4004 lib.
2372 3967 2402 4002 ι
2427 3951 2492 4002 de
2515 3945 2814 4016 Prmparat.
2839 3962 2958 4017 cap.
2983 3950 3036 4004 5.
3063 3945 3286 4004 Demum
3315 3965 3438 4005 cum
3463 3953 3529 4004 ad
3556 3967 3765 4007 annum
3785 3955 3844 4007 15

2250 4020 2452 4077 Tiberii
2503 4020 2774 4088 colligitur
2813 4033 3024 4073 summa
3071 4036 3336 4074 annorum
3385 4022 3534 4087 548,
3581 4025 3651 4077 ab
3689 4039 3783 4078 an.
3812 4025 3846 4077 2

2254 4089 2418 4163 Darii,
2454 4103 2675 4163 necesse
2695 4099 3006 4163 estatinum
3039 4091 3076 4145 2
3109 4091 3262 4163 Darii
3309 4104 3363 4146 et
3412 4093 3629 4148 initium
3671 4093 3845 4163 olym-

2252 4162 2397 4235 piad.
2427 4161 2723 4235 65_mn_t_uo
2753 4161 2855 4214 sibi
2882 4162 3234 4235 reSpondere.
3265 4163 3476 4235 Etenim
3517 4165 3590 4219 ab
3621 4161 3767 4221 anno
3813 4166 3837 4220 l

2251 4231 2550 4306 olympiad.
2581 4232 2652 4286 65
2673 4246 2845 4306 usque
2869 4231 2937 4286 ad
2967 4234 3570 4306 quartumiolympiadis
3601 4236 3732 4300 20!,
3763 4237 3842 4292 cui

2251 4302 2324 4362 ex'
2345 4302 2594 4373 opposito
2613 4303 2910 4372 respondet
2928 4319 3102 4358 annus
3135 4305 3200 4359 15
3223 4302 3449 4371 Tiberii,
3481 4317 3840 4363 numerantur

2256 4375 2358 4432 156
2387 4373 2747 4446 olympiadas.
2782 4373 2877 4429 His
2922 4377 2966 4428 si
2996 4375 3257 4442 adjungas
3286 4376 3356 4430 64
3381 4418 3393 4439 ,
3424 4392 3548 4445 quae
3578 4393 3782 4433 annum
3809 4379 3842 4432 2

2256 4447 2398 4502 Darii
2432 4455 2850 4514 praecesserunt,
2878 4447 3113 4509 prodibit
3138 4461 3199 4499 ea
3227 4463 3436 4501 summa
3461 4448 3591 4505 20!.
3621 4449 3704 4503 Ad
3735 4451 3841 4503 hac

2253 4530 2403 4572 certo
2447 4518 2769 4587 tenendum,
2819 4517 2967 4570 nullo
2996 4516 3322 4587 -tefragante
3373 4519 3535 4583 libro,
3581 4523 3834 4574 annum!

2253 4585 2578 4660 olympiadis
2603 4586 2673 4642 64
2719 4603 3046 4642 concurrere
3084 4585 3205 4660 cum
3245 4603 3386 4642 anno
3417 4593 3654 4660 septimo
3681 4589 3838 4646 Cam-

2255 4659 2428 4731 bysis,
2472 4673 2571 4712 nec
2612 4660 2794 4732 plures
2821 4672 2921 4732 nec
2954 4659 3234 4732 pauciores
3265 4660 3428 4732 tribui
3450 4659 3716 4732 Cambysi
3752 4679 3840 4716 an-

2257 4727 2374 4794 nos,
2404 4744 2567 4799 quam
2597 4732 2651 4795 8,
2687 4739 2745 4782 ut
2764 4727 2965 4781 habent
2995 4729 3242 4797 vulgares
3265 4729 3424 4784 libri:
3458 4733 3604 4786 unde
3633 4727 3740 4788 nisi
3769 4733 3840 4785 in-

2256 4800 2556 4869 tei-jiciatur
2604 4813 2777 4853 annus
2820 4799 2965 4871 inter
3009 4799 3327 4871 (lambysem
3364 4811 3422 4857 et
3451 4801 3700 4866 Darium,
3734 4803 3839 4858 ﬁeri

2259 4873 2440 4940 nequit
2466 4882 2522 4924 ut
2551 4886 2722 4940 annus
2753 4869 2958 4940 primus
2985 4869 3276 4940 olympiad.
3304 4871 3374 4924 65
3405 4875 3741 4940 rcSpondeat
3760 4888 3838 4928 se-

2256 4941 2435 4997 cundo
2468 4942 2628 4996 Darii.
2655 4939 2881 4997 Codices
2907 4939 3012 5007 Pu,
3046 4939 3229 5016 L.,Q.
3259 4954 3312 4997 ct
3349 4943 3453 5009 Vi.,
3491 4939 3699 4999 nullum
3731 4945 3840 5016 qui-

2257 5015 2379 5070 dem
2410 5016 2744 5068 constitunnt
2793 5027 2992 5065 annum
3036 5015 3087 5067 in
3112 5013 3253 5068 serie
3284 5028 3603 5083 magorum:
3633 5016 3728 5072 sed
3750 5013 3837 5070 ιιι·

2259 5101 2385 5141 men
2417 5086 2468 5140 in
2502 5085 2605 5140 hoc
2631 5085 2749 5139 aliis
2778 5083 3074 5156 escellunt,
3107 5085 3246 5156 quod
3274 5100 3378 5138 non
3411 5099 3736 5156 computant
3763 5087 3836 5139 bis

2258 5157 2555 5214 secundum
2585 5170 2785 5210 annum
2820 5155 2996 5210 Darii:
3031 5156 3172 5209 unde
3195 5155 3252 5208 lit
3278 5163 3337 5226 ut
3359 5155 3626 5226 perpetua
3651 5161 3723 5212 sit
3740 5157 3836 5212 dil-

2256 5229 2486 5286 lerentia
2524 5229 2662 5281 inter
2697 5241 2792 5281 eos
2814 5237 2868 5280 ct
2896 5227 3032 5279 alios
3063 5226 3246 5290 libros,
3279 5225 3331 5280 in
3360 5225 3520 5281 annis
3544 5227 3826 5284 Persarum

2259 5311 2314 5358 et
2340 5302 2444 5354 situ
2464 5299 2825 5368 olympiadum
2855 5299 3112 5368 usquead
3149 5299 3306 5350 linem
3337 5301 3486 5364 regni
3529 5297 3832 5360 Persarum,

2256 5389 2350 5427 seu
2381 5372 2447 5425 ad
2489 5366 3008 5441 olynipiadem_ll2_.
3043 5368 3176 5441 ﬁam
3209 5369 3334 5441 dum
3367 5367 3438 5422 65
3470 5369 3748 5441 olympias
3785 5369 3833 5424 in

2258 5445 2363 5500 illis
2395 5437 2583 5510 incipit
2608 5437 2750 5494 anno
2799 5437 3008 5510 5_D.irii
3045 5437 3342 5510 HySIaspis,
3399 5437 3550 5510 sicut
3573 5437 3835 5509 iu'vulgzc

2258 5517 2328 5569 tis
2351 5508 2588 5571 annoi2.
2625 5512 2682 5564 lit
2728 5519 2781 5565 ut
2812 5508 3079 5578 Olympias
3113 5509 3179 5562 78
3206 5509 3276 5562 sit
3307 5510 3358 5563 in
3389 5509 3498 5565 illis
3539 5512 3606 5565 ad
3655 5508 3834 5564 anﬁl9

2260 5585 2474 5646 Xerxis,
2520 5600 2641 5638 cum
2676 5581 2727 5634 in
2763 5581 2989 5648 vulgatis
3037 5588 3090 5633 et
3142 5580 3259 5633 aliis
3298 5582 3371 5633 sit
3399 5581 3466 5634 ad
3499 5597 3697 5635 annum
3740 5584 3831 5636 18:

2260 5657 2316 5709 lit
2345 5656 2507 5708 etiam
2539 5665 2598 5707 ut
2628 5655 2677 5706 in
2708 5652 2814 5706 illis
2840 5650 3011 5704 tribus
3042 5664 3246 5713 sex'ns,
3278 5663 3372 5702 seu
3415 5653 3641 5706 ultimus
3671 5666 3835 5705 annus

2258 5725 2400 5780 Darii
2431 5725 2521 5778 tibi
2556 5724 2787 5785 Arsami,
2817 5724 2906 5791 qui
2934 5723 3027 5774 luit
3061 5721 3278 5775 ultimus
3301 5736 3394 5775 rex
3420 5719 3727 5788 Persarum,
3760 5725 3835 5774 in-

3748 213 3848 270 888
3923 225 3925 260 ε
