3968 6328
589 265 689 326 9H

1276 262 1366 319 AD
1401 257 1792 320 CHRONICON
1830 254 2728 318 EUSEBIO-HIERONYMIANUM
2765 253 3128 315 APPENDIX.

3763 247 3865 306 9η

583 382 808 440 ﬂuvium
831 379 970 453 ignis
985 393 1049 437 ex
1071 379 1231 437 Etna
1261 389 1470 446 monte,
1502 381 1682 437 hieme
1713 380 1840 436 anni
1871 379 2010 436 sexti
2037 379 2161 453 belli
2190 383 2236 441 Α
2269 379 2468 438 habent
2495 397 2684 436 omnes
2714 378 2839 453 libri
2859 418 2872 442 ,
2905 379 2990 453 vel
3029 374 3524 453 pragtermittendus
3575 384 3736 453 esset
3773 391 3864 428 an-

593 452 1034 518 Peloponu’esiaci
1073 454 1340 522 erupisse,
1384 453 1478 521 qui
1531 457 1813 509 concurrit
1857 468 1978 508 cum
2009 467 2098 507 an.
2129 452 2162 506 6

595 527 867 584 Archelai.

669 595 816 668 (455,
833 599 930 665 tv.)
948 595 1260 650 Tetrwmotu
1281 593 1420 667 apud
1442 595 1632 668 Locros
1649 597 1808 650 scissa
1829 594 2071 650 Atalante
2091 595 2164 649 ci-

591 667 723 726 vitas
752 670 890 736 facta
932 675 1004 721 est
1051 667 1240 720 insula.
1277 668 1405 720 Mira
1447 667 1589 731 hzcc,
1643 668 1736 722 sed
1781 678 1956 720 tamen
2004 679 2161 721 antea

594 745 771 797 minus
805 738 1030 792 ﬁdeliter
1050 752 1326 802 expressa.
1359 753 1480 794 cum
1515 740 1839 794 haberentur
1861 741 1964 793 ita:
1993 750 2166 792 terra:-

593 822 716 867 mot.
755 826 839 880 ap.
872 808 994 882 ιρις.
1022 810 1181 882 scisso
1205 809 1460 863 Atltlcente
1488 811 1664 864 civitas
1695 812 1928 882 factorest
1954 810 2164 873 insula;

593 879 889 954 ignorantia
919 879 1126 954 librarii
1156 881 1315 954 hunc
1349 883 1523 936 locum
1556 879 1702 954 mire
1743 881 1972 954 Redarat
1993 899 2014 954 _:
2044 896 2162 954 cum

589 951 731 1010 enim
765 962 1072 1008 occurreret
1094 951 1169 1004 illi
1197 953 1458 1006 memoria
1490 953 1691 1008 montis
1713 952 1946 1008 celebris
1975 951 2168 1007 Atlan-

589 1025 660 1080 tis
699 1025 751 1077 in
780 1023 978 1088 Africa,
1013 1022 1153 1093 quod
1202 1023 1289 1078 hic
1319 1023 1386 1077 de
1434 1024 1673 1090 civitate,
1716 1025 1819 1079 dici
1856 1025 2060 1088 putavit
2099 1023 2167 1079 de

589 1105 792 1158 monte,
825 1107 1046 1166 propter
1070 1109 1262 1149 vocum
1293 1095 1632 1160 afﬁnitatem,
1669 1097 1797 1166 licet
1827 1094 2032 1166 distent
2058 1104 2168 1150 toto

587 1167 748 1236 cmlo,
778 1183 900 1220 cum
944 1166 1034 1219 illa
1062 1167 1112 1220 in
1142 1167 1378 1231 EurOpa,
1409 1167 1495 1220 hic
1527 1168 1578 1221 in
1607 1165 1810 1222 Africa.
1841 1165 2022 1220 Oﬂ'tisa
2053 1176 2170 1220 erat

584 1241 778 1309 caligo,
807 1237 909 1292 nisi
941 1252 1060 1292 eam
1089 1238 1426 1302 depulissent
1464 1238 1688 1309 codices
1711 1238 1791 1292 Pi.
1841 1247 1897 1290 et
1939 1238 2049 1304 AI.,
2079 1237 2167 1306 qui

585 1308 790 1365 habent
817 1310 976 1364 scissa
998 1310 1263 1371 Atalante,
1297 1310 1489 1377 quibus
1530 1308 1796 1364 accedunt
1827 1309 1932 1372 Vi.,
1965 1309 2051 1373 0.,
2079 1309 2168 1362 ubi

585 1397 682 1450 pro
707 1383 876 1436 scisso
901 1381 1097 1451 legitur
1127 1381 1286 1433 scissa
1317 1395 1358 1451 {7
1379 1381 1634 1448 praesidio
1656 1383 1820 1434 etiam
1847 1379 1945 1433 fuit
1976 1379 2170 1433 Maria-

584 1469 722 1516 nus,
783 1450 1265 1506 scissa’Atalanta.
1322 1450 1593 1506 Firmatur
1648 1464 1828 1505 nostra
1887 1451 2169 1509 castigatio

583 1525 910 1580 auctoritate
934 1525 1292 1576 vetustiorum
1327 1531 1632 1588 auctorum,
1666 1534 1722 1574 ut
1748 1523 2028 1576 Strabonis
2053 1521 2088 1575 l.
2120 1538 2164 1575 ιε

580 1597 782 1670 λέγουσι
818 1595 872 1651 δὲ
896 1597 978 1650 καὶ
1003 1602 1092 1670 τῆς
1113 1593 1412 1670 Ἀςαλᾲντης
1436 1597 1566 1670 λίτρρς
1591 1603 1682 1670 rﬁ;
1703 1595 1915 1670 Εὐϐοέᾳς
1943 1594 2009 1648 τὰ
2032 1595 2170 1670 μέσα

581 1664 835 1739 ῥήῖγματος
870 1669 1127 1739 ’γενομένου
1161 1664 1400 1739 διάτςλουν
1437 1664 1695 1739 δὲξᾳσθαιγ
1721 1668 1916 1739 μεταξύλ
1959 1664 2170 1719 καὶτῶν

580 1735 765 1796 ἂτεδὶων
798 1735 907 1794 ἔνιά
934 1735 1017 1792 uoti
1044 1739 1208 1813 μέχρι
1237 1735 1393 1813 cingat
1421 1737 1644 1813 σταδίων
1681 1735 2041 1813 intuitus-9mm
2086 1741 2171 1791 καὶ

580 1818 777 1888 τριήρει
804 1813 916 1866 τινὰ
946 1811 994 1863 ἐν
1035 1808 1118 1882 es.
1152 1808 1404 1888 ἐοεωρίδιᾳν
1447 1810 1820 1888 ἐξαιρεᾼσβε-ῐσαν
1847 1811 2165 1888 dri-spissae?»

582 1879 675 1938 τὸῦ
701 1879 946 1952 ξείχουςζ
978 1891 1033 1934 et
1057 1879 1092 1934 IL
1128 1895 1198 1944 Ix,
1235 1879 1468 1950 loquitur
1494 1879 1563 1934 de
1590 1880 1839 1952 Atalante
1866 1879 2036 1932 insula
2061 1879 2167 1932 Eu-

583 1953 743 2007 boicw
773 1951 1110 2022 L’ocrensique
1134 1953 1461 2019 cognomine;
1485 1962 1536 2005 et
1577 1951 1737 2021 paulo
1761 1954 1894 2005 intra
1924 1952 2166 2006 meminit

581 2025 806 2079 alterius
842 2024 1030 2077 insulae
1059 2023 1297 2092 ejusdem
1345 2023 1578 2076 nominis
1607 2034 1731 2075 ante
1759 2022 2022 2092 Opuntem
2052 2041 2062 2074 :
2098 2023 2166 2076 de

581 2097 683 2150 hac
704 2099 831 2149 item
853 2095 1158 2158 Stephanus
1187 2095 1252 2147 de
1285 2094 1530 2155 urbibus,
1563 2093 1803 2153 Ἀταλάτη
1835 2097 1864 2152 ἡ
1891 2095 2165 2153 Ἀταλάντη

579 2170 610 2227 ἠ
648 2169 750 2242 duo
775 2167 1038 2242 Ἀθηναίςρν
1079 2168 1357 2242 arto-feign
1401 2168 1540 2240 παρὰ
1570 2174 1802 2242 Λρκρρῖς.
1837 2165 2000 2242 Plin.,
2034 2170 2080 2242 _l.
2113 2181 2165 2218 IV

579 2255 630 2294 c.
663 2238 748 2302 1‘2,
777 2242 850 2292 ait
875 2244 926 2290 in
958 2236 1156 2302 Euripo
1186 2237 1417 2290 Euboico
1457 2236 1565 2290 (sse
1595 2236 1884 2290 Atalantem
1903 2237 2166 2301 insulam;

579 2321 630 2364 et
655 2310 693 2362 l.
727 2325 763 2363 ιι
790 2324 840 2362 c.
874 2310 980 2362 88:
1014 2307 1240 2366 Natura.
1273 2309 1473 2375 iuqttit,
1497 2310 1669 2360 avellit
1703 2307 1940 2362 Siciliam
1968 2305 2163 2367 Italiae.

579 2380 805 2451 Cyprum
832 2379 1026 2451 Syriaz,
1052 2378 1255 2432 Euboea:
1285 2377 1596 2451 Atalantam.
1629 2378 1854 2431 Pausan.
1891 2380 1926 2431 Ι.
1953 2395 1980 2431 x
2009 2379 2167 2433 habet

580 2449 837 2506 nonnulla
882 2449 953 2504 dc
1004 2450 1252 2504 Atalante
1303 2449 1496 2502 insula.
1549 2449 1812 2503 l’rtcterea
1846 2464 1946 2502 vox
1988 2451 2165 2503 civitas

581 2520 917 2576 amandanda
947 2520 1264 2578 videbatur:
1294 2519 1444 2572 abest
1475 2520 1616 2573 enim
1647 2537 1674 2571 a
1704 2519 1826 2583 Lo.,
1851 2519 1954 2578 Ρί..
1987 2520 2162 2587 Peta.,

580 2593 692 2657 VL,
742 2591 830 2654 0.,
867 2590 985 2657 Fa.,
1020 2591 1179 2654 Fux.,
1215 2591 1345 2645 Mur.
1375 2611 1387 2644 :
1421 2590 1773 2645 nihilominus
1813 2603 1992 2646 tamen
2042 2594 2164 2660 quia

582 2676 756 2720 exstat
786 2664 837 2717 in
882 2662 1211 2733 vulgaribus,
1253 2673 1310 2717 et
1357 2661 1610 2733 conducit
1635 2663 1701 2714 ad
1729 2662 2160 2731 intelligentiam,

579 2736 889 2790 censuimus
917 2731 1276 2789 retinendam.
1309 2731 1546 2800 Denique
1576 2743 2040 2789 connumerantur
2063 2737 2163 2790 ista

585 2809 636 2862 in
663 2807 786 2873 Fa.,
810 2807 934 2868 Lo.,
963 2805 1064 2866 Pi.,
1093 2805 1248 2872 Mar.,
1274 2821 1416 2859 anno
1443 2805 1474 2858 7
1497 2805 1765 2876 Archelai,
1791 2819 1884 2859 seu
1909 2806 2160 2876 3olymp.

576 2879 684 2945 88;
718 2879 770 2933 in
818 2878 992 2940 Peta.,
1035 2877 1198 2936 Fux.,
1230 2892 1318 2930 an.
1362 2878 1424 2941 8;
1460 2879 1512 2930 in
1552 2875 1656 2942 Vi.,
1685 2877 1774 2940 0.,
1807 2893 1898 2930 an.
1949 2875 2032 2931 11.
2068 2879 2166 2933 Se-

577 2951 777 3021 quendi
801 2961 926 3004 sunt
975 2948 1331 3021 proculdubio
1358 2949 1632 3021 vulgares,
1666 2964 1810 3014 cum,
1846 2958 1986 3021 teste
2015 2948 2162 3021 Thu-

578 3019 796 3094 cydide,
840 3023 885 3094 Ι.
907 3036 987 3094 IIl,
1018 3019 1152 3073 illud
1183 3019 1444 3094 acciderit
1470 3019 1622 3073 initio
1650 3036 1752 3094 an.
1788 3021 1821 3094 li
1850 3020 1976 3074 belli
2007 3020 2163 3075 Pelo-

580 3091 891 3164 ponnesiaci
921 3093 1064 3164 circa
1091 3091 1517 3164 testatem‘illius
1539 3091 1684 3164 anni,
1719 3092 1808 3160 qui
1841 3101 1924 3164 est
1955 3093 2159 3164 auctori

2201 1780 2248 1841 B

2267 467 2367 508 nus
2406 453 2498 524 qui
2540 451 2899 524 interponitur
2926 446 3071 524 inter
3109 449 3474 524 Psammutetn
3507 457 3566 503 et
3597 446 3863 524 [flectunt-

2268 526 2391 578 bum
2427 519 2696 594 primum,
2733 523 2876 594 quod
2917 523 3120 577 factum
3161 520 3262 576 fuit
3302 521 3355 574 in
3397 520 3509 574 illis
3551 519 3735 574 tribus
3774 535 3862 574 co-

2266 596 2495 650 dicihns.

2337 667 2524 738 (Ibid.)
2561 666 2869 738 Amartheus
2914 666 3112 738 primus
3152 664 3649 738 Saites._Atnarcus
3683 663 3863 738 δαῖτα

2267 734 2357 805 A.,
2392 736 2697 792 Amartheus
2726 737 2888 792 Saitis
2920 737 3013 801 L.;
3043 737 3314 790 Antarteus
3344 735 3522 791 Saites
3552 735 3658 802 LL,
3683 734 3859 801 Peta.;

2269 809 2565 864 Amarthius
2589 809 2784 879 primus
2804 809 2945 863 Altes
2975 809 3064 868 V.,
3083 806 3171 871 P.,
3197 809 3293 861 Va.
3315 825 3330 873 ;
3369 806 3688 862 Amartheus
3730 807 3859 861 Alta

2269 879 2392 945 Lo.,
2439 879 2560 946 Fa.;
2594 880 2997 935 Amaxiustactis
3045 879 3200 945 Man;
3247 879 3718 933 Amartlteussaius
3762 879 3858 944 PL;

2271 952 2574 1006 Amartheus
2612 951 2781 1007 Saltes
2809 949 2970 1007 Fux.:
3002 950 3096 1007 sed
3124 966 3246 1006 cum
3276 950 3440 1017 huius
3469 965 3747 1021 nusquam
3775 967 3859 1005 ειη

2272 1035 2381 1077 stat
2411 1025 2672 1078 memoria
2711 1023 2851 1094 apud
2891 1033 3140 1088 veteres,
3183 1039 3340 1094 quam
3381 1038 3450 1078 ex
3492 1024 3578 1077 his
3621 1023 3857 1092 appella-

2272 1094 2506 1149 tionibus
2535 1093 2936 1165 germaniorem
2967 1092 3320 1150 asserem'us?

2342 1165 2498 1235 (457,
2535 1163 2614 1237 v.)
2648 1165 2799 1219 Plato
2849 1168 3113 1230 nascitur,
3166 1176 3275 1221 etc.
3321 1163 3520 1220 Natum
3575 1165 3858 1222 Platonem

2273 1237 2510 1292 indicant
2535 1253 2724 1291 omnes
2749 1237 2868 1291 libri
2899 1248 3005 1292 tam
3035 1251 3191 1298 mss.
3215 1246 3502 1301 utseptem
3538 1237 3788 1292 Vaticani
3816 1252 3857 1294 et

2271 1309 2398 1380 alii,
2433 1323 2594 1378 quam
2627 1308 2756 1363 editi
2792 1318 2847 1362 et
2878 1310 3032 1374 Man,
3060 1326 3202 1363 anno
3233 1307 3266 1360 4
3295 1308 3500 1380 olymp.
3530 1308 3638 1372 88;
3673 1321 3861 1376 praeter

2273 1379 2592 1448 Vi.,0.,qui
2619 1395 2762 1436 anno
2788 1380 2822 1434 5
2847 1381 3050 1450 olymp.
3079 1380 3178 1435 89:
3215 1389 3270 1435 et
3297 1379 3464 1434 simili
3490 1383 3748 1449 proiecto
3775 1397 3859 1438 co-

2271 1451 2392 1506 dice
2434 1466 2562 1506 usus
2587 1462 2670 1505 est
2692 1451 3028 1514 Antoninus,
3053 1452 3138 1507 ubi
3165 1467 3230 1506 ex
3267 1452 3501 1506 Eusebio
3525 1453 3853 1508 nativitatem

2276 1522 2510 1576 Platonis
2559 1527 2792 1592 assignat
2824 1539 2964 1576 anno
2985 1522 3018 1576 4
3050 1521 3192 1577 Darii
3222 1520 3420 1588 Nothi,
3447 1527 3541 1592 qui
3577 1524 3633 1576 in
3662 1523 3750 1589 V.,
3778 1524 3858 1592 0.,

2273 1595 2545 1648 concurrit
2591 1609 2710 1647 cum
2765 1593 2858 1664 illo
2888 1609 3028 1648 anno
3070 1596 3103 1650 3
3137 1595 3339 1664 olymp.
3371 1595 3464 1660 89,
3509 1594 3644 1650 licet
3673 1595 3727 1650 in
3759 1598 3854 1650 vul-

2273 1667 2412 1738 gatis
2442 1665 2513 1719 sit
2549 1665 2615 1719 ad
2649 1682 2745 1738 an.
2777 1663 2810 1716 4
2845 1665 3086 1738 ejusdem
3129 1663 3332 1738 olymp.
3375 1666 3633 1721 Laertius
3667 1667 3704 1719 l.
3733 1685 3788 1722 III
3815 1676 3856 1721 et

2275 1737 2469 1809 Suidas
2521 1737 2847 1809 conﬁrmant
2876 1737 3092 1805 quidem
3145 1737 3326 1791 natum
3381 1738 3475 1792 illa
3527 1741 3748 1809 olymp.
3777 1739 3853 1795 88.

2279 1808 2473 1863 Verum
2506 1824 2612 1876 quo
2637 1807 2779 1862 illius
2805 1823 2977 1868 anno.
3014 1809 3433 1878 pra'termittunt
3471 1827 3484 1862 :
3520 1807 3713 1866 tamen
3749 1827 3856 1865 cum

2270 1879 2474 1954 addunt
2495 1879 2693 1954 vixisse
2721 1895 2890 1934 annos
2914 1879 3002 1944 81,
3019 1892 3072 1935 et
3099 1880 3402 1954 decessisse
3423 1897 3585 1954 anno
3608 1881 3633 1933 1
3661 1883 3856 1954 olymp.

2277 1952 2400 2014 108,
2435 1950 2739 2020 signiﬁcant
2769 1963 2950 2005 uatum
3002 1967 3143 2006 anno
3188 1953 3214 2006 1
3259 1953 3463 2023 olymp.
3528 1953 3626 2009 88.
3667 1950 3797 2008 Nam
3821 1955 3857 2008 is

2267 2023 2429 2094 etiam
2455 2037 2571 2077 mos
2592 2033 2674 2094 est
2695 2031 2935 2078 veterum
2960 2021 3539 2094 scriptorumfutdum
3565 2025 3858 2094 loquuntur

2269 2093 2588 2167 simpliciter
2611 2093 2678 2148 de
2708 2093 3054 2167 Olympiade,
3099 2095 3404 2167 intelligant
3450 2107 3511 2150 ut
3567 2093 3856 2165 plurimum

2269 2177 2479 2248 annum.
2496 2165 2724 2248 primum
2772 2165 2936 2248 illius.
2970 2167 3048 2248 Ad
3073 2182 3232 2248 quem
3275 2165 3435 2248 situm
3460 2167 3687 2248 videtur
3711 2183 3858 2224 acce-

2268 2238 2396 2290 dere
2427 2237 2769 2303 Plutarchus,
2801 2237 2924 2292 dum
2976 2238 3026 2291 in
3058 2237 3164 2292 vita
3216 2238 3464 2292 Isocratis
3497 2239 3576 2293 ait
3607 2256 3737 2295 eum
3764 2257 3856 2294 na-

2271 2317 2380 2379 tum
2429 2309 2572 2362 circa
2623 2307 2826 2379 olymp.
2879 2310 2982 2376 86,
3031 2317 3086 2363 et
3129 2324 3220 2379 an.
3271 2309 3302 2362 7
3353 2320 3481 2365 ante
3535 2311 3854 2366 Platonem:

2268 2378 2735 2455 Atheiimusvero,
2763 2380 2800 2434 1.
2822 2395 2990 2455 v_cap.
3024 2379 3112 2446 l2,
3136 2378 3304 2455 refert
3328 2396 3449 2437 eum
3481 2391 3682 2455 natium
3708 2383 3857 2455 Αροι-

2269 2449 2448 2520 lodoro
2500 2449 2722 2506 Athenis
2766 2451 3060 2514 archonte,
3088 2461 3144 2506 et
3186 2451 3387 2508 obiisse
3431 2454 3537 2508 sub
3566 2449 3856 2520 Theophila

2269 2519 2436 2574 altero
2467 2525 2743 2588 archonte,
2778 2538 2900 2578 cum
2927 2523 3156 2579 vixisset
3206 2523 3274 2578 82
3319 2539 3517 2579 annos.
3551 2527 3625 2579 At
3668 2519 3859 2580 Diodo—

2269 2607 2381 2664 rus,
2435 2594 2471 2645 l.
2523 2608 2634 2659 xtl,
2683 2604 2962 2664 comparat
3013 2595 3401 2662 Apollodorum
3455 2612 3582 2650 cum
3644 2615 3793 2652 anno
3831 2600 3860 2654 5

2267 2663 2470 2736 olymp.
2496 2665 2586 2736 87,
2606 2668 2694 2736 qui
2725 2663 2877 2736 nobis
2898 2676 2986 2721 est
3013 2667 3080 2720 ab
3108 2665 3376 2720 Abraham
3411 2667 3580 2734 1587;
3609 2681 3668 2725 et
3688 2669 3859 2725 Theo—

2268 2732 2475 2809 philum
2507 2735 2580 2805 (l.
2611 2732 2744 2809 xvi)
2772 2753 2891 2793 cum
2924 2737 3115 2792 anno‘l
3149 2737 3348 2808 olymp.
3397 2738 3520 2804 108,
3554 2732 3651 2809 qui
3691 2754 3772 2796 est
3797 2745 3858 2796 ab

2266 2806 2536 2880 Abraham
2565 2806 2730 2875 1666,
2752 2820 2806 2864 et
2827 2809 2905 2864 sic
2921 2809 3262 2880 reperiuntur
3287 2806 3604 2866 intermedii
3637 2815 3768 2868 anni
3796 2812 3858 2867 82

2266 2876 2389 2931 vita:
2437 2878 2693 2933 Platonis.
2723 2880 2826 2934 Alii
2858 2876 3414 2949 vero-chronographi
3463 2898 3577 2937 noa
3635 2884 3855 2939 levioris

2267 2957 2417 3027 notas
2445 2950 2729 3027 conferunt
2756 2951 3145 3020 Apollodorum
3173 2968 3294 3027 cum
3317 2967 3422 3027 _an.
3467 2954 3504 3009 '5
3527 2956 3740 3027 olymp.
3773 2959 3856 3018 88,

2264 3029 2318 3097 et
2357 3020 2718 3097 Theophilum
2765 3039 2887 3097 cum
2937 3039 3079 3097 anno
3112 3029 3136 3079 1
3180 3022 3422 3097 ejusdem
3461 3020 3700 3097 olympf
3737 3027 3854 3083 l08.

2265 3088 2371 3146 Sed
2412 3088 2563 3160 juxia
2611 3093 2732 3149 illos
2775 3093 3039 3150 dicendus
3074 3088 3223 3150 esset
3263 3093 3466 3152 vixisse
3520 3088 3736 3153 lanium
3769 3115 3858 3152 aa-

580 3161 752 3239 annus
793 3164 824 3217 7
861 3162 1144 3239 Arﬁchelai,
1200 3161 1507 3232 incipiendo
1533 3177 1563 3215 a
1595 3163 1768 3230 primo
1819 3162 1907 3218 die
1956 3163 2162 3218 mensis
2190 3171 2238 3235 ο
2268 3176 2375 3239 nos
2411 3164 2499 3230 79,
2533 3178 2653 3232 quae
2700 3167 2966 3239 varietas,_
2986 3166 3112 3239 licet
3158 3181 3266 3239 non
3295 3169 3367 3221 sit
3414 3168 3647 3239 exigua,
3682 3180 3857 3225 tamen

577 3235 700 3290 Jan.
732 3249 882 3288 more
914 3232 1183 3286 Romano.

652 3305 810 3378 (£57,
843 3302 926 3378 ῃ.)
961 3302 1162 3378 μειιεᾳ
1206 3312 1416 3378 septem.
1444 3301 1534 3378 Sic
1564 3317 1629 3358 ex
1653 3303 1781 3372 Lo.,
1813 3305 1908 3370 A.,
1931 3303 2034 3378 _L.,
2068 3305 2161 3378 M.,

580 3373 672 3446 P.,
702 3375 816 3439 Vi.,
845 3375 934 3439 0.,
968 3373 1087 3439 Lo.,
1119 3373 1291 3440 Peta.,
1317 3374 1476 3439 Mar.,
1508 3375 1780 3430 Antonino
1827 3392 1890 3430 ex
1931 3375 2166 3433 Eusebio

581 3459 638 3504 et
663 3446 896 3514 Sulpitio
927 3447 1021 3500 lib.
1047 3461 1104 3502 ιι.
1136 3460 1233 3514 pro
1261 3463 1456 3500 menses
1487 3447 1540 3500 8.
1589 3447 1796 3502 Ctesias
1845 3446 1920 3501 ait
1971 3464 2166 3505 menses

579 3535 690 3586 sex,
717 3519 827 3573 dies
855 3518 1168 3589 quindecim.
1201 3517 1307 3572 Sed
1340 3518 1585 3583 Hieron.,
1614 3518 1666 3572 in
1701 3519 1974 3574 Ezechiel.
2006 3535 2054 3574 c.
2085 3537 2162 3589 tv,

579 3600 821 3646 nostram
854 3591 1144 3645 IeCtionem
1175 3589 1442 3658 sequitur.

653 3661 674 3734 (
688 3661 852 3731 Ibid.)
899 3660 990 3717 Sic
1018 3677 1129 3734 per
1163 3676 1362 3734 menses
1408 3661 1633 3734 diversos
1684 3659 1767 3715 Itis
1813 3662 2164 3733 superioribus

579 3732 746 3788 annus
801 3733 1067 3786 accrescit.
1112 3732 1251 3787 Olim
1309 3732 1423 3787 haec
1481 3732 1827 3788 habebantur
1876 3732 2019 3788 inter
2075 3735 2161 3789 illa

576 3804 768 3876 verba,
815 3804 1109 3876 Sagdianus
1156 3801 1261 3867 IX,
1292 3819 1450 3858 mens.
1485 3805 1537 3869 7,
1567 3815 1619 3859 et
1657 3805 1770 3859 haec
1794 3811 1875 3858 cui
1925 3808 2165 3860 successit

582 3875 809 3948 Darius.
836 3875 930 3931 sed
975 3876 1331 3948 espunximus
1357 3877 1482 3942 quia
1514 3876 2010 3948 nullumintegrum
2034 3893 2162 3948 sen-

582 3963 700 4002 sum
729 3946 990 4001 efﬁciunt.
1026 3946 1413 4000 Desiderantur
1455 3946 1678 4000 omnino
1717 3947 1768 4001 in
1798 3946 1892 4014 A.',
1932 3947 2035 4011 Vi.,
2069 3947 2159 4015 0.,

582 4019 682 4084 Μ..
712 4018 799 4085 V.,
832 4017 954 4083 Va.,
985 4017 1070 4080 P.,
1102 4016 1224 4090 Lo.,
1274 4015 1392 4081 Fa.,
1441 4016 1778 4090 Fux.,Mar.,
1824 4019 2077 4085 Vincen.;
2109 4030 2164 4076 et

579 4091 629 4144 si
655 4098 840 4145 essent
870 4089 1170 4149 retinenda,
1195 4089 1531 4160 emendanda
1559 4103 1761 4154 essent,
1793 4091 1951 4146 sicuti
1985 4093 2164 4160 prodit

579 4160 664 4216 Pi.
699 4179 710 4212 :
740 4162 824 4232 hic
853 4177 942 4232 per
980 4176 1177 4213 menses
1207 4159 1430 4214 diversos
1456 4165 1548 4214 hos
1588 4170 1632 4215 et
1665 4163 1954 4230 superiores
1990 4159 2162 4218 annos

583 4231 804 4304 (almus)
832 4231 1211 4304 accrescit,ut
1245 4231 1314 4284 sit
1343 4246 1535 4304 sensus
1565 4247 1628 4287 ex
1676 4233 1761 4287 his
1809 4232 1843 4284 2
1887 4234 2160 4290 mensibus

580 4301 792 4358 Xerxis
821 4314 876 4358 et
903 4304 934 4356 7
962 4301 1248 4372 Sogdiani,
1284 4313 1339 4358 et
1375 4303 1405 4356 7
1447 4304 1731 4367 Artabani,
1763 4306 2158 4360 conﬁciendum

580 4387 702 4428 esse
730 4389 895 4428 unum
920 4389 1138 4427 annum.
1165 4373 1297 4428 Nam
1326 4377 1429 4429 hoc
1449 4375 1646 4429 clarius
1667 4375 1968 4441 signiﬁcant
1996 4376 2159 4432 verba

579 4443 805 4498 Mariani
843 4461 855 4496 :
889 4444 968 4497 Itis
1016 4444 1150 4497 adde
1187 4460 1381 4499 menses
1429 4445 1459 4498 7
1487 4444 1770 4510 Artabani,
1801 4446 1861 4514 ﬁt
1895 4463 2062 4502 annus
2110 4457 2159 4502 et

581 4530 780 4588 menses
804 4514 856 4570 5.
890 4514 1247 4570 Nihilominus
1268 4516 1320 4588 in
1353 4515 1460 4588 Vi.,
1494 4516 1579 4580 0.,
1613 4516 1696 4582 P.,
1733 4515 1817 4580 L.,
1851 4520 2157 4588 appingitur

579 4587 636 4640 in
665 4589 807 4642 serie
836 4602 1102 4657 annorum
1132 4587 1267 4641 inter
1295 4587 1626 4657 Sogdianum
1653 4598 1706 4640 et
1737 4588 1950 4643 Darium
1981 4587 2154 4646 annus

579 4672 743 4722 unus,
775 4672 898 4714 cum
927 4658 979 4712 in
1008 4656 1127 4711 aliis
1170 4657 1262 4713 ille
1305 4656 1478 4712 annus
1533 4659 1604 4711 sit
1635 4659 1980 4727 interpositus
2010 4661 2154 4718 inter

578 4731 911 4786 Artabanum
939 4741 991 4784 et
1011 4730 1423 4799 Longimanum,
1449 4738 1505 4781 ut
1524 4728 1756 4784 diximus
1777 4745 1792 4789 :
1818 4741 1873 4784 at
1891 4732 1937 4786 si
1957 4734 2150 4789 iterum

579 4809 938 4870 repeteretur,
972 4802 1110 4855 alter
1136 4811 1281 4856 esset
1304 4800 1628 4869 superﬂuus.

647 4873 798 4944 (457,
824 4873 922 4944 ιν.)
963 4873 1209 4934 Recessit,
1240 4882 1287 4924 et
1307 4887 1514 4944 rursum
1535 4870 1903 4942 /Egyptiorum
1926 4876 2152 4930 renasci-

579 4942 666 4998 tur
689 4942 926 5016 dynastia
950 4943 1042 5008 28;
1065 4953 1109 4995 et
1136 4942 1704 5016 regnavitArnartlteus,
1730 4955 1835 4998 etc.
1867 4945 1938 5000 Ita
1963 4962 2151 5002 recen-

575 5014 785 5071 suimus
816 5015 998 5071 ascitis
1026 5015 1297 5068 nonnullis
1325 5028 1393 5068 ex
1424 5014 1636 5080 Vi..0.,
1666 5014 1772 5082 Fi.,
1818 5016 1879 5072 L.
1910 5016 2151 5075 Noannl-

573 5085 643 5143 lis
670 5101 797 5142 vero
817 5103 882 5142 ex
906 5086 1026 5153 Lo.,
1058 5085 1172 5151 Fa.,
1202 5097 1256 5140 et
1280 5087 1577 5154 impressis,
1609 5102 1734 5142 cum
1764 5089 1816 5142 in
1845 5089 1964 5144 istis
1987 5093 2147 5146 verba

576 5158 669 5212 illa
715 5174 895 5212 rursus
920 5157 1293 5228 zEggptiorum
1331 5159 1620 5212 renascitur
1647 5159 2052 5226 desiderantur,
2096 5173 2150 5218 et

574 5238 776 5286 caetera
803 5239 984 5285 essent
1017 5233 1125 5282 alio
1155 5229 1410 5284 translata
1441 5231 1509 5283 ad
1531 5246 1620 5284 an.
1647 5230 1681 5284 5
1713 5233 1984 5287 Amartliei
2005 5275 2019 5298 ,
2063 5235 2148 5290 vel

572 5299 609 5356 4
630 5301 870 5371 ejusdem
891 5341 904 5364 ,
932 5309 990 5355 ut
1019 5301 1068 5355 in
1093 5299 1194 5354 Lo.
1222 5300 1277 5354 In
1310 5301 1415 5356 illis
1444 5316 1575 5358 vero
1617 5310 1758 5371 notae
1790 5305 1896 5358 illa:
1925 5303 1993 5359 28
2019 5306 2148 5360 abe-

568 5370 695 5427 rant
727 5373 958 5442 penitus,
989 5371 1308 5427 sicntetiam
1337 5371 1389 5425 in
1416 5377 1502 5436 A.,
1537 5372 1623 5438 V.,
1659 5370 1830 5440 Peta.,
1865 5374 2023 5440 Fux.,
2053 5377 2146 5432 sed

573 5443 629 5498 in
656 5444 724 5499 M.
751 5443 818 5498 ad
847 5459 996 5497 oram
1027 5445 1294 5513 locantur.
1330 5445 1496 5499 Porro
1526 5444 1730 5513 primus
1751 5459 1924 5499 annus
1953 5451 2144 5501 Amar-

573 5514 685 5571 thei
707 5517 760 5571 in
792 5514 899 5573 Vi..
926 5513 1030 5580 Pi.,
1060 5512 1148 5579 0.,
1178 5514 1320 5582 jacet
1345 5531 1409 5569 ex
1433 5512 1662 5570 adverso
1688 5530 1775 5569 an.
1803 5515 1865 5568 21
1903 5517 2146 5574 Macedo-

568 5603 722 5653 num,
746 5601 867 5641 cum
891 5587 945 5658 in
967 5586 1178 5640 caeteris
1199 5603 1287 5639 an.
1309 5585 1380 5641 20
1402 5597 1706 5658 opponatur
1733 5604 1745 5639 :
1774 5602 2002 5656 quarum
2029 5605 2145 5658 par-

571 5666 655 5711 tes
691 5657 993 5724 sequendas
1038 5658 1315 5727 duximus.
1349 5659 1470 5727 quia
1511 5657 1748 5726 alioquin
1787 5662 1867 5713 vel
1899 5657 2143 5718 decimus

569 5736 791 5780 octavus
817 5741 914 5780 seu
939 5727 1154 5781 ultimus
1177 5726 1467 5782 Nectanebi
1501 5744 1605 5783 non
1637 5743 1990 5784 concurreret
2015 5749 2137 5787 eum

569 5808 661 5850 an.
696 5794 762 5848 15
790 5795 1016 5865 Philippi
1054 5797 1423 5861 Macedonum,
1457 5808 1516 5852 ut
1542 5809 1627 5854 est
1651 5812 1900 5866 necesse,
1924 5812 1978 5857 et
2002 5805 2142 5858 sicut

2183 4554 2234 4617 D

2269 3233 2468 3312 indicat
2512 3250 2699 3312 omnes
2739 3237 3032 3293 convenire
3075 3238 3159 3312 de_
3187 3237 3307 3308 ejus
3349 3233 3598 3312 obitn'in
3631 3233 3853 3312 'olymp.

2268 3302 2369 3384 108
2396 3347 2410 3368 ,
2437 3305 2777 3384 et_majorem
2819 3302 3347 3384 numerumjde'ortu
3387 3311 3440 3384 in
3492 3302 3817 3384 olymp.'88
3840 3334 3852 3365 ;

2265 3375 2388 3454 ideo
2413 3377 2562 3454 nefas
2584 3375 2840 3434 duximus
2867 3380 3146 3454 discedere
3175 3381 3485 3454 avulgatis.
3521 3375 3682 3439 A'dde
3716 3385 3855 3454 quod

2263 3446 2348 3524 ab
2377 3448 2492 3524 ejus
2537 3463 2678 3524 anno
2707 3462 2858 3524 ortus
2897 3450 2931 3505 4
2959 3453 3160 3524 olymp.
3205 3453 3294 3519 88,
3327 3446 3500 3521 usque
3543 3455 3612 3510 ad
3655 3446 3854 3511 annum

2263 3519 2444 3574 obitus
2462 3518 2717 3594 «Iolymp.
2742 3522 2862 3585 108,
2886 3518 3054 3594 probe
3075 3518 3422 3594 assequimttr
3436 3540 3536 3581 eos
3565 3543 3748 3582 annos
3767 3529 3854 3589 81.

2263 3605 2397 3664 quos
2427 3593 2534 3660 egit
2577 3593 2728 3647 Plato
2761 3593 3071 3650 testimonio
3117 3593 3233 3649 non
3257 3597 3433 3650 solum
3459 3598 3712 3664 Laertii,
3762 3600 3853 3655 sed

2263 3659 2489 3742 Ξ.υείεηί
2515 3664 2566 3718 in
2597 3664 2898 3742 Macrobio,
2932 3675 2987 3720 et
3004 3664 3409 3742 Censorini‘die
3451 3671 3659 3736 natali,
3693 3659 3852 3742 atque

2263 3731 2487 3813 Senecae
2528 3736 2684 3806 epist.
2713 3735 2808 3813 6t;
2839 3736 2976 3813 licet
3003 3736 3247 3813 Valerius
3274 3738 3485 3813 Max.__l.
3513 3757 3608 3796 vnt
3641 3731 3785 3813 cap:
3804 3744 3851 3805 7,

2263 3813 2317 3858 et
2337 3805 2529 3876 Suidas
2551 3805 2746 3876 praeter
2762 3807 3078 3863 Athmueum
3108 3809 3318 3864 Platoni
3358 3811 3604 3866 tribuant
3636 3805 3732 3869 an:
3768 3814 3854 3868 82.

2339 3875 2525 3948 (Ibid.)
2549 3875 2928 3933 Lacedwmonii
2960 3889 3006 3935 et
3035 3880 3388 3948 Athenienses,
3417 3892 3524 3937 etc.
3553 3883 3712 3940 Licet
3747 3885 3850 3948 VL,

2262 3944 2354 4025 9.,
2369 3944 2800 4025 hasc'ascribant
2819 3966 2963 4006 anno
2994 3952 3023 4005 7
3048 3952 3215 4025 Darii,
3246 3944 3426 4009 tamen
3454 3954 3619 4010 situm
3645 3944 3852 4025 septem

2264 4017 2646 4098 Yaticanorum
2673 4064 2687 4086 ,
2729 4021 2872 4098 Mar.
2905 4032 2961 4078 et
3008 4017 3276 4098 editorum
3299 4066 3314 4089 ,
3346 4027 3518 4096 magis
3567 4017 3851 4098 probarim

2263 4090 2404 4168 circa
2427 4093 2547 4168 ejus
2565 4107 2765 4168 annum
2796 4096 3060 4168 primum,
3085 4095 3333 4168 qui_estl
3367 4090 3584 4168 oliuip:
3605 4100 3705 4168 89,
3741 4111 3850 4154 tum

2260 4163 2394 4252 quia
2405 4165 2490 4252 sic
2517 4163 2714 4252 docent
2737 4163 2859 4252 Lo.,
2886 4163 3141 4252 Fa.,Pil,
3168 4163 3854 4252 ux.,_Peta.',_.tt_i.m'_quia

2260 4238 2486 4302 propius
2533 4238 2793 4291 accedunt
2833 4238 2898 4290 ad
2930 4239 3298 4293 testimonium
3336 4239 3681 4312 Thucydidis
3709 4238 3846 4297 liv:

2263 4301 2458 4383 foedus
2483 4304 2794 4383 Itocinitunt
2806 4309 2988 4383 decem
3014 4310 3200 4383 solidis
3219 4312 3372 4366 annis
3397 4323 3446 4366 et
3467 4313 3717 4383 pauculis
3747 4317 3850 4368 di:-

2263 4374 2353 4430 bus
2379 4392 2411 4428 a
2437 4378 2689 4454 principio
2713 4379 2835 4435 belli
2866 4379 3306 4454 Peloponnesiaci,
3335 4374 3572 4454 illudque
3592 4385 3760 4454 fuisse
3784 4385 3848 4441 50

2261 4462 2533 4521 annorum.
2582 4451 2764 4521 Itaque
2801 4466 2867 4506 ex
2904 4455 3019 4517 eius
3058 4452 3159 4506 ﬁde
3204 4453 3382 4510 fmdus
3408 4451 3512 4511 hoc
3540 4451 3740 4511 initum
3769 4469 3852 4512 est

2261 4533 2404 4593 anno
2432 4518 2478 4593 _2
2507 4518 2688 4593 Darii,
2717 4538 2838 4577 nam
2871 4522 2936 4577 15
2961 4523 3076 4593 ejus
3103 4540 3280 4580 annus
3324 4537 3409 4581 est
3452 4527 3532 4581 illi
3567 4544 3754 4583 annus
3780 4528 3847 4583 20

2261 4589 2388 4644 belli
2431 4591 2895 4662 Peloponnesiaci.
2928 4589 3196 4650 Diodorus
3216 4597 3254 4652 l.
3279 4598 3668 4654 xrtcOnstituit
3707 4603 3848 4655 anti-

2259 4662 2416 4741 quius
2445 4668 2601 4741 annis
2645 4679 2769 4741 sex,
2799 4667 2864 4721 ad
2896 4667 3216 4722 consulatum
3243 4666 3470 4740 Papyrii
3509 4682 3556 4724 et
3587 4669 3762 4741 Julii,
3797 4682 3848 4728 et

2259 4747 2348 4805 an.
2365 4735 2412 4805 _3
2429 4735 2639 4805 rolymp.
2668 4737 2756 4791 87.
3328 4735 3385 4740 ’⁷
3621 4778 3635 4787 .

2329 4802 2809 4880 (Ibid.')_Eudoa:us
2857 4807 3097 4864 Cnidius.
3141 4808 3199 4864 In
3241 4809 3351 4878 Vi.,
3385 4809 3476 4880 0.,
3520 4812 3693 4880 Fun,
3726 4814 3845 4878 Lo.,

2259 4870 2772 4952 Eudoxus'ldnidiusj
2795 4882 2846 4934 itt
2870 4880 2976 4940 Pi..
3004 4880 3254 4936 Eudoxus
3265 4892 3313 4938 et
3336 4870 3576 4952 Cnidius;
3593 4887 3646 4941 in
3669 4870 3844 4952 Peli,

2256 4945 2410 5018 Man,
2442 4947 2690 5004 Eudoxus
2717 4949 2964 5018 Cnidius;
2986 4963 3039 5006 et
3069 4955 3146 5007 sic.
3167 4955 3328 5010 etiam
3362 4945 3570 5012 habent
3594 4945 3848 5016 Clemens

2259 5017 2297 5095 I.
2331 5033 2350 5095 t_
2370 5017 2650 5095 Struma},
2674 5017 3302 5086 Laertius,Plutarchus.
3331 5029 3630 5084 Athenaaus
3659 5031 3699 5084 l.
3734 5047 3845 5095 vin,

2256 5088 2452 5144 Suidas
2481 5102 2536 5145 et
2565 5088 2770 5158 Graeci,
2805 5105 2864 5149 ut
2909 5095 3082 5151 Latini
3131 5097 3353 5154 Cnidius
3401 5115 3432 5154 a
3483 5099 3663 5157 Cnido
3716 5088 3845 5156 urbe

2257 5159 2465 5217 Doridis
2497 5161 2548 5216 in
2577 5164 2734 5238 Asia;
2788 5165 2882 5220 sed
2914 5167 2982 5222 de
3026 5171 3456 5227 commutatione
3502 5171 3550 5228 G
3592 5173 3646 5228 iu
3691 5173 3764 5238 C,
3793 5185 3844 5229 et

2255 5241 2463 5301 contra,
2487 5249 2630 5301 saepe
2656 5235 2910 5292 diximus.

2327 5304 2520 5381 (Ibid)
2561 5305 2664 5360 Ver
2690 5325 2914 5364 sacrum.
2951 5309 3085 5366 Vide
3129 5326 3262 5381 quas
3305 5314 3566 5371 tenebras
3614 5317 3843 5372 oﬂ'undit

2256 5374 2828 5459 inscitiaamanuensis
2848 5374 3192 5459 incodicibtis
3215 5382 3518 5459 Lo_.ctFa.,
3543 5403 3673 5444 cum
3696 5390 3845 5459 igno-

2253 5459 2397 5531 raret
2423 5449 2488 5504 ad
2521 5451 2646 5520 quid
2673 5467 2758 5505 ver
2780 5452 2881 5507 hoc
2904 5453 3211 5531 Ioco,_i_llius
3238 5449 3842 5531 vicersubrogavitvrel;

2252 5519 2448 5593 aberat
2469 5537 2600 5576 vero
2650 5535 2937 5593 utrumque
2976 5542 3003 5578 a
3047 5526 3310 5593 Mariano,
3352 5529 3485 5585 licet
3515 5519 3723 5587 habeat
3741 5519 3843 5586 eae;

2254 5600 2384 5667 tera.
2416 5592 2729 5667 Vin_ceu_tius
2751 5592 3137 5667 etAAntoninns
3167 5592 3352 5667 legunt
3380 5601 3523 5655 idem
3559 5604 3840 5659 nobiscum

2251 5663 2733 5742 testimonioF‘esd
2759 5665 3030 5742 adhibito.
3066 5666 3197 5742 Nam
3222 5663 3443 5725 'Feslus
3469 5714 3486 5740 ,
3547 5678 3836 5742 inquiunt,

2247 5734 2421 5787 scribit
2440 5738 2575 5806 apud
2599 5734 3017 5794 Lacedaemonios
3057 5740 3213 5808 fuisse
3261 5734 3722 5800 morem'vorc'ndi
3758 5734 3841 5800 rer

2245 5819 2471 5874 sacrum,
2499 5822 2620 5877 cum
2651 5818 2828 5864 tamen
2859 5811 3001 5879 apud
3043 5809 3257 5868 Festum
3288 5815 3440 5871 nulla
3491 5817 3713 5888 penitus
3741 5817 3839 5873 La-
