3968 6350
95 319 218 376 915

1029 323 1142 380 All.
1183 323 1474 384 PONTACI
1509 325 2056 385 CASTIGATIONES
2095 325 2182 385 ET
2223 327 2450 387 NOTE.

3261 334 3366 391 9M

94 439 575 522 cedsemgniorum
607 444 708 499 hac
736 444 793 522 in
822 457 881 499 re
907 442 1004 522 flat
1034 442 1269 522 mentio.
1305 443 1412 499 Ver
1458 461 1691 522 sacrum,
1727 445 1772 506 Α
1799 455 2027 511 lentum,
2058 454 2116 522 ut
2145 447 2384 522 loquitur
2400 446 2637 522 Solinus,
2668 465 2904 518 suprema
2931 451 3202 522 Euripidis
3225 457 3400 507 sum-‘

93 511 288 583 inquit
314 512 537 579 Festus,
581 518 794 571 vovendi
821 531 929 570 mos
970 516 1065 583 fuit
1097 513 1284 582 Italis;
1315 519 1515 586 magnis
1557 519 1695 572 enim

97 586 360 651 periculis
419 587 629 640 adducti
659 588 904 642 vovebant
939 603 1280 658 quacumque
1308 590 1542 658 proximo
1584 605 1697 642 vere

100 665 239 729 nata
262 666 430 710 essent
477 660 616 729 apud
656 676 710 713 se
748 657 1000 713 animalia
1027 657 1414 726 immolaturos;
1444 660 1532 713 sed
1579 677 1697 713 cum

99 727 322 802 crudele
345 727 600 784 videretur
627 747 810 800 pueros
835 741 882 784 et
909 729 1115 798 puellas
1147 731 1457 801 interﬁcere,
1483 732 1698 802 perduc-

98 809 187 852 tos
219 801 276 852 in
317 802 555 854 adultam
584 810 784 873 (etatem
812 802 1045 856 uelabant
1065 843 1080 865 ,
1113 811 1266 873 atque
1292 803 1366 854 ita
1396 801 1540 857 extra
1567 804 1695 872 ﬁnes

95 886 236 943 suos
260 873 554 943 exigebant.
586 874 650 928 Et
685 872 890 927 Nonius
928 872 1273 927 Marcellinus
1302 890 1314 926 :
1357 873 1460 927 Ver
1491 890 1694 927 sacrum

96 941 366 1011 quidam,
396 943 594 1015 inquit,
629 946 822 999 dictum
850 954 1032 1013 putant
1061 955 1124 1017 ut
1167 946 1467 1017 plerumque
1490 945 1696 1000 vitabile

96 1023 152 1066 et
181 1017 582 1088 ersecrandum,
615 1017 705 1070 sed
733 1017 953 1088 Sisenna
980 1016 1275 1088 religiosum
1304 1017 1428 1069 dicit
1449 1016 1698 1072 historia-

95 1101 225 1138 rum
274 1086 364 1139 lib.
399 1103 480 1144 tv:
521 1088 782 1154 quondam
811 1086 993 1142 Sabini
1023 1086 1267 1141 dicuntur
1291 1089 1512 1152 vovisse,
1539 1089 1585 1140 si
1618 1105 1696 1141 res

97 1159 399 1212 communis
437 1157 736 1214 melioribus
765 1160 889 1212 locis
919 1159 1257 1218 constitisset.
1288 1177 1342 1213 se
1365 1176 1451 1213 ver
1495 1175 1695 1213 sacrum

96 1227 356 1296 facturos.
389 1231 604 1292 Strabo,
640 1234 675 1284 l.
705 1246 759 1292 v,
789 1240 844 1284 et
875 1229 1088 1297 Livius,
1138 1232 1174 1287 Ι.
1219 1245 1292 1284 xu
1329 1239 1384 1285 et
1433 1231 1469 1284 Ι.
1511 1246 1693 1296 xxxiv,

99 1299 272 1368 hujus
299 1301 408 1355 voti
443 1305 803 1357 meminerunt
836 1301 1127 1356 :consulat
1155 1317 1250 1357 eos
1287 1302 1475 1366 lcetor,
1506 1317 1576 1357 ne
1598 1305 1698 1357 im-

98 1385 393 1427 ntoremur
412 1373 464 1426 in
495 1388 555 1428 re
588 1383 734 1430 nota.

183 1442 384 1512 (lbid.)
438 1443 815 1500 Lacedaemonii
856 1459 942 1499 ver
987 1459 1193 1499 sacrum
1231 1445 1546 1499 destinantes
1589 1443 1698 1499 He-

100 1515 340 1568 racleam
369 1515 542 1569 urbem
575 1518 826 1571 condunt.
863 1517 1194 1571 llissentiunt
1229 1518 1299 1569 ab
1343 1515 1574 1570 invicem
1608 1532 1698 1570 co-

101 1586 286 1642 dices.
313 1584 444 1642 Nam
475 1588 527 1640 in
557 1587 736 1654 Peta.,
766 1586 925 1642 Fux.:
959 1587 1338 1642 Lacedaemonii
1381 1604 1464 1640 ver
1491 1603 1698 1640 sacrum

101 1655 419 1712 Heracliam
467 1659 778 1714 destinantes
829 1663 1001 1713 urbem
1057 1659 1318 1725 condunt;
1360 1659 1499 1728 quod
1553 1659 1694 1713 idem

100 1738 291 1800 exstat
323 1733 374 1782 in
406 1729 526 1795 Fa.,
561 1731 683 1796 Lo.,
717 1730 820 1785 nisi
863 1731 988 1800 quia
1022 1746 1120 1799 pro
1163 1729 1470 1784 Heracleam
1499 1729 1699 1784 habent

103 1798 437 1866 Heracliam,
461 1813 580 1856 utet
605 1802 852 1867 Mariam,
867 1798 1009 1869 quod
1028 1798 1158 1856 ferri
1177 1811 1385 1871 poteSt;
1406 1800 1695 1866 diphthon-

103 1886 214 1940 gus
262 1875 404 1926 enim
451 1873 498 1928 ei
543 1888 683 1928 nunc
726 1874 903 1941 peri,
942 1889 1085 1930 nunc
1133 1888 1230 1943 per
1271 1889 1297 1926 e
1337 1873 1602 1937 redditur,
1638 1881 1696 1928 ut

104 1943 446 1998 Alexandria
473 1954 526 1998 et
557 1945 919 2000 Alexandrea.
949 1947 1115 2000 Porro
1159 1945 1274 1998 haec
1311 1960 1414 1998 non
1445 1945 1693 1999 eumdem

106 2014 438 2070 laterculum
466 2015 525 2069 in
548 2015 799 2072 omnibus
823 2016 973 2072 libris
997 2025 1291 2086 occupant;
1317 2031 1443 2069 nam
1469 2017 1518 2068 in
1543 2015 1692 2069 Peta.

106 2100 244 2158 eum
294 2089 382 2157 qui
414 2089 718 2158 oppositqu
769 2087 930 2158 habet
969 2103 1168 2143 annum
1207 2087 1242 2140 2
1274 2087 1446 2158 Darii;
1494 2087 1545 2140 in
1588 2086 1694 2148 ιη..

107 2157 279 2228 Eum,
303 2158 393 2228 qui
417 2157 507 2213 an.
534 2160 596 2223 5;
632 2160 682 2212 in
730 2159 833 2224 Vi.,
858 2157 947 2222 0.,
981 2159 1072 2228 qui
1109 2173 1250 2212 anno
1281 2157 1374 2222 ‘10;
1406 2160 1457 2212 in
1479 2158 1610 2228 Lo.,
1642 2166 1698 2212 et

109 2227 241 2301 Ij‘a.,
265 2227 503 2297 et’Marq
527 2247 648 2286 eum
677 2231 771 2300 qui
796 2247 942 2286 anno
968 2227 1032 2297 4’;
1065 2245 1186 2285 cum
1215 2229 1411 2301 quibus
1438 2227 1578 2284 idem
1611 2243 1698 2284 re-

110 2299 302 2355 ferunt
326 2305 532 2357 excusi.

189 2371 397 2447 (lbid._)
421 2373 984 2447 Alcibiadesprofugus
1003 2417 1018 2439 ,
1047 2383 1160 2447 etc.
1196 2370 1475 2447 Revocant
1502 2373 1600 2426 ista
1629 2370 1697 2447 ad

111 2458 212 2497 an.
259 2444 324 2498 10
352 2444 494 2498 Darii
521 2446 642 2515 Lo.,
682 2442 839 2509 Man,
870 2442 1078 2510 septem
1119 2443 1363 2498 Vaticani
1391 2451 1444 2497 et
1484 2442 1694 2515 excusi.

112 2515 190 2570 At
221 2515 301 2569 Pi.
327 2516 394 2568 ad
417 2533 505 2570 an.
527 2518 553 2572 1
583 2513 748 2582 Darii;
777 2517 867 2582 0.,
900 2516 1005 2581 Vi.,
1031 2515 1097 2570 ad
1119 2531 1208 2569 an.
1234 2516 1302 2572 5:
1335 2515 1505 2577 Peta.,
1537 2513 1698 2577 Fux.,

115 2586 191 2641 ad
214 2603 300 2641 an.
329 2587 383 2642 9.
405 2588 774 2661 _Thucydiiles
805 2588 841 2642 ι.
861 2603 966 2661 AVII]
999 2587 1281 2661 vult‘hanc
1313 2587 1488 2661 fugam
1529 2585 1700 2661 conti:

117 2662 270 2725 gisse
300 2659 457 2725 paulo
482 2657 606 2715 ante
633 2675 830 2714 annum
852 2659 916 2713 21
947 2659 1074 2712 belli
1106 2657 1579 2728 Peloponnesiaci,
1609 2657 1698 2726 qui

116 2729 402 2785 concurrit
426 2745 547 2786 cum
577 2745 720 2785 anno
756 2734 822 2785 15
861 2731 1026 2785 Darii.
1059 2729 1242 2798 Itaque
1288 2728 1480 2783 excusi
1530 2729 1700 2798 magis

117 2802 390 2874 accedunt
415 2804 479 2856 ad
505 2801 894 2874 'lhucydidein,
929 2803 1095 2855 immo
1123 2801 1284 2874 etiam
1317 2800 1380 2874 ad
1413 2800 1698 2874 Diodorum

121 2873 224 2927 lib.
252 2888 369 2939 χιιι,
392 2876 479 2942 qui
508 2871 674 2928 refert
697 2875 834 2928 hanc
858 2887 1088 2943 pugnam
1111 2871 1178 2943 ad
1205 2887 1293 2925 an.
1323 2871 1349 2924 1
1379 2871 1583 2943 olymp.
1608 2872 1698 2933 95,

122 2959 259 2999 coss.
307 2943 536 3015 Papyrio
558 2955 606 2998 et
652 2942 871 2998 Nautio.
895 2942 1282 3005 Nihilominus,
1307 2944 1429 3011 quia
1449 2942 1551 3015 ille
1574 2957 1704 2996 con-

121 3018 332 3070 snlatus
357 3011 593 3070 in'fastis
622 3015 888 3084 Onuphrii
911 3016 1254 3070 constituitur
1281 3029 1425 3067 anno
1443 3011 1478 3064 ‘2
1497 3014 1700 3082 olymp.

122 3085 218 3153 92,
246 3090 332 3157 qui
355 3099 439 3142 est
464 3088 624 3143 Urbis
648 3087 772 3149 608.
805 3087 1100 3143 secundum
1133 3084 1341 3140 Livium
1366 3095 1423 3139 et
1446 3094 1703 3157 supputa-

125 3155 332 3212 tionem
362 3159 639 3219 Varronis.
671 3171 723 3211 et
743 3160 834 3229 qui
861 3159 1136 3213 concurrit
1162 3171 1282 3212 eum
1310 3173 1413 3229 an.
1435 3155 1502 3229 14
1533 3155 1699 3219 Darii,

1799 527 1890 586 ptu
1918 519 2114 588 funeris
2141 519 2410 591 prosequi,
2445 518 2532 573 sed
2558 520 2749 574 crinem
2781 532 2956 576 tonsus
2979 518 3080 588 est,
3113 535 3161 578 et
3189 541 3371 580 nitere-

1797 604 1903 642 rem
1932 607 2078 662 quem
2107 592 2281 662 animo
2314 600 2646 662 conceperat,
2689 593 2833 645 vultu
2860 592 3151 659 publicavit.
3179 595 3372 653 Suidas

1797 673 1970 714 autem
2002 661 2252 716 dissentit
2275 663 2341 715 ab
2369 661 2588 717 auctore
2619 663 2670 716 in
2699 662 2969 731 Sophocle
2995 679 3111 719 cum
3137 668 3210 720 ait
3239 682 3364 722 eum

1799 744 2069 805 mortuum
2117 744 2259 805 sexto
2303 743 2587 805 annorpost
2635 734 2958 802 Euripidem.
3003 738 3071 790 At
3107 737 3369 794 Diodorus

1799 801 1894 857 lib.
1937 821 2031 859 xm
2062 805 2192 860 citat
2230 801 2618 871 Apollodorum
2651 807 2701 859 in
2725 801 3006 862 Chronicis
3046 808 3365 865 scribentem

1800 875 2168 946 Euripidemet
2186 877 2509 946 Suphoclem
2535 878 2723 931 eodem
2743 891 2887 932 anno
2909 880 3014 930 vita
3041 879 3362 943 evcessisse.

1797 945 2253 1021 Calliapraefecto
2279 947 2512 1021 Athen_is
2531 959 2583 1021 et
2611 964 2751 1021 anno
2776 948 2810 1001 5
2838 950 3046 1021 olymp.
3066 949 3154 1003 95.
3175 950 3374 1006 Pausa-

1799 1018 1916 1071 nias
1944 1018 2040 1071 lib.
2066 1034 2103 1082 ι,
2127 1019 2341 1073 Solinus
2369 1030 2418 1072 et
2441 1019 2647 1073 Plinius
2668 1020 2763 1074 lib.
2793 1036 2864 1074 vn
2887 1018 3004 1088 cap.
3023 1019 3111 1082 29,
3139 1021 3376 1078 referunt

1798 1088 2001 1162 obitum
2031 1089 2320 1158 Sophoclis
2343 1090 2409 1144 ad
2449 1106 2569 1144 eum
2623 1107 2820 1144 annum
2873 1107 2980 1162 quo
3033 1091 3376 1148 Lacedaemo-

1800 1159 1896 1232 nii,
1927 1161 2063 1215 duce
2091 1162 2395 1232 Lysandro,
2430 1163 2739 1228 irruperunt
2763 1162 2817 1216 itt
2849 1159 3103 1225 Atticam,
3137 1175 3188 1218 et
3217 1165 3377 1220 obse-

1797 1231 1993 1285 derunt
2018 1231 2282 1291 Athenas.
2313 1248 2580 1302 quemque
2611 1233 2878 1287 Diodorus
2900 1235 3006 1288 vult
3030 1249 3150 1289 esse
3173 1251 3373 1291 annum

1802 1302 2056 1378 lolymp.
2081 1303 2167 1359 95.
2199 1305 2512 1378 Plutarchus
2533 1346 2546 1364 ,
2578 1304 2778 1378 lib._vn
2805 1305 3080 1378 Sympos,
3101 1308 3185 1378 ait
3215 1307 3375 1362 Euri—

1797 1374 1976 1444 pidem
2005 1375 2306 1450 decessisse
2323 1377 2440 1450 ipso
2471 1377 2636 1430 natali
2664 1374 2896 1450 Dionysii
2924 1380 3057 1430 inter
3082 1377 3277 1432 Sicilia:
3299 1389 3377 1450 ly-

1797 1461 1991 1499 rannos
2037 1448 2276 1501 senioris.
2322 1446 2525 1501 Forsan
2569 1446 2812 1517 sumpsit
2848 1459 3050 1516 patrem
3097 1464 3192 1515 pro
3231 1446 3375 1515 lilio,

1800 1517 2077 1592 veletiam
2110 1520 2342 1592 natalem
2373 1517 2612 1589 Dionysii
2640 1520 2876 1574 senioris
2899 1535 2999 1588 pro
3021 1520 3173 1574 initio
3196 1533 3378 1592 tyran-

1800 1589 1940 1643 nidis
1971 1589 2138 1658 ipsius
2161 1631 2174 1650 ,
2205 1590 2345 1656 quod
2370 1601 2556 1643 auctor
2578 1601 2856 1656 comparat
2881 1607 3001 1645 cum
3030 1605 3174 1646 anno
3194 1589 3376 1648 obitus

1801 1661 1993 1714 horqu
2021 1660 2247 1714 duormn
2280 1661 2664 1731 tragmdorum.
2697 1661 2802 1717 Sed
2824 1661 2926 1716 hoc
2949 1663 3066 1716 loco
3089 1662 3373 1718 dicendum

1798 1743 1883 1786 εει
1922 1747 2041 1786 cum
2072 1731 2374 1805 Plutarcho
2416 1737 2468 1786 in
2500 1733 2670 1786 Numa
2714 1749 2816 1786 non
2857 1751 2964 1788 esse
2995 1734 3148 1800 facile
3179 1737 3378 1805 exigere

1798 1812 1971 1878 letales
2010 1803 2399 1878 ad_amussirn,
2439 1806 2658 1878 maxime
2701 1806 2748 1858 si
2776 1808 3086 1859 reducantur
3110 1807 3178 1858 ad
3207 1803 3376 1878 olytng

1799 1875 2049 1944 pianicas.
2092 1873 2276 1945 Itaque
2333 1864 2395 1930 iit
2445 1875 2544 1930 hac
2605 1878 2868 1932 varietate
2919 1879 3088 1932 satius
3149 1864 3380 1933 fuitvnil

1798 1955 2030 2001 mutare.

1869 2016 2060 2091 (ll_t_i_d.)
2098 2019 2250 2091 Apud
2293 2017 2624 2091 Archelaum.
2655 2019 2808 2088 Apud
2837 2019 3102 2074 Arelatum
3133 2019 3222 2084 V.,
3252 2019 3376 2084 Va.,

1800 2087 1918 2151 Lo.,
1945 2089 2079 2144 Ven.
2113 2087 2308 2144 Verum
2333 2089 2537 2158 absque
2562 2090 2730 2144 dubio
2753 2091 3064 2160 germanior
3091 2101 3173 2145 est
3215 2093 3378 2146 lectio

1799 2162 2050 2229 vulgata,
2081 2178 2202 2215 cum
2228 2161 2533 2215 institutum
2567 2165 2801 2217 auctoris
2830 2164 2900 2217 sit
2929 2179 3100 2217 annos
3125 2163 3379 2219 Archelai

1799 2235 1943 2300 regis
1970 2232 2322 2286 Macedonum
2351 2246 2650 2287 contexere
2676 2252 2688 2286 :
2721 2235 2786 2288 ad
2817 2249 2974 2301 quem
3011 2235 3219 2289 accedit
3245 2233 3379 2289 Pau-

1799 2303 1981 2357 sanias
2017 2303 2112 2357 lib.
2144 2318 2181 2367 ι,
2207 2305 2331 2358 dum
2363 2303 2439 2356 ait
2469 2303 2768 2374 Euripidem
2798 2321 2913 2358 cum
2940 2307 2994 2358 in
3018 2306 3379 2360 Macedoniam

1800 2375 1869 2426 ad
1900 2374 2203 2428 Archelaum
2233 2389 2401 2447 regem
2427 2374 2519 2445 (de
2545 2390 2652 2447 quo
2686 2377 2771 2429 hic
2801 2377 3091 2447 Eusebius)
3121 2378 3380 2443 profectus

1801 2455 1947 2509 esset,
1975 2447 2084 2498 illic
2113 2444 2365 2520 sepultum
2390 2446 2580 2520 fuisse:
2599 2445 2804 2520 Plutar.
2837 2449 2888 2520 in
2917 2444 3162 2520 Lycurgo
3191 2452 3260 2500 ait
3283 2446 3383 2501 hu-

1800 2526 1993 2570 matum
2018 2533 2176 2586 prape
2195 2516 2520 2571 Arethusam.
2554 2517 2815 2572 Diodorus
2840 2518 2937 2574 lib.
2966 2516 3062 2573 sm
3095 2537 3106 2570 :
3133 2529 3271 2583 sunt,
3297 2520 3379 2573 in-

1802 2591 1944 2662 quit,
1978 2588 2079 2662 qui
2131 2589 2302 2662 dicant
2334 2587 2641 2660 Euripidem
2685 2590 2828 2655 apud
2868 2591 3175 2644 Archelaum
3209 2607 3381 2662 regem

1805 2657 2437 2732 Macedonutn,4dumper
2467 2657 2620 2730 agros
2647 2669 2942 2732 vagaretur,
2985 2664 3037 2715 in
3077 2679 3228 2716 canes
3251 2657 3382 2715 inci-

1802 2731 1969 2795 disse,
2021 2748 2054 2782 a
2083 2730 2266 2798 quibus
2309 2731 2594 2784 dilaniatus
2625 2730 2920 2795 interierit;
2967 2743 3022 2785 ct
3062 2734 3249 2788 eadem
3295 2742 3379 2787 est

1805 2801 2072 2856 sententia
2106 2802 2339 2856 llerodo.
2365 2801 2460 2855 lib.
2495 2817 2606 2866 xm,
2641 2814 2692 2855 et
2715 2803 2870 2858 Gellii
2899 2805 2996 2861 lib.
3026 2818 3103 2858 xv
3138 2819 3252 2870 cap.
3283 2803 3372 2861 90.

1803 2871 2136 2927 Observahis
2160 2875 2318 2926 etiam
2346 2873 2505 2943 paulo
2531 2873 2666 2926 infra
2705 2874 2846 2930 idetn
2874 2889 3160 2930 occurrere
3189 2884 3248 2929 ut
3280 2891 3378 2943 pro

1804 2943 2117 3016 Archelaum
2140 2944 2346 3014 legatur
2371 2942 2637 3016 Arelatum
2663 2946 2717 2999 in
2739 2947 2946 3015 aliquot
2975 2942 3375 3016 chirographis.

1804 3013 1997 3070 Simile
2026 3017 2150 3083 quid
2179 3013 2355 3068 exuat
2387 3016 2528 3081 apud
2557 3013 2912 3084 Prosperutn,
2957 3019 3043 3071 ubi
3080 3013 3174 3084 pro
3196 3017 3379 3072 Arelas

1805 3086 2002 3155 legitur
2037 3089 2089 3140 in
2129 3086 2454 3141 editionibus
2491 3088 2869 3154 superioribus
2906 3089 3152 3144 Arcillas.

1879 3157 2153 3230 (ἀδικίη.)
2177 3156 2456 3230 Mnemon.
2493 3157 2584 3213 Sic
2607 3160 2954 3230 restituimus
2987 3174 3082 3228 pro
3113 3159 3376 3224 Memnon,

123 3230 232 3284 hoc
261 3241 415 3299 pacto
453 3229 722 3286 Diodorus
764 3226 876 3287 uno
917 3239 1122 3285 tantum
1175 3243 1316 3282 anno
1365 3226 1652 3282 dissideret
1674 3244 1703 3282 a
1733 3229 1778 3294 C
1808 3226 1968 3285 ex'A.
1989 3270 2004 3292 ,
2035 3229 2099 3284 L.
2121 3226 2142 3290 ,⁷
2163 3229 2255 3298 S.,
2291 3230 2408 3282 Vat.
2430 3275 2444 3298 ,
2475 3230 2580 3291 M.,
2605 3229 2701 3294 P.,
2734 3230 2815 3285 Vi.
2839 3272 2854 3295 ,
2879 3226 2997 3293 l’i.,‘
3019 3232 3190 3291 Peta.,
3216 3230 3377 3296 Fux.,

122 3301 464 3356 Thucvdide.

199 3319 614 3445 lllﬁiigigeélades
641 3389 759 3444 quat:
787 3371 1177 3445 Atheniensibus
1207 3371 1392 3445 accidit
1422 3372 1474 3445 in
1497 3369 1706 3445 Sicilia.

129 3442 319 3500 Clades
368 3442 482 3515 quia
525 3446 577 3498 in
627 3442 812 3500 Sicilia
833 3444 1222 3515 Atheniensibus
1273 3443 1710 3515 accitlit:alt_erne

125 3513 413 3589 pugnantes
434 3531 607 3571 omnes
628 3517 916 3589 ceciderunt
947 3515 1084 3570 Fux.
1117 3514 1285 3589 Porro
1308 3523 1538 3589 septeiu
1559 3513 1707 3589 Vati-

126 3585 252 3643 cani
293 3599 346 3642 et
377 3590 497 3642 libri
543 3591 727 3642 excusi
773 3587 1036 3642 accidisse
1061 3587 1249 3640 volunt
1273 3600 1416 3638 anno
1449 3586 1480 3638 6
1510 3585 1653 3638 Darii
1693 3603 1705 3636 :

125 3660 288 3728 cujus
317 3663 394 3714 rei
423 3667 670 3714 auctores
699 3658 900 3714 habent
929 3656 1315 3728 chirpgraphos
1339 3657 1463 3718 Lo.,
1487 3656 1583 3710 Fa.
1611 3655 1710 3710 Ve-

127 3726 254 3787 rum
303 3732 627 3786 dissentiunt
676 3731 852 3795 Peta.,
893 3731 994 3793 Pi.,
1025 3726 1182 3793 Fux.,
1228 3727 1384 3794 Man,
1427 3730 1514 3798 qui
1567 3728 1709 3798 circa

129 3819 226 3858 an.
263 3803 298 3859 5
331 3803 571 3873 ejusdem
601 3811 818 3866 notant,
852 3810 908 3857 et
939 3800 1046 3864 Vi.,
1074 3799 1162 3860 0.,
1197 3801 1285 3869 qui
1313 3803 1586 3873 circa_an.
1619 3797 1709 3873 lg,

130 3891 277 3943 quos
312 3871 610 3944 sequimur,
655 3877 782 3943 quia
811 3874 1056 3944 ﬁrmatur
1092 3873 1413 3926 auctoritate
1441 3871 1712 3944 Thucydi-

133 3942 246 4006 dis,
275 3947 312 4000 ι.
339 3942 433 4004 vti.
462 3956 517 4000 et
543 3942 762 4000 Diodori
784 3985 799 4005 .
825 3944 864 4000 l.
891 3960 986 4008 xtl,
1011 3943 1138 3996 dum
1171 3944 1308 3996 hanc
1334 3942 1542 3996 cladem
1566 3957 1713 3995 eom-

140 4029 350 4084 parant,
374 4019 462 4072 ille
493 4032 613 4070 cum
641 4033 731 4070 an.
764 4015 830 4072 19
863 4016 985 4070 belli
1012 4015 1478 4081 Peloponnesiaci,
1509 4013 1598 4084 qui
1633 4011 1714 4066 illi

134 4082 225 4144 est
279 4086 346 4144 l2
390 4089 573 4154 Darii,
627 4089 711 4141 hic
756 4104 876 4142 cum
934 4103 1023 4140 an.
1055 4086 1088 4139 4
1116 4086 1320 4157 olymp.
1364 4085 1470 4157 91°,
1510 4082 1715 4154 fuitque

136 4163 373 4214 maxima
395 4159 581 4214 clades
607 4160 869 4223 omnium,
907 4173 1026 4228 quae
1056 4159 1108 4212 in
1141 4156 1246 4212 hoc
1270 4157 1411 4211 bello
1451 4156 1716 4228 Pelopon-

138 4235 360 4286 nesiaco
421 4232 735 4287 acciderunt
788 4227 1252 4294 Atheniensibus,
1314 4237 1372 4282 ut
1429 4228 1504 4282 ait
1569 4227 1718 4282 Thu-

135 4302 383 4358 cvdides.

173 4319 400 4444 ylll'giilsb
444 4372 638 4428 Euboea
677 4373 739 4426 ab
781 4371 1169 4428 Atheniensium
1189 4372 1431 4424 societate
1479 4371 1717 4444 discedit.

136 4441 407 4516 Agnosces
429 4456 661 4500 veterem
689 4447 890 4508 locum,
921 4459 1078 4516 quem
1107 4444 1512 4516 retinuimusad
1537 4459 1626 4516 an.
1651 4441 1715 4494 21

137 4514 428 4581 Archelai,
471 4534 537 4571 ne
566 4533 595 4570 a
627 4529 864 4571 veterum
907 4515 1154 4570 codicum
1192 4526 1399 4579 septem
1435 4514 1722 4568 Vaticano-

139 4606 290 4653 rutn,
324 4590 497 4654 Peta.,
521 4587 678 4656 Fux.,
714 4590 833 4651 Lo.,
863 4587 980 4647 Fa..
1009 4587 1267 4656 sacietate
1297 4585 1718 4656 discederemus,

141 4663 274 4717 licet
304 4663 356 4715 in
383 4660 460 4716 Pi.
491 4663 563 4713 sit
589 4655 770 4714 adau.
796 4657 896 4725 22;
930 4659 982 4713 in
1026 4659 1116 4720 0.,
1149 4655 1263 4724 Vi.,
1291 4656 1360 4710 ad
1396 4673 1484 4709 an.
1513 4655 1617 4721 25;
1667 4657 1717 4710 in

140 4734 280 4788 Mar.
313 4733 376 4785 ad
406 4748 495 4785 an.
523 4731 612 4784 20.
649 4732 713 4785 Et
753 4731 841 4786 hic
884 4741 1064 4785 tamen
1111 4730 1354 4782 lit-matur
1403 4731 1722 4782 auctoritate

138 4802 479 4873 Thucydidis
505 4804 597 4856 lib.
626 4802 885 4869 vtu,dum
917 4805 994 4855 ait
1020 4800 1257 4873 Eubmos
1275 4801 1489 4854 misisse
1517 4802 1724 4873 legatos

140 4878 212 4929 ad
245 4871 380 4942 Agin
413 4890 593 4945 regem
644 4873 1178 4945 Lacedaemoniorum
1228 4871 1296 4926 de
1345 4886 1464 4945 sua
1487 4871 1556 4945 ad
1588 4886 1722 4945 eum

139 4941 647 5008 defectionefcirca
678 4947 948 5016 hyemem,
980 4958 1078 4999 seu
1108 4943 1426 5016 liuetuanni
1445 4941 1511 4998 19
1534 4959 1562 4995 a
1588 4943 1728 4996 bello

142 5019 623 5088 Peloponnesiaco.
672 5013 926 5088 Natuille
961 5031 1136 5070 annus
1162 5014 1227 5088 l9
1261 5013 1461 5069 desiuit
1481 5019 1540 5088 in
1570 5023 1728 5068 testa-

146 5085 424 5145 tetn'anni
463 5087 532 5144 20
571 5086 860 5155 Archelai,
910 5087 1241 5142 numerando
1293 5101 1443 5140 more
1480 5085 1727 5140 Romano

142 5177 179 5217 a
218 5161 457 5215 calendis
492 5160 755 5215 Januarii.

222 5231 406 5305 (lbid.)
438 5230 691 5305 Erupides
717 5230 860 5300 apud
880 5229 1255 5305 Archelaumet
1275 5227 1562 5305 Sophocles
1574 5227 1731 5305 Athe:

145 5297 241 5360 nis'
261 5297 496 5358 moritur.
541 5297 911 5372 Oppouuntur
935 5301 1118 5372 ista_iu
1155 5300 1262 5360 Pi.,
1294 5299 1426 5354 Mar.
1445 5314 1631 5372 ,__anno
1659 5297 1724 5372 17

147 5377 326 5442 Darii;
360 5375 412 5428 in
445 5375 565 5440 Lo.,
595 5369 658 5429 0.
680 5415 694 5436 ,
739 5372 842 5442 VL,
875 5371 992 5439 Fa.,
1023 5369 1192 5435 Fux.,
1220 5382 1428 5442 septem
1457 5369 1728 5442 Vaticanis

145 5457 210 5506 et
233 5440 481 5510 excusis,
511 5461 600 5502 an.
642 5445 736 5509 lli;
764 5440 999 5498 iu'Peta.
1031 5457 1174 5498 anno
1207 5441 1292 5507 17,
1326 5442 1416 5511 qui
1456 5440 1645 5495 incidit
1670 5441 1723 5494 in

147 5537 240 5575 an.
276 5516 301 5570 1
327 5519 532 5588 olymp.
565 5516 660 5579 95;
685 5517 770 5570 cui
798 5513 943 5588 favet
971 5514 1182 5588 Suidas,
1205 5515 1330 5568 dum
1361 5513 1549 5569 scribit
1576 5511 1730 5566 Euri-

148 5591 334 5663 pidem
368 5585 567 5643 obiiSse
600 5592 802 5663 olymp.
842 5585 928 5642 95.
962 5587 1066 5663 sed
1097 5585 1202 5640 hoc
1237 5595 1384 5663 stare
1410 5600 1517 5663 non
1551 5591 1731 5663 potest

146 5653 276 5719 cum
324 5667 584 5716 auctore.
623 5653 764 5726 apud
807 5673 965 5724 quem
1013 5659 1105 5712 ille
1148 5672 1324 5712 anuus
1355 5655 1382 5707 1
1416 5655 1624 5726 olymp.
1665 5653 1735 5710 95

1810 3300 1902 3367 0.,
1931 3302 2092 3365 Ven.,
2121 3301 2267 3359 Lut..
2289 3300 2412 3364 Fa.,
2438 3303 2592 3368 Man,
2613 3301 2884 3367 Isocrate,
2913 3303 3175 3368 Diodoro,
3207 3300 3382 3357 Emi-

1808 3373 1884 3428 lio
1910 3373 2114 3435 Probo,
2149 3372 2382 3427 Plutarc.
2422 3373 2476 3426 in
2508 3373 2873 3443 Apoiihtheg.,
2904 3383 2959 3429 et
2984 3376 3036 3428 in
3061 3374 3247 3439 Mario,
3284 3376 3378 3441 qui

1808 3448 1884 3498 ait
1913 3444 2050 3498 idem
2073 3444 2379 3515 significare
2403 3458 2466 3498 ac
2491 3461 2703 3515 memor,
2731 3446 2874 3515 quod
2906 3445 3079 3500 felicis
3097 3455 3240 3499 esset
3267 3460 3375 3499 me-

1811 3517 2036 3570 moria:
2067 3513 2218 3570 in’V.
2252 3515 2445 3584 legitur
2471 3513 2943 3585 Nemeonfapud.
2979 3517 3176 3571 Bedam
3214 3515 3380 3569 Mem-

1811 3603 1948 3653 non;
1985 3587 2206 3641 Vincen.
2238 3596 2290 3640 et
2325 3585 2447 3640 Fre.
2483 3585 2684 3641 habent
2714 3586 2977 3654 Mennon;
3014 3588 3235 3642 Jornan.
3273 3585 3379 3640 Mi-

1812 3674 2006 3721 mnon;
2046 3658 2140 3712 sed
2174 3658 2533 3728 Hieronymus
2574 3659 2626 3711 in
2671 3659 2967 3712 Ezechielis
3004 3674 3055 3713 tv
3093 3657 3381 3714 confit-mat

1813 3739 2049 3784 nostram
2093 3731 2410 3798 lectionem,
2445 3744 2565 3781 nam
2598 3729 2840 3782 alludens
2877 3729 2944 3783 ad
2976 3731 3150 3783 locum
3199 3731 3374 3792 hunc,

1813 3803 1893 3854 sic
1917 3803 1990 3853 ait
2019 3819 2030 3853 :
2061 3802 2372 3854 Artaxerxes
2401 3811 2734 3872 cognomento
2764 3805 2974 3870 Μνήμων
3007 3800 3159 3855 Darii
3188 3811 3236 3856 et
3275 3799 3384 3854 Pa-

1811 3873 2056 3942 rysatidis
2085 3872 2244 3940 ﬁlius.

1885 3942 2072 4014 (lbid.)
2113 3942 2460 4014 Pargsatidis.
2491 3943 2610 3998 Fuit
2644 3943 2757 3998 haec
2781 3944 2938 3998 lectio
2953 3944 3165 3999 caeteris
3193 3943 3383 4012 praele-

1767 4031 1770 4038 ·
1815 4014 2004 4084 renda,
2036 4016 2156 4084 quia
2187 4020 2267 4069 sic
2294 4015 2467 4080 Peta.,
2498 4023 2553 4069 et
2573 4019 2710 4083 apud
2737 4015 3060 4081 Cedrenum,
3089 4014 3380 4084 Apollodo-

1815 4102 1968 4148 rum,
2004 4085 2444 4154 Xenoiihontem,
2481 4087 2806 4149 Diodorum,
2840 4085 3107 4148 Ctesiatn,
3137 4087 3377 4151 Suidam,

1816 4160 2144 4233 Παρυσάτζις.
2178 4156 2498 4233 ΑιΙιιίθΑ-ιιιιοιι
2526 4159 2576 4212 in
2606 4159 2668 4233 V.
2695 4160 2886 4229 legitur
2910 4160 3257 4233 transpositis
3273 4159 3385 4233 ele-

1821 4228 2014 4284 mentis
2061 4229 2426 4300 Pyrasalidis.‘
2466 4230 2712 4284 exstabat
2756 4228 2910 4284 antea
2962 4228 3286 4300 Parysatidis
3329 4232 3380 4283 in

1822 4302 2070 4370 vulgatis,
2101 4299 2152 4354 et
2191 4301 2332 4368 apud
2363 4301 2611 4364 Hierom,
2652 4302 2848 4357 Bedam
2869 4343 2885 4368 ,
2910 4299 3177 4357 Justinum
3200 4343 3212 4359 .
3246 4299 3397 4355 Oro-‘

1819 4373 1992 4440 siuin,
2035 4383 2088 4425 et
2119 4373 2171 4426 in
2202 4375 2322 4426 aliis
2352 4388 2515 4436 mss.,
2557 4375 2649 4427 sed
2686 4374 2738 4428 in
2768 4375 2917 4428 vocis
2958 4372 3162 4429 Graeca:
3204 4374 3390 4427 ortho-

1819 4443 2043 4513 graphia
2071 4443 2286 4499 Graecos
2316 4445 2496 4512 potius
2525 4460 2682 4513 quam
2711 4443 2930 4499 Latinos
2961 4443 3266 4512 sequendos
3294 4459 3388 4498 ne-

1824 4530 1912 4587 mo
1956 4516 2183 4568 dubitat.
2217 4516 2371 4584 Apud
2409 4514 2680 4571 Elianum
2725 4516 2824 4573 lib.
2855 4531 2933 4571 xu
2971 4518 3091 4587 lego
3123 4513 3394 4571 Purusati-

1750 4623 1800 4683 Β
1825 4585 1937 4648 dis;
1961 4587 2115 4670 _apttd
2148 4587 2277 4641 Mar.
2325 4587 2684 4642 desideratur.

1901 4657 2026 4683 Ιιιλι
2078 4674 2132 4683 ι..
2164 4659 2180 4683 \
2228 4657 2556 4683 u---.s-.--._-
2602 4658 2684 4683 νυ

1900 4657 2048 4726 (459,
2078 4659 2182 4729 ιιι.)
2219 4657 2560 4713 Macedonum
2587 4658 2712 4725 XV,
2741 4661 2988 4730 Amyntas
3024 4675 3114 4712 an.
3144 4659 3194 4711 1.
3228 4657 3395 4713 Ἐωάθ

1827 4729 1990 4801 uinus
2019 4734 2163 4796 prius
2195 4745 2290 4798 pro
2315 4732 2562 4801 Amyntas
2585 4733 2769 4786 nescio
2793 4729 2900 4800 quo
2925 4743 3078 4796 pacto
3104 4733 3395 4797 irrepserat

1830 4798 2145 4865 Pausanias,
2173 4802 2268 4854 sed
2298 4798 2471 4856 satius
2507 4805 2682 4856 visum
2718 4798 2821 4857 esti
2841 4801 3036 4855 imitari
3065 4801 3153 4858 A..
3185 4802 3280 4861 Μ..
3308 4801 3394 4865 P.,

1828 4871 1917 4940 L.,
1942 4875 2032 4935 0.,
2058 4872 2218 4940 Fux.,
2243 4871 2352 4936 Vi.,
2381 4875 2553 4932 Peta.,
2575 4873 2725 4934 Fre.,
2755 4873 2806 4927 in
2839 4874 3034 4940 quibus
3067 4873 3166 4925 hoc
3197 4873 3319 4925 loco
3346 4882 3400 4924 et

1831 4945 1914 4998 bis
1945 4945 1999 4998 in
2031 4944 2376 5011 sequentibus
2410 4945 2699 4998 exhibetur
2744 4959 2965 5012 regnum
2995 4944 3250 5013 Amyntae.
3281 4942 3396 4999 Ali-

1832 5017 2044 5084 quoties
2089 5020 2234 5070 enim
2281 5017 2564 5083 expulsum
2609 5015 2774 5069 fuisse
2818 5023 3031 5069 constat
3063 5031 3127 5067 ex
3164 5014 3396 5084 Diodoro

1833 5083 1930 5141 lib.
1962 5101 2074 5148 xtv,
2107 5087 2268 5155 inque
2305 5086 2420 5150 eius
2459 5087 2632 5141 locum
2674 5086 2808 5139 alios
2848 5087 3180 5150 subrogatus.
3227 5083 3400 5140 Caue-

1837 5173 1956 5211 rum
1983 5157 2251 5227 noluimus
2275 5166 2483 5212 mutare
2502 5156 2938 5225 orthographiam
2958 5157 3110 5210 vocis
3131 5159 3396 5227 Amyntas,

1834 5229 1963 5284 licet
1991 5229 2042 5282 in
2066 5226 2187 5289 Fa.,
2217 5227 2374 5292 Fux.,
2397 5237 2454 5282 et
2475 5228 2594 5284 Lo..
2632 5229 2738 5293 Vi.,
2768 5228 3179 5282 scribatur'cum
3209 5226 3246 5280 i.
3275 5227 3396 5281 Cm-

1837 5303 1935 5354 teri
1963 5301 2108 5355 enim
2139 5300 2353 5355 codices
2381 5309 2435 5353 et
2456 5300 2610 5360 Man,
2638 5302 2907 5365 vulgatam
2948 5300 3266 5369 scripturam
3303 5314 3400 5366 per

1833 5388 1867 5442 ῃ
1901 5382 2314 5435 consectantur,
2353 5381 2407 5425 et
2445 5371 2644 5425 habent
2693 5373 3049 5425 assentientes
3097 5370 3394 5436 Velleiuut,

1836 5445 2188 5505 Pausaniam,
2221 5443 2548 5496 llerodututn
2577 5481 2593 5510 ,
2634 5444 2955 5509 Diodorum,
2994 5442 3312 5497 Strabonem
3347 5451 3403 5496 et

1830 5516 1966 5569 alios
2001 5513 2201 5569 plures.

2233 5582 2427 5657 XXIX
2457 5585 2700 5657 dynastia
2739 5584 3131 5657 i/Egyptiorum.
3172 5585 3272 5639 Pro
3300 5583 3400 5652 99,

1837 5658 1890 5711 in
1915 5656 1980 5709 A.
2003 5696 2018 5719 ,
2055 5655 2115 5710 L.
2141 5697 2153 5714 .
2189 5657 2248 5708 V.
2273 5697 2285 5716 ,
2309 5655 2374 5711 Ο.
2395 5697 2410 5721 ,
2440 5655 2556 5719 γει..
2593 5657 2712 5722 Vi.,
2738 5656 2832 5712 Fa.
2855 5699 2867 5718 ,
2897 5655 3058 5722 Fux.,
3090 5657 3264 5722 Peta.,
3301 5657 3408 5722 Pi.,

148 5733 432 5792 concurrit
464 5744 698 5785 cuman.
732 5728 760 5780 1
792 5728 1000 5800 Orestis
1020 5729 1352 5784 successoris
1373 5727 1650 5791 Archelai,
1678 5737 1738 5800 et
1839 5728 1996 5793 Man,
2030 5727 2380 5800 substituitur
2402 5729 2505 5794 18;
2537 5730 2630 5784 sed
2667 5743 2785 5783 cum
2820 5729 3214 5797 praecedentem
3241 5728 3410 5800 dyna-

152 5800 626 5863 cousentieutihus
653 5799 850 5859 Plinio,
879 5799 1096 5864 Solino,
1131 5801 1450 5864 Plutarcho,
1482 5811 1536 5852 et
1560 5797 1738 5852 omui-
1840 5801 1998 5853 stiam
2033 5798 2330 5854 dixerimus
2351 5799 2455 5861 28.
2483 5801 2600 5855 hzec
2630 5801 2824 5855 merito
2849 5800 3124 5855 vocabitur
3143 5800 3234 5855 ‘29.
3268 5797 3414 5853 Prm-

152 5879 251 5934 bus
277 5871 581 5934 historicis,
611 5886 817 5925 certum
847 5878 930 5924 cst
957 5873 1259 5926 Archelaum
1293 5887 1392 5924 non
1421 5871 1588 5925 solum
1618 5886 1739 5922 con-

1843 5883 1987 5926 terca
2022 5882 2144 5944 post
2174 5887 2358 5927 vocem
2386 5872 2754 5946 /Egyptiorum
2793 5873 3116 5929 succedebat
3156 5874 3285 5928 olim
3325 5888 3410 5926 an.
