3968 6392
77 334 188 396 929

1001 337 1116 394 AR.
1158 334 1450 396 PONTACI
1485 338 2035 401 CASTIGATIONES
2077 339 2170 399 ET
2205 338 2431 398 NOTAE.

79 464 292 528 veteres
335 457 735 513 membranacei
778 457 954 522 Peta.,
1005 456 1166 522 Fux.,
1216 465 1271 510 et
1318 466 1516 524 praeter
1561 456 1660 513 bos
1686 462 1735 524 Α
1761 458 1897 528 quit,
1929 475 1992 513 ea;
2016 457 2140 512 Asia
2183 459 2243 512 in
2283 457 2502 512 Atticam
2533 454 2832 528 contendit:
2859 467 2962 524 qua
2990 453 3065 528 de
3082 470 3144 528 re
3178 459 3332 528 plura

78 525 230 595 editi,
261 544 493 595 cumque
512 528 633 594 Lo.,
664 528 785 594 Fa.,
821 533 1090 584 locassent
1110 529 1176 581 ad
1203 543 1290 582 an.
1323 528 1388 595 9;
1425 527 1532 597 Vi.,
1565 529 1651 594 0.,

75 599 142 653 ad
175 616 264 653 an.
299 601 388 664 11,
423 600 502 654 Pi.
532 602 596 654 ad
629 615 718 654 an.
749 600 834 656 12.
869 600 1132 654 Diodorus
1178 598 1214 653 Ι.
1256 614 1362 654 ιγιι
1401 600 1655 655 convenit

76 671 131 724 in
163 685 303 724 anno
324 672 359 725 2
387 671 590 740 olymp.
618 671 747 737 “5;
780 673 874 728 sed
899 669 1082 726 differt
1105 685 1213 724 uno
1243 686 1388 725 anno
1418 671 1471 726 in
1497 672 1656 726 annis

74 742 384 808 Alexandri,
413 759 533 798 cum
558 747 786 798 collocet
808 742 873 797 ad
895 760 984 795 an.
1010 745 1062 798 9.
1089 740 1195 798 Sed
1220 741 1343 810 quia
1366 743 1511 797 addit
1539 743 1656 797 haec

73 816 362 882 contigisse
400 829 546 870 coss.
578 813 830 869 Cornelio
867 822 923 870 et
960 813 1298 879 Posthumio,
1342 829 1475 881 quos
1509 813 1654 870 Fasd

72 883 337 955 Onupbrii
374 889 707 941 constituunt
746 887 812 941 ad
855 901 943 940 an.
981 885 1017 938 2
1056 884 1258 956 olymp.
1309 887 1444 953 115,
1490 889 1651 941 etiam

74 958 172 1010 hoc
205 968 365 1026 pacto
393 957 637 1013 decimus
666 956 957 1012 Alexandri
984 958 1187 1026 Optime
1223 957 1500 1012 concurrit
1526 973 1652 1012 cum

69 1028 165 1083 illo
191 1029 226 1083 ‘2
251 1029 450 1101 olymp.
476 1029 598 1084 115.

143 1097 328 1171 (lbid.)
355 1099 606 1158 Taxillen.
637 1099 837 1155 Axilem
856 1098 940 1164 V.,
959 1097 1224 1171 Vat.,Pi.,
1249 1101 1450 1171 omissa
1472 1098 1652 1171 littera

71 1169 133 1225 Τ.
155 1169 468 1229 Εειιιιειιίιιι
491 1189 611 1228 cum
638 1173 870 1242 imperiti
903 1169 1108 1226 librarii
1134 1169 1427 1225 crederent
1455 1170 1650 1239 abrep-

75 1255 182 1297 tam
205 1260 235 1298 a
260 1244 585 1314 praecedenti
603 1247 790 1298 vocula
812 1253 884 1308 et,
907 1242 1267 1314 omittendam
1281 1242 1649 1314 crediderunt;

77 1311 308 1369 Taxilen:
347 1317 434 1376 0.,
476 1316 585 1381 VL,
633 1316 810 1383 Peta.,
849 1314 968 1378 ια,
1015 1312 1180 1378 M:Ir.;
1225 1311 1468 1366 Taxilum
1503 1313 1596 1369 Va.
1635 1332 1648 1368 :

71 1400 360 1459 utrumque
379 1387 577 1443 dicitur
604 1385 920 1459 Taxillenqet
945 1384 1199 1459 Taxillem
1225 1401 1395 1459 perm
1422 1385 1506 1459 vel
1532 1402 1565 1438 n
1595 1387 1650 1442 in

73 1458 210 1522 line,
242 1456 295 1515 et
328 1474 424 1528 per
460 1460 689 1527 simplex
719 1458 806 1513 vel
835 1456 1032 1528 duplex
1077 1456 1114 1528 ll
1163 1471 1182 1508 :
1225 1457 1440 1528 Arrian.
1494 1457 1532 1510 Ι.
1574 1473 1647 1522 ιν,

69 1529 290 1586 Curtius
319 1526 353 1584 Ii.
387 1546 460 1591 ix.
492 1541 546 1586 et
569 1526 684 1596 alii,
719 1545 813 1599 per
838 1526 1054 1599 unicum
1087 1526 1124 1594 ι,
1157 1526 1284 1598 quia
1313 1527 1480 1582 etiam
1506 1531 1648 1599 apud

70 1600 198 1656 Fre.
231 1602 391 1658 modo
415 1602 632 1666 Axilles,
663 1597 822 1656 modo
848 1597 1099 1654 Taxilles.

143 1673 294 1745 (475,
324 1672 410 1746 ιι.)
443 1673 674 1746 ίΕρῃριο
702 1673 921 1746 primus.
957 1685 1060 1726 etc.
1094 1668 1284 1746 Purius
1318 1678 1374 1724 et
1412 1669 1596 1746 verius
1618 1686 1648 1726 a

67 1741 228 1800 nobis
255 1741 841 1816 reStitutum'.'qnatnqsi
869 1755 1110 1796 veterum
1133 1743 1438 1816 editionum
1458 1741 1649 1816 lectio-

69 1833 218 1882 nem,
237 1819 496 1872 velctiam
522 1810 655 1872 an'.
678 1827 731 1871 et
749 1815 882 1869 Mar.
908 1828 1220 1883 sequamur,
1249 1812 1338 1866 ubi
1367 1810 1651 1883 {Egyptia-

67 1907 186 1941 rum
217 1890 410 1954 primus
439 1891 666 1959 regnavit
695 1886 1031 1959 Ptolentarus.
1057 1883 1239 1959 Neque
1259 1885 1408 1959 enim
1442 1888 1648 1959 primus

67 1976 136 2014 ex
162 1959 452 2032 Egyptiis.
472 1956 591 2014 eum
617 1975 790 2032 neque
817 1956 1106 2032 Egyptius
1137 1956 1318 2020 luerit,
1345 1971 1519 2032 neque
1537 1956 1649 2032 pri—

69 2046 192 2084 mus
210 2024 323 2097 rei;
348 2047 469 2087 eum
496 2032 674 2099 plures
704 2024 1062 2096 ltabueri't'qui
1087 2037 1209 2080 ante
1235 2042 1358 2080 eum
1383 2024 1651 2097 Egyptiis

67 2106 408 2172 imperarint,
434 2104 576 2156 sicut
598 2103 835 2158 indicant
855 2099 1113 2172 dynastiae
1132 2099 1463 2172 superiores.
1484 2105 1652 2154 Acce-

66 2168 448 2229 dit—auctoritas
463 2173 585 2233 ιο..
602 2168 960 2240 Ρριςιηνίηο.
975 2212 990 2233 ,
1011 2170 1154 2232 Pi.,a
1169 2169 1359 2240 quibus;
1376 2168 1651 2223 hausimus

65 2247 190 2308 ista;
208 2246 258 2300 in
275 2245 365 2300 Fa.
383 2248 697 2300 circumcisa
715 2253 908 2300 estvox
923 2241 1175 2313 ngyptg
1196 2259 1244 2294 ιιι
1263 2241 1338 2294 l’i.
1355 2251 1532 2313 autem
1551 2257 1649 2295 vox

66 2320 268 2384 primus
290 2317 648 2381 desideratur,
677 2332 781 2371 non
803 2326 886 2370 est
917 2310 1094 2384 tamen
1122 2321 1270 2367 extra
1299 2328 1433 2366 rem.
1465 2310 1652 2380 Neque

65 2383 214 2444 enim
245 2406 355 2456 pra:
377 2405 436 2445 se
463 2388 568 2443 fert
593 2403 831 2452 sensum,
864 2386 1017 2456 quasi
1047 2383 1208 2439 fuerit
1234 2386 1439 2452 primus
1463 2387 1548 2456 qui
1581 2399 1650 2437 ex

66 2455 339 2533 Egyptiis
378 2462 468 2533 ad;
485 2476 712 2533 regnum
750 2455 1081 2533 pervenerit.
1106 2470 1292 2533 neque
1333 2455 1650 2533 simpliciter

66 2525 278 2602 prauus
297 2533 383 2602 qui
408 2525 676 2601 Egyptiis
705 2525 1001 2602 imperarit,
1027 2525 1120 2581 sed
1149 2527 1356 2602 primus
1385 2530 1526 2602 inter
1553 2540 1650 2579 eos

65 2598 161 2673 qui
191 2598 332 2658 inter
358 2619 418 2659 se
447 2598 735 2658 Alexandri
769 2598 1052 2671 imperium
1078 2598 1266 2673 partiti
1292 2607 1454 2673 sunt:
1489 2600 1560 2673 ita
1593 2604 1651 2650 ut

65 2669 189 2745 quae
213 2677 464 2730 dicuntur
488 2674 555 2729 de
587 2669 883 2730 Ptolemzeo
906 2669 1484 2745 prtemitti_de_bue_rint,
1511 2670 1653 2745 sicut

66 2738 100 2800 εἰ
123 2747 284 2801 nobis
306 2757 389 2801 est
411 2746 733 2808 factitatum,
753 2754 881 2799 ante
902 2759 964 2795 ea
991 2757 1111 2810 qua:
1136 2743 1203 2794 de
1224 2739 1470 2808 Philippo
1498 2738 1650 2793 refe-

66 2829 286 2873 runtur.
316 2817 624 2884 Quinimmo
640 2819 684 2870 si
705 2817 877 2883 major
890 2813 1137 2867 codicum
1156 2825 1456 2884 consensus
1475 2820 1649 2884 atten-

67 2889 254 2952 datur,
285 2881 460 2945 series
490 2905 674 2959 regum
707 2881 1198 2959 Alexandrinorum
1232 2882 1448 2959 laevam,
1477 2881 1651 2936 illaec-

67 2962 275 3015 donum
331 2977 463 3016 vero
507 2953 786 3016 dexteram
838 2967 1023 3013 tenere
1073 2953 1322 3009 deberet:
1377 2953 1469 3007 illa
1522 2967 1652 3007 vero

67 3031 564 3105 Ai'gyptoprimus,
619 3042 751 3099 etc.,
795 3025 1129 3105 ad__seriem.
1159 3025 1650 3105 Alexandrinorum

70 3095 380 3159 revocanda
403 3095 687 3169 sint;'liaec
709 3095 836 3157 vero
854 3096 1175 3155 Macedonia:
1200 3095 1494 3167 Philippus,
1515 3104 1648 3161 etc.,

66 3177 136 3230 ad
175 3176 482 3231 columnam
521 3173 874 3230 Macedonum
919 3170 1275 3238 diSponantur
1308 3185 1322 3219 :
1359 3183 1478 3236 quae
1516 3183 1647 3223 vero

1760 525 1899 596 apud
1942 530 2259 584 Pausaniam
2303 531 2338 582 Ι.
2384 544 2444 595 ιι,
2492 527 2688 583 Justin.
2738 526 2832 584 lib.
2878 543 2990 593 xm,
3036 525 3330 588 Diodorum

1757 600 1853 658 lib.
1883 617 2014 666 xvu,
2043 600 2317 656 Plutarch.
2346 601 2398 654 in
2431 598 2806 654 Demosthene.
2839 598 3108 655 Hactenus
3126 601 3195 658 de
3220 619 3333 658 ma-

1757 674 1888 726 teria
1924 691 1937 725 :
1971 689 2112 728 nunc
2151 672 2220 727 de
2253 673 2372 726 loco
2398 687 2556 740 quem
2597 669 2868 724 diversum
2897 670 3161 728 obtinent.
3193 673 3327 731 Nam

1755 741 1808 797 in
1855 743 1941 809 0.,
1991 744 2096 811 VL,
2139 744 2204 798 ad
2247 759 2444 797 anitum
2479 743 2510 796 9
2541 741 2862 806 Alexandri;
2902 743 3040 810 apud
3083 743 3216 801 Mar.
3259 747 3330 803 ad

1753 828 1842 887 an.
1874 817 1906 869 4
1939 815 2266 887 monarchite
2306 815 2480 887 illius;
2525 814 2577 868 in
2620 813 2793 887 Peta.,
2837 811 3060 887 F_ux._et
3097 821 3327 887 excusis,

1755 886 1820 938 ad
1851 902 1938 940 an.
1973 886 2060 952 ii;
2095 887 2148 941 in
2181 886 2296 950 Fa.,
2335 886 2460 950 Lo.,
2499 887 2562 938 ad
2603 902 2693 938 an.
2735 885 2821 938 12.
2868 883 3136 940 Diodorus
3164 883 3332 948 refert

1753 957 1819 1010 ad
1849 973 1938 1010 an.
1968 957 2344 1022 9_Alexandri,
2376 957 2631 1029 qui_apud
2651 972 2777 1029 eum
2806 966 2890 1029 est
2911 952 2948 1008 2
2969 956 3170 1029 olymp.
3205 961 3328 1028 115,

1753 1041 1873 1084 cum
1903 1029 2041 1096 apud
2065 1039 2338 1084 auctorem
2367 1029 2438 1083 sit
2458 1027 2491 1080 5
2511 1028 2749 1096 ejusdem
2772 1027 2974 1098 olymp.

1825 1099 2263 1171 (lbid.)Romani
2295 1100 2555 1162 Samnites
2584 1099 2844 1171 subigunt,
2885 1109 2933 1171 et
2972 1098 3203 1155 colonias
3245 1103 3334 1157 de-

1753 1169 1968 1244 ducunt.
1993 1168 2352 1244 Omnesmss.
2384 1183 2436 1226 et
2468 1171 2600 1244 Mar.
2630 1168 2898 1244 reponunt
2921 1168 3061 1244 hunc
3085 1187 3335 1244 paragra-

1757 1242 1915 1307 phum
1947 1242 2012 1297 ad
2044 1259 2133 1297 an.
2164 1242 2231 1298 12
2254 1242 2573 1309 Alexandri,
2599 1258 2696 1298 seu
2721 1240 2755 1294 4
2783 1241 2986 1312 olymp.
3021 1243 3123 1299 115
3152 1240 3334 1302 θιύιο

1753 1313 1835 1368 bis
1862 1314 1990 1368 428.
2031 1315 2182 1382 Ωιιυὰ
2223 1315 2463 1382 pertinet
2489 1313 2555 1367 ad
2584 1314 2851 1369 Samnites
2883 1313 3155 1378 subactos,
3185 1316 3334 1373 Fasti

1751 1383 2039 1457 Capitolini
2084 1388 2422 1441 constituunt
2452 1383 2801 1457 triumphum
2829 1383 3043 1457 Papyrii
3083 1385 3332 1446 Cursoris

1753 1453 2195 1512 de’Santuitibns
2236 1472 2378 1511 anno
2422 1455 2557 1513 Urb.
2607 1453 2747 1524 429,
2780 1453 2968 1511 Livius
3014 1473 3158 1514 anno
3202 1459 3331 1517 450.

1753 1527 1905 1595 Quod
1947 1545 2080 1584 vero
2117 1538 2324 1597 Spectat
2353 1529 2416 1583 ad
2447 1530 2719 1595 colonias,
2761 1527 2945 1582 Livius
2978 1531 3156 1597 prodit
3184 1535 3334 1586 colo-

1753 1604 1910 1673 niam
1940 1603 2158 1673 missam
2198 1603 2386 1655 Anxur
2425 1597 2901 1673 annoprbLAZS,
2935 1609 2991 1654 et
3029 1600 3328 1673 Fregellam

1753 1671 2009 1740 oppidum
2044 1672 2396 1743 Samniticum
2429 1689 2516 1725 an.
2550 1671 2675 1724 427.
2717 1670 2950 1743 V‘elleius
2979 1670 3191 1743 quoque
3229 1675 3268 1730 l.
3313 1692 3331 1731 ι

1751 1743 2014 1811 signiﬁcat
2041 1743 2187 1798 circa
2210 1741 2456 1798 eumdem
2483 1757 2684 1797 annum
2711 1740 2812 1795 427
2834 1740 3115 1798 coloniam
3131 1747 3331 1801 deduc-

1757 1822 1862 1883 tam
1892 1813 2264 1869 Tarracinam.
2302 1812 2436 1878 Nam
2469 1818 2546 1868 ait
2574 1814 2624 1868 id
2657 1816 2854 1868 factum
2886 1827 3005 1883 post
3037 1815 3327 1874 triennium

1751 1882 1818 1939 ab
1846 1900 1988 1940 anno
2015 1901 2120 1955 quo
2148 1883 2488 1939 Posthumius
2514 1896 2561 1939 et
2589 1884 2848 1939 Publilius
2874 1882 3025 1940 erant
3047 1902 3326 1956 censores,

1751 1958 1951 2025 quique
1974 1958 2126 2026 juxta
2158 1956 2365 2012 Livium
2407 1957 2547 2012 idem
2577 1965 2663 2012 est
2690 1971 2812 2012 cum
2840 1971 2982 2012 anno
3012 1957 3172 2015 Urbis
3201 1960 3326 2016 424.

1826 2027 2010 2099 (lbid.)
2055 2027 2349 2083 Alexander
2406 2027 2477 2085 52
2529 2028 2696 2084 celatis
2741 2044 2849 2084 sua:
2905 2045 3042 2083 anno
3091 2034 3328 2086 moritur.

1751 2095 1958 2171 Graves
1988 2095 2194 2168 peperit
2227 2115 2429 2170 pugnas
2460 2102 2598 2155 inter
2635 2101 2801 2154 duces
2837 2109 2891 2156 et
2932 2102 3153 2171 populos
3183 2119 3331 2160 mors

1751 2169 2065 2239 Alexandri,
2098 2187 2202 2226 non
2227 2169 2464 2228 minores
2489 2175 2631 2227 inter
2652 2169 2946 2236 scriptores
2967 2169 3140 2231 annus
3162 2174 3329 2231 illius.

1750 2239 1965 2314 Certum
2007 2253 2091 2298 est
2129 2244 2344 2298 codices
2375 2243 2460 2309 L.,
2495 2247 2582 2308 A.,
2626 2243 2710 2307 P.,
2745 2242 2840 2308 M.,
2871 2253 3100 2313 quatuor
3135 2247 3326 2314 Vatic.,

1758 2313 1862 2378 γι,
1904 2315 2006 2380 Pi.,
2052 2317 2172 2379 1.0.,
2213 2314 2328 2378 Fa.,
2371 2316 2458 2380 0.,
2504 2315 2691 2385 Peta.,
2732 2315 2892 2381 Fux.,
2930 2315 3084 2382 Man,
3132 2313 3330 2376 habere

1752 2394 1990 2460 nostram
2007 2387 2328 2460 lectionem,
2360 2387 2487 2460 licet
2507 2387 2773 2460 editiones
2797 2387 3124 2444 Basilienses
3146 2389 3327 2460 legen-
3377 2418 3381 2422 -

1752 2456 1876 2510 dum
1895 2458 2205 2518 exhibeant,
2230 2458 2526 2513 Alexander
2547 2459 2618 2512 25
2631 2459 2796 2513 aetatis
2811 2474 2918 2514 sua:
2928 2477 3064 2514 anno
3083 2456 3333 2528 moritur;

1752 2528 1931 2582 nullus
1963 2539 2135 2583 tamen
2167 2530 2302 2582 adeo
2334 2545 2508 2584 caicus
2539 2542 2643 2595 εει,
2673 2529 2764 2598 qui
2796 2545 2899 2584 non
2927 2530 3172 2586 advertat
3204 2534 3331 2589 illud

1750 2598 1821 2653 25
1859 2602 2117 2655 insertum
2150 2615 2246 2669 pro
2273 2600 2363 2666 32,
2397 2601 2540 2655 facta
2575 2611 2819 2656 notarum
2859 2603 3212 2659 numeralium
3245 2605 3331 2660 itt-

1754 2673 2040 2743 yersione;
2075 2671 2214 2725 istud
2247 2671 2391 2726 enim
2424 2673 2621 2728 habent
2654 2675 2844 2743 primae
2871 2674 3139 2731 editiones
3167 2675 3328 2743 Ven.,

1752 2739 1900 2815 ξιιμ,
1940 2757 2042 2815 pro
2073 2758 2182 2812 quo
2221 2745 2272 2797 in
2307 2745 2399 2800 So.
2443 2739 2725 2812 perperam
2763 2743 2851 2798 51.
2893 2743 3058 2800 Plana
3088 2762 3220 2802 vero
3247 2739 3333 2804 est

1756 2812 1968 2869 Eusebii
1999 2816 2264 2869 sententia
2294 2815 2332 2869 l.
2354 2831 2373 2868 ι
2402 2815 2470 2870 de
2501 2815 2616 2870 Vita
2643 2816 2980 2871 COnstantini
3017 2837 3030 2871 :
3070 2817 3220 2884 Toto,
3251 2822 3334 2874 in-

1752 2884 1888 2953 quit,
1921 2886 2037 2938 uita:
2065 2887 2234 2955 spatio
2257 2887 2525 2957 complevit
2549 2886 2898 2957 (Alexander)
2927 2887 3057 2942 duos
3088 2890 3260 2945 solum
3280 2900 3331 2945 et

1755 2957 1965 3027 triginta
2002 2973 2185 3011 annos.
2217 2957 2498 3012 Contraria
2533 2966 2708 3030 tamen
2737 2958 2919 3030 opinio
2947 2974 3139 3030 graves
3168 2961 3334 3020 habet

1752 3036 2080 3100 assertores;
2107 3044 2268 3083 unum
2297 3044 2394 3100 pro
2413 3028 2666 3084 omnibus
2684 3028 2972 3098 producam
2992 3029 3328 3100 Ciceroiiem,

1754 3097 1950 3167 Philip.
1977 3115 2026 3170 ν,
2054 3101 2143 3167 qui
2173 3101 2274 3154 hac
2301 3099 2370 3155 de
2398 3116 2456 3154 re
2479 3115 2646 3168 agens
2671 3097 2729 3154 ut
2759 3101 2920 3170 lippis
2939 3113 2993 3156 et
3017 3097 3331 3162 tonsoribus

1754 3176 1878 3223 nota
1915 3188 1928 3222 :
1963 3169 2203 3236 Macedo,
2238 3173 2428 3241 inquit,
2455 3171 2751 3226 Alexander
2781 3169 2949 3226 nonne
2973 3175 3121 3228 tertio
3149 3193 3210 3230 ac
3238 3179 3333 3232 tri-

68 3248 361 3302 historiam
410 3248 677 3313 referunt,
724 3246 958 3316 spatium
1007 3243 1151 3295 inter
1187 3240 1324 3294 duas
1369 3240 1652 3294 columnas
1682 3247 1728 3312 ο
1758 3242 1953 3312 gesimo
1977 3245 2149 3316 pietatis
2182 3240 2330 3316 anno:
2355 3253 2569 3297 mortem
2608 3244 2767 3298 obiit?
2793 3243 3035 3300 Justinus
3065 3248 3103 3299 Ι.
3136 3263 3188 3302 xi
3220 3249 3336 3304 vult

67 3329 362 3374 oecuoent.

145 3335 435 3460 Elim.)
465 3387 788 3444 Macedonia:
812 3387 1030 3456 XXIV,
1068 3387 1362 3460 Philippus.
1393 3381 1548 3460 Prius
1581 3383 1660 3439 le-

67 3453 301 3532 gebatur
329 3453 673 3532 Macedonum
696 3476 809 3532 pro
850 3453 1186 3514 Macedoniae.
1215 3453 1332 3514 Sed
1370 3453 1660 3532 maluimus

71 3526 274 3587 imitari
309 3531 412 3597 Pi.,
448 3533 538 3595 0.,
570 3533 658 3599 V.,
692 3526 866 3602 Peta.,
897 3532 1091 3602 quibus
1124 3533 1365 3602 proxime
1394 3526 1660 3580 accedunt

67 3603 199 3668 ιο..
237 3603 397 3670 Fux.,
429 3603 481 3658 in
515 3604 716 3674 quibus
744 3599 1162 3657 Macedonibus:
1193 3603 1245 3656 in
1276 3599 1372 3674 Ea.
1403 3613 1660 3666 compen-

73 3676 235 3731 diose
264 3686 348 3730 est
377 3673 634 3743 scriptum
665 3673 870 3728 Maced.
904 3675 1246 3728 Construetio
1272 3673 1500 3743 illorum
1522 3685 1660 3736 prm-

72 3748 388 3803 cedentium
422 3739 710 3818 verborum
744 3747 932 3800 diversi
969 3752 1306 3818 regnaverunt
1341 3751 1397 3797 et
1427 3739 1660 3812 Afgypto

73 3823 184 3874 hoc
213 3819 345 3874 illud
375 3818 572 3873 indicat
613 3836 624 3871 :
665 3816 804 3872 hanc
831 3829 1007 3871 tamen
1027 3815 1442 3883 castigationem
1478 3823 1661 3866 noster

72 3901 357 3946 corrector
381 3891 734 3954 Contempsit;
761 3903 982 3943 numera
1006 3903 1134 3958 ergo
1158 3889 1298 3958 inter
1322 3887 1528 3958 Errata.
1557 3883 1661 3938 Iste

68 3971 260 4018 autem
293 3977 552 4017 numerus
580 3958 771 4014 XXIV
804 3962 954 4015 deest
982 3960 1036 4015 in
1068 3955 1315 4014 omnibus
1345 3955 1493 4011 libris
1525 3971 1662 4022 prte-

74 4045 166 4089 ter
197 4034 291 4087 Fa.
323 4031 682 4087 Nihilominus
712 4037 764 4086 in
803 4048 861 4086 re
890 4031 995 4086 levi
1025 4030 1294 4085 noluimus
1323 4027 1602 4082 discedere
1629 4041 1659 4080 a

70 4106 345 4176 vulgatis,
373 4105 514 4174 quod
547 4105 690 4160 idem
722 4104 789 4158 de
815 4101 1166 4176 sequentibus
1194 4102 1434 4176 numeris
1473 4109 1662 4176 nonni-

73 4170 208 4232 ἀιηῇ
241 4177 294 4232 in
318 4170 565 4242 catalogo
600 4190 784 4245 regum
814 4170 1189 4240 Macedonum,
1219 4172 1546 4245 immoetin

69 4263 130 4303 et
161 4248 261 4303 [ιο.
293 4242 682 4318 ρι-ωοθᾱειιιρέ
705 4261 859 4317 reges
888 4245 1242 4318 Macedonum
1276 4242 1443 4318 nullis
1467 4242 1660 4296 distin-

73 4314 324 4392 guuntur
345 4318 613 4392 numeris;
636 4314 888 4392 maneant
907 4333 1056 4387 ergo,
1076 4333 1150 4392 ne
1170 4317 1340 4392 critici
1353 4314 1658 4392 _v_ideam_u_r.

151 4391 342 4460 (lbid.)
377 4391 477 4458 Qui
502 4400 547 4444 et
572 4389 807 4444 Aridwus
837 4385 995 4458 frater
1022 4387 1324 4442 Alexandri.
1353 4386 1526 4443 Voces
1554 4385 1662 4440 illae

71 4465 169 4534 qui
211 4474 260 4534 et
294 4464 532 4534 Aridteus
572 4464 767 4534 desunt
805 4463 855 4514 in
877 4461 1108 4534 _Fa.,et
1134 4459 1374 4534 Aridagus
1406 4460 1660 4534 scribitur

72 4529 202 4590 Sine
230 4533 568 4603 diphthongo
599 4533 649 4586 in
680 4532 839 4596 an.,
866 4530 956 4596 0.,
992 4532 1100 4603 γι..
1134 4531 1254 4593 Lo.,
1289 4529 1394 4594 Pi.,
1423 4531 1515 4603 sed
1547 4545 1661 4597 per-

74 4622 293 4709 Ef’fi‘L“:
328 4603 994 4709 ‘lf.:f£f.‘?£".‘.’.“."”'.°i‘.‘!?’
1372 4602 1656 4668 θίοάοτυεν
1685 4646 1742 4709 υ

72 4674 304 4743 Strabo,
337 4675 598 4743 Justinus,
631 4674 758 4729 Mar.
790 4683 844 4729 et
870 4674 980 4728 alii.

150 4749 307 4818 (473,
341 4746 438 4818 tv.)
462 4750 687 4817 Arpalus
716 4747 923 4818 {agilia
943 4746 1189 4800 Atticam.
1215 4744 1496 4816 Harpagus
1521 4743 1614 4800 Fa.
1643 4761 1656 4818 ξ

72 4816 299 4888 ἀεὸερὶι
323 4816 502 4892 forsan
534 4816 814 4892 librarium
837 4816 1076 4892 Harpagi
1099 4819 1240 4892 illius
1266 4816 1662 4892 splendor,_qui

72 4893 290 4964 primas
321 4890 490 4946 tenuit
517 4892 660 4964 apud
692 4889 911 4964 Cyrum,
942 4889 1009 4943 de
1026 4889 1376 4964 'quorolymp.
1408 4889 1497 4944 58.
1526 4889 1662 4964 _S_us-

78 4959 312 5019 tulimus
331 4974 511 5017 autem
539 4959 944 5029 aSpirationem,
978 4965 1102 5029 quia
1129 4963 1208 5015 sic
1227 4959 1474 5015 Scribunt
1493 4959 1665 5015 chiro-

74 5035 512 5107 graphiomnes,
543 5033 667 5107 licet
695 5042 850 5107 vetus
870 5033 1040 5107 lectio
1063 5029 1331 5107 Harpalus
1359 5032 1666 5107 ﬁrmaretur

73 5101 409 5162 auctoritate
434 5103 671 5171 Diodori,
703 5102 923 5168 Laertii,
958 5101 1250 5168 Plutarchi,
1280 5103 1492 5169 Justini,
1527 5104 1664 5157 Pau-

74 5179 276 5243 sanize,
305 5176 440 5232 Mar.
468 5185 522 5230 et
542 5177 794 5230 aliorum.
819 5174 1209 5228 Reeensuimus
1234 5184 1497 5243 praeterea
1525 5173 1668 5229 hunc

73 5252 298 5315 locum,
329 5259 389 5303 ut
414 5261 510 5317 pro
539 5249 708 5302 veteri
738 5245 968 5301 lectione
994 5245 1126 5316 fugit
1153 5244 1210 5317 in
1237 5247 1432 5311 Asiam,
1461 5247 1670 5315 legatur

78 5322 224 5394 fugit
263 5319 604 5394 in_At_ticam,
652 5319 736 5372 cui
776 5318 1110 5394 castigationi
1156 5316 1282 5372 licet
1316 5318 1671 5394 adversentur

76 5388 282 5450 omnes
309 5390 453 5456 libri,
487 5390 652 5444 immo
687 5397 743 5444 et
780 5388 898 5458 ipse
928 5388 1202 5443 Marianas
1228 5389 1532 5456 exscriptor
1562 5389 1670 5442 Eu-

79 5463 249 5528 sebii,
275 5464 452 5517 minus
475 5470 653 5515 tamen
682 5459 942 5531 ingratam
966 5459 1157 5531 lectori
1180 5458 1300 5514 fore
1320 5459 1669 5531 credidimus,

78 5538 136 5592 in
184 5550 247 5591 re
287 5549 394 5589 non
436 5533 620 5598 dubia,
655 5529 778 5602 quia
806 5539 930 5586 nota
957 5541 1041 5602 est
1071 5530 1292 5586 historia
1323 5529 1509 5601 Arpali
1533 5545 1669 5600 quo-

77 5610 255 5664 modo
277 5621 346 5661 ex
381 5605 509 5661 Asia
541 5607 593 5659 in
621 5601 854 5674 Atticam
881 5601 1185 5674 catifugerit
1211 5603 1410 5658 timens
1442 5603 1674 5657 Alexan-

78 5681 273 5746 drum,
312 5679 383 5732 ob
421 5691 580 5746 quem
626 5673 988 5746 Demosthenes
1027 5673 1390 5729 condemnatus
1415 5681 1470 5746 et
1505 5675 1675 5746 patria

78 5744 274 5824 pulsus
299 5751 364 5804 ob
389 5744 582 5824 crimen
609 5745 803 5824 accepti
830 5745 894 5824 qb
924 5761 982 5824 eo
1020 5747 1372 5824 (otioquitnr
1405 5744 1674 5817 Justinus)

83 5815 209 5878 'uuri
241 5837 263 5877 :
305 5832 420 5878 tum
467 5819 631 5889 etiam
673 5815 795 5889 quia
833 5815 1148 5889 facilis'fuit
1187 5817 1369 5889 lapsus
1409 5815 1677 5889 reponere

86 5895 275 5951 Asiam
303 5908 404 5966 pro
433 5885 981 5946 Atticam.’Diodorus
1005 5888 1045 5948 ι.
1073 5902 1182 5946 xvu
1211 5885 1554 5964 z'Harpalus,
1589 5889 1674 5946 in-

1759 3327 1880 3366 eum
1915 3315 2175 3384 migrasse
2217 3329 2249 3370 e
2284 3314 2390 3369 vita
2423 3317 2491 3370 55
2523 3331 2686 3369 annos
2716 3324 2894 3370 natum
2931 3325 2976 3371 et
3007 3334 3164 3372 unum
3192 3336 3334 3375 men-

1757 3400 1884 3438 sem.
1920 3384 2117 3440 Verum
2147 3401 2267 3441 cum
2299 3387 2385 3442 hic
2413 3401 2517 3443 non
2552 3395 2660 3441 tam
2688 3389 2756 3442 de
2780 3402 2840 3442 re
2865 3403 3025 3454 quam
3055 3392 3123 3444 de
3150 3405 3334 3449 mente

1761 3457 1997 3512 auctoris
2030 3457 2365 3524 laboremus,
2407 3459 2475 3514 de
2511 3474 2613 3526 qua
2653 3459 2728 3512 nil
2761 3459 2895 3513 certi
2935 3457 3036 3514 nisi
3074 3476 3138 3516 ex
3179 3461 3332 3520 libris

1760 3526 1988 3600 intelligi
2022 3537 2232 3598 potest,
2266 3545 2372 3585 non
2403 3541 2484 3583 est
2510 3528 2652 3599 quod
2686 3530 2926 3598 pluribus
2955 3531 3327 3600 digladiemur.

1759 3596 1912 3652 Adde
1947 3596 2088 3669 quod
2123 3602 2364 3655 lirmatur
2398 3596 2716 3656 auctoritate
2753 3599 2837 3655 sui
2868 3596 3175 3669 interpretis
3210 3606 3332 3660 Hie-

1761 3675 1970 3741 ronymi
2014 3672 2065 3724 in
2108 3671 2315 3727 Daniel.
2350 3687 2430 3736 xt,
2465 3671 2551 3726 ubi
2586 3673 2680 3738 ait,
2730 3670 3081 3743 Alexandrum
3125 3677 3334 3743 periisse

1760 3757 1968 3814 ueneno.
2005 3743 2361 3814 cumitriginta
2395 3751 2442 3796 et
2468 3745 2598 3814 duos
2627 3759 2791 3814 annos
2827 3742 3031 3797 haberet
3065 3742 3248 3813 letalis,
3279 3760 3335 3804 et

1761 3811 1816 3900 in
1847 3812 1964 3895 c..9
1991 3815 2066 3900 ait
2094 3811 2294 3900 qbiiése
2324 3815 2424 3870 115
2450 3813 2654 3900 olymp.
2683 3813 2824 3868 Idem
2854 3816 2993 3900 apud
3020 3811 3336 3900 Theodore-

1764 3893 1872 3960 tum
1907 3884 2198 3960 in__Dat_ti_el.
2226 3900 2304 3950 ιι,
2329 3887 2466 3960 apud
2489 3884 2792 3960 Cedrenum
2820 3887 2980 3941 etiam
3009 3905 3020 3939 :
3046 3889 3243 3960 βιώσας
3271 3895 3336 3949 τὰ

1761 3957 1927 4038 πριντα
1952 3954 2040 4038 tim
2076 3955 2168 4011 δύο
2191 3960 2274 4038 atati
2299 3958 2597 4036 τριάκοντα;
2626 3954 3086 4038 Bedamquuque,
3119 3964 3206 4031 qui
3242 3965 3336 4018 tri-

1762 4029 1906 4100 ginta
1936 4029 2071 4100 duos
2101 4030 2274 4082 aetatis
2302 4029 2472 4084 annos
2503 4037 2708 4082 tantum
2739 4030 2975 4098 assignat
3019 4049 3032 4083 :
3077 4029 3334 4100 praeterea

1763 4099 1905 4168 apud
1937 4098 2252 4172 Marianum,
2273 4100 2426 4172 obiit,
2455 4100 2650 4171 inquit,
2679 4101 2943 4172 trigesimo
2962 4098 3185 4158 secundo
3221 4107 3337 4161 vitae

1761 4187 1920 4225 anno.
1943 4170 2492 4246 ldemapuinncen.
2521 4170 2650 4227 tom.
2675 4171 2713 4236 l,
2740 4170 2830 4246 qui
2853 4188 3042 4230 omnes
3067 4183 3336 4246 tamquam

1764 4250 1932 4297 testes
1973 4241 2222 4296 lectionis
2263 4243 2582 4297 Eusebiame
2629 4244 3026 4312 producuntur;
3073 4249 3118 4301 si
3157 4241 3337 4304 autem

1766 4314 1953 4381 videas
1988 4312 2233 4368 Vincent.
2262 4315 2388 4368 alibi
2417 4314 2654 4370 scribere
2683 4330 2808 4371 eum
2833 4317 3148 4384 pervenisse
3175 4320 3241 4374 ad
3272 4319 3342 4376 55

1762 4401 1964 4457 annos,
1997 4384 2102 4457 hoc
2131 4396 2204 4457 ait
2233 4385 2405 4440 eitans
2429 4385 2697 4440 Justinum
2725 4395 2780 4441 et
2804 4402 2868 4442 ex
2899 4387 3017 4457 ejus
3046 4391 3338 4448 sententia.

1765 4455 1915 4511 Facit
1939 4454 2100 4512 etiam
2131 4456 2243 4522 ipsa
2277 4458 2432 4522 ratio,
2462 4459 2585 4526 quia
2612 4459 2655 4513 si
2688 4454 2998 4515 Alexander
3025 4473 3108 4516 est
3132 4480 3344 4518 assecu-

1765 4540 1846 4603 tus
1879 4529 2152 4603 imperium
2178 4529 2417 4603 vicesimo
2450 4531 2613 4584 aetatis
2640 4547 2809 4590 anno,
2843 4539 2900 4584 ut
2941 4531 3177 4603 loquitur
3207 4534 3344 4592 Cur-

1765 4601 1935 4676 tiusl‘.
1961 4615 2027 4676 ιι,
2049 4601 2473 4676 qui‘vicesimum
2495 4618 2691 4676 annum
2715 4603 2863 4676 dicit,
2888 4617 2992 4658 non
3014 4601 3341 4676 completum

1765 4671 2033 4749 intelligit,
2066 4670 2162 4726 sed
2191 4673 2454 4749 labentem
2484 4691 2497 4727 :
2527 4674 2573 4729 si
2597 4675 2646 4727 in
2675 4675 2927 4749 vicesimo
2948 4690 3075 4731 ann.
3104 4670 3346 4749 compre-

1763 4744 1970 4801 hendas
2005 4760 2094 4798 sex
2125 4759 2320 4798 menses
2351 4745 2542 4815 quibus
2579 4745 2824 4815 regnavit
2855 4761 3019 4814 supra
3059 4744 3340 4805 duodecim

1765 4829 1958 4881 annos,
1998 4817 2085 4870 vel
2118 4825 2310 4885 septem
2339 4816 2631 4872 secundum
2665 4819 2971 4879 Diodorum.
3007 4822 3090 4874 vel
3120 4829 3232 4874 octo
3258 4837 3341 4876 se-

1765 4887 1996 4943 cundum
2033 4887 2636 4958 Arrianum,'quamvis
2666 4903 2770 4942 non
2809 4889 2908 4943 nisi
2947 4890 3016 4943 t2
3054 4892 3179 4945 anni
3210 4892 3346 4946 assi-

1765 4969 1994 5031 gnentur
2022 4974 2039 5014 ι
2065 4958 2308 5031 Illacbab.
2337 4975 2374 5023 ι,
2399 4959 2616 5031 etapnd
2637 4959 2842 5014 Tertul.
2865 4959 3076 5014 advers.
3100 4961 3340 5030 Judmos,

1769 5029 1991 5085 Hieron.
2025 5032 2077 5102 in
2106 5030 2239 5083 Dan.
2270 5045 2344 5084 χι.
2381 5029 2463 5102 Ad
2495 5039 2794 5086 extremum
2822 5032 3168 5101 opposuimus
3191 5029 3344 5102 para-

1769 5102 2028 5172 graphum
2060 5100 2203 5155 hunc
2235 5115 2379 5155 anno
2413 5101 2448 5173 4
2468 5101 2682 5173 olymp.
2716 5102 2839 5170 115,
2861 5100 2996 5172 quia
3025 5105 3104 5159 sic
3129 5100 3344 5162 codices

1771 5170 1880 5228 iam
1908 5173 2038 5227 editi
2069 5187 2228 5242 quam
2258 5187 2388 5243 mss.
2419 5170 2569 5226 Licet
2596 5172 2740 5227 enim
2770 5174 2826 5227 in
2858 5170 3015 5228 editis
3055 5187 3110 5231 et
3139 5175 3192 5230 in
3222 5176 3346 5243 Lo.,

1772 5245 1892 5312 Fa.,
1920 5241 2202 5310 Fux.,’ista
2229 5241 2436 5316 olymp.
2457 5243 2577 5308 114,
2600 5252 2655 5299 et
2683 5244 2947 5316 periodus,
2973 5245 3090 5313 illa,
3121 5241 3346 5302 Alea-an;

1773 5316 1863 5370 der
1891 5317 1961 5370 32
1999 5318 2171 5382 atatis,
2197 5313 2333 5388 etc.,
2366 5313 2477 5388 qsibi
2509 5313 2701 5369 mutuo
2724 5315 3106 5388 respondeant,
3139 5319 3348 5388 impru-

1775 5389 1954 5443 dentia
1988 5399 2164 5442 tamen
2195 5387 2397 5441 librarii
2429 5395 2519 5468 aut
2546 5387 2860 5468 typographi
2883 5387 2937 5442 id
2968 5387 3164 5445 factum
3192 5391 3350 5468 facile

1778 5468 1862 5514 est
1880 5474 2196 5529 agnoscere,
2219 5473 2340 5511 cum
2372 5456 2531 5512 etiam
2564 5456 2616 5512 in
2639 5456 2746 5512 illis
2777 5461 2979 5528 primus
3007 5476 3180 5516 annos
3207 5464 3350 5520 illius

1779 5531 2100 5601 Olympiadis
2129 5529 2446 5602 appingatur
2471 5529 2538 5602 ad
2561 5545 2759 5602 annum
2793 5529 3023 5599 primum
3047 5533 3217 5602 regni,
3243 5543 3349 5589 tam

1781 5599 2094 5666 Ptolomaei,
2127 5615 2284 5668 quam
2315 5599 2516 5654 Aridazi
2548 5611 2602 5654 et
2630 5599 2934 5668 Lysimachi
2980 5599 3350 5660 successurum

1781 5670 2093 5729 Alexandri.
2143 5671 2214 5726 At
2261 5671 2305 5724 si
2359 5671 2558 5736 primus
2609 5673 2757 5740 regni
2811 5673 3029 5728 illorum
3084 5677 3354 5732 numerari

1783 5745 1964 5817 nequit
1989 5743 2124 5817 inter
2151 5755 2320 5817 annos
2340 5739 2650 5817 Alexandri,
2680 5739 2854 5817 neque
2885 5743 3132 5817 itemrille
3153 5752 3358 5817 primus

1782 5811 1987 5887 olymp.
2021 5813 2145 5869 114.
2177 5811 2310 5867 Nam
2345 5814 2480 5887 ratio
2513 5811 2782 5870 Cbronici
2797 5830 2893 5887 per
2927 5816 3124 5874 seriem
3154 5811 3214 5874 et
3254 5821 3352 5876 ad-

1781 5881 2111 5958 juhctionem
2134 5899 2398 5945 annorum
2416 5881 2560 5944 ferre
2583 5900 2694 5944 non
2718 5881 2920 5957 poiest,
2948 5897 3006 5946 ut
3022 5888 3163 5949 idem
3185 5905 3358 5954 annus
