3968 6320
540 255 638 318 95l
715 291 722 296 -

1245 265 1339 320 AD
1375 258 1766 318 CHRONICON
1807 254 2719 316 EUSEBIO-HIEBONYMIANUM
2755 256 3121 316 APPENDIX.

3721 259 3728 270 '
3756 256 3860 312 952

619 378 810 452 (lbii|.)
838 377 987 436 lovis
1021 381 1272 452 Olympii.
1309 380 1659 452 Desideratur
1684 393 1787 432 vox
1823 375 2053 447 Olympii
2084 375 2136 452 i_n
2165 377 2216 434 Α
2241 373 2368 428 dum
2401 372 2597 452 Perse;
2625 373 2914 452 aliqui,__ut
2943 375 3204 439 Zonaras,
3235 373 3429 452 volunt
3468 388 3603 452 eum
3651 381 3860 452 tantum

547 445 636 516 Ι...
681 445 802 515 ιδι.,“
837 452 933 508 sed
978 445 1254 508 mcriddse.
1309 451 1440 506 Nam
1495 451 1597 503 hoc
1649 451 1822 517 ipsum
1865 445 2049 502 exstat
2094 445 2136 500 Il

546 520 726 576 Maeli.
775 538 850 587 vt,
894 533 947 578 et
986 535 1201 578 narrant
1235 521 1504 590 Josepbus
1528 530 1583 576 et
1605 520 1920 590 llieronynt.
1946 518 1998 573 in
2035 518 2136 571 Da-

547 592 681 647 niel.
713 610 786 648 χι.
819 595 1094 649 Accedunt
1122 595 1303 646 omnia
1338 595 1443 647 alia
1474 592 1711 660 exempl.
1743 603 1794 644 et
1829 592 1965 646 Mar.

621 664 811 734 (lbid.)
841 664 1074 719 Garizin.
1111 663 1341 718 Garizim
1363 664 1485 732 Lo.,
1520 664 1680 728 Man,
1714 671 1773 718 ul.
1798 662 1838 718 ll
1865 661 2036 716 Much.
2063 675 2136 727 Vt,

550 737 646 793 sed
679 747 964 802 utrumque
994 736 1214 791 dicitur.

625 806 807 877 (lbid.)
841 803 1010 860 Filius
1053 807 1356 861 Assamonci
1396 809 1528 861 vico.
1572 803 1746 859 Filius
1789 806 2039 860 Assamon
2079 820 2142 877 es

547 875 655 938 vico
681 875 788 941 AL,
827 877 930 946 Vi.,
964 877 1053 941 0.,
1088 879 1205 944 Pi.;
1237 878 1381 948 ﬁlius
1402 878 1690 932 Ammonmi
1717 878 1827 931 vico
1859 878 2044 941 Peta.;
2079 876 2142 944 ﬁ-

549 948 649 1000 lius
679 947 948 1003 Asamome
974 949 1106 1004 Mar.

621 1017 805 1088 (Ibid.)
841 1019 1045 1074 Modin.
1075 1021 1302 1076 Probata
1336 1022 1498 1077 lectio
1529 1020 1841 1075 tes'timonio
1867 1020 2028 1082 Fux.,
2049 1018 2138 1086 0.,

549 1087 658 1147 Vi..
712 1087 833 1144 Ρη.
861 1101 916 1146 et
948 1093 1114 1157 Man;
1150 1094 1230 1149 sic
1259 1094 1444 1148 eniml
1477 1091 1648 1146 Maeli.
1681 1107 1740 1156 ιι.
1773 1107 1845 1156 Ix,
1872 1107 1984 1154 xui,
2020 1106 2140 1155 xvt;

548 1158 592 1213 ll
630 1159 763 1234 illac.
803 1177 933 1217 xui:
960 1171 1015 1216 et
1037 1163 1262 1234 Joseplt.
1293 1165 1386 1219 lib.
1413 1182 1426 1218 ι
1452 1164 1519 1218 de
1546 1163 1678 1219 Bell.
1705 1163 1915 1218 Jmlaic.
1945 1179 2061 1231 cap.
2092 1163 2140 1225 l;

548 1240 604 1286 et
630 1232 723 1285 lib.
758 1247 830 1305 xu
869 1235 1052 1305 Antiq.
1083 1232 1202 1305 cap.
1233 1237 1295 1301 7;
1327 1236 1468 1290 unde
1495 1235 1613 1289 hzee
1644 1235 1900 1290 videntur
1929 1243 2143 1299 sumpta

544 1315 700 1375 pene
730 1303 796 1356 ad
839 1303 1060 1360 verbum
1110 1325 1121 1358 :
1153 1303 1294 1360 'olini
1340 1307 1618 1375 legebatur
1651 1305 1915 1370 Modeim;
1961 1307 2012 1358 in
2047 1305 2142 1359 L0.

552 1372 790 1446 yodimg
828 1377 880 1429 in
925 1375 1018 1432 Fa.
1071 1376 1344 1432 Vicomede
1383 1372 1456 1445 iit,
1497 1392 1596 1446 pro
1648 1377 1770 1431 Vico
1811 1377 2044 1442 medein;
2093 1377 2144 1430 in

549 1443 698 1499 Peta.
737 1444 791 1497 Μ
795 1447 979 1500 εάιιὶηι.

627 1515 762 1592 (Ibid
775 1514 1136 1592 ._)_Vindicavit
1164 1519 1462 1592 olympiade
1487 1519 1610 1592 lijl’).
1644 1518 1958 1592 Adjecimus
1983 1519 2148 1592 olym-

547 1587 866 1658 piadei153,
912 1593 1083 1646 secuti
1129 1587 1236 1658 Α.
1265 1587 1351 1655 Li,
1394 1591 1487 1657 Μ..
1533 1591 1616 1650 Ρ..
1652 1590 1770 1648 Lo.,
1808 1590 1961 1653 Ven.,
1995 1587 2148 1657 Litt,

554 1657 660 1722 Pi.,
698 1657 858 1725 Fux.,
887 1659 1062 1728 Peta.,
1097 1657 1325 1734 proque
1358 1663 1409 1716 in
1442 1669 1530 1729 υ..
1563 1661 1670 1717 γι..
1697 1661 1990 1732 Olympiade
2021 1663 2147 1728 154.

554 1730 648 1782 sed
674 1732 886 1782 vitiose.

553 1741 648 1784 seu
674 1741 886 1784 νιιιοειὲ.

627 1799 815 1875 (ibim)
848 1802 1044 1858 Ennius
1069 1817 1253 1875 poeta,
1279 1813 1386 1860 etc.
1417 1805 1514 1859 Hic
1539 1804 1818 1859 dissidium
1844 1804 1985 1859 inter
2011 1821 2144 1861 mss.

554 1880 610 1926 et
643 1873 955 1942 impressas,
981 1873 1121 1943 {dum
1163 1877 1264 1932 ista
1295 1877 1536 1932 coerceri
1566 1877 1754 1929 volunt
1793 1877 1931 1930 intra
1966 1881 2145 1932 varios

556 1957 747 2016 annos.
782 1945 912 2000 Nam
942 1946 1037 2000 L0.
1075 1947 1185 2001 vult
1223 1949 1552 2013 respondere
1581 1948 1612 2001 6
1643 1962 1785 2001 anno
1818 1948 2140 2016 lipipitanis;

556 2012 733 2078 Peta.,
773 2016 894 2078 Fa.,
937 2033 1026 2071 an.
1066 2019 1132 2082 7;
1171 2020 1261 2082 0.,
1302 2012 1413 2082 νι..
1452 2021 1611 2086 ισιιιι.,
1637 2033 1726 2072 an.
1759 2018 1823 2082 8;
1857 2012 1960 2081 Pii,
1987 2019 2144 2086 Man,

555 2098 645 2158 an.
680 2087 732 2138 9.
761 2089 822 2139 At
854 2087 982 2142 editi
1014 2089 1080 2142 ad
1106 2105 1194 2142 an.
1231 2091 1289 2145 ll
1325 2091 1620 2157 adducunt,
1649 2090 1792 2157 quod
1816 2100 1868 2143 et
1899 2090 2150 2158 probabi-

557 2155 695 2232 ρης.
716 2158 758 2209 si
786 2159 1118 2232 credendum
1152 2172 1233 2216 est
1258 2161 1457 2232 Gellio,
1493 2159 1586 2232 lib.
1607 2155 1751 2224 xvii,
1783 2155 1911 2232 οςιρξ
1934 2161 2146 2226 ultimo,

558 2225 792 2282 Ennium
825 2230 1023 2285 vixisse
1047 2231 1113 2285 77
1144 2248 1337 2286 annos.
1365 2231 1496 2286 Nam
1526 2231 1716 2287 Cicero
1741 2233 1830 2286 lib.
1851 2225 1923 2286 de
1949 2225 2149 2288 Seuecé

555 2307 671 2352 tute
695 2299 874 2354 tribuit
902 2303 980 2356 illi
1008 2313 1212 2357 tantum
1239 2305 1326 2369 70,
1361 2305 1432 2357 ita
1459 2314 1518 2356 ιιι
1541 2307 1583 2356 si
1607 2313 1890 2370 computes
1912 2305 1979 2357 ab
2004 2319 2150 2356 anno

560 2371 796 2424 Abraba:
839 2373 995 2432 1776,
1038 2389 1143 2443 quo
1187 2384 1344 2428 natus
1384 2374 1606 2436 dicitur,
1640 2374 1840 2429 additis
1871 2375 2025 2428 annis
2056 2377 2146 2440 77,

559 2443 803 2508 reperies
851 2444 990 2500 1833
1036 2463 1046 2496 :
1097 2447 1239 2500 unde
1282 2446 1566 2500 dissidium
1609 2456 1691 2499 est
1734 2446 1893 2499 unitts
1944 2455 2148 2501 tantum

560 2511 710 2565 anni.
746 2513 914 2568 Favet
943 2516 1132 2570 Cicero
1159 2517 1438 2571 codicibus
1467 2517 1571 2570 illis
1594 2518 1684 2586 qui
1714 2516 1828 2570 haec
1857 2533 2153 2573 connume-

561 2594 684 2658 rant
715 2600 856 2658 anno
888 2587 917 2638 7
954 2587 1272 2657 Epiptianis,
1313 2590 1404 2654 qui
1441 2587 1581 2642 idem
1611 2597 1696 2642 est
1723 2603 1847 2642 cum
1883 2587 2148 2658 ιιιιγιιιιι.

557 2650 692 2728 2725
710 2657 772 2728 in
795 2650 1166 2711 Catoue'eiiim
1187 2650 1344 2712 docet.
1367 2659 1596 2712 Ennium
1619 2674 1890 2713 mortuum
1915 2650 2155 2728 Cmpione

557 2735 626 2800 ειΔ
653 2725 899 2800 Philippo
929 2743 1100 2790 coss.,
1141 2744 1278 2799 quos
1308 2729 1456 2785 Fasti
1485 2730 1750 2800 Onupbrii
1789 2725 2156 2787 annumerant

560 2795 627 2849 ad
657 2797 689 2852 .l
717 2815 806 2850 an.
833 2795 1044 2871 'olymp.
1082 2795 1216 2866 1522;
1251 2810 1305 2855 ct
1343 2802 1395 2855 in
1437 2795 1861 2857 Bruto'eosdcm
1903 2803 2156 2858 consules

561 2870 807 2922 nominat
836 2870 1115 2925 Servilium
1144 2884 1190 2926 et
1218 2871 1509 2936 Marcium;
1538 2873 1676 2926 alter
1702 2875 1847 2928 enim
1876 2874 2157 2931 dicebatur

563 2938 905 3016 Q.__ﬂ_larciui_r
927 2941 1226 3016 Philippus,
1259 2944 1396 3000 alter
1419 2944 1515 2998 Cn.
1550 2944 1802 2999 Servilius
1833 2945 2028 3016 Cazpio.

636 3010 821 3082 (lbid.)
866 3010 1117 3068 Rudiam.
1144 3014 1236 3070 Sic
1267 3019 1606 3071 correximus
1649 3031 1713 3069 ex
1760 3016 1854 3077 A.,
1908 3010 2011 3082 aL,
2059 3016 2150 3082 Μ..

565 3081 652 3156 Ρ..
681 3081 856 3156 Pota”
899 3085 1057 3152 Ιδιιιι..
1083 3085 1162 3140 Pi.
1196 3085 1308 3156 et
1331 3085 1532 3154 Vatic.,
1577 3101 1674 3156 pro
1708 3081 2081 3151 Rhodiam,nt
2105 3081 2155 3142 in

2181 1767 2230 1828 B

2242 454 2458 514 captum
2491 445 2676 503 fuisse.
2701 453 2760 500 et
2789 445 3068 514 aliquanto
3087 445 3327 515 postsibi
3354 453 3558 500 manus
3580 444 3858 500 intulisse.

2313 516 2497 588 (lbid.)
2533 515 3113 588 Reddiditiolympiade
3150 515 3273 588 ιβι.
3314 517 3646 588 Adjecimtts
3686 517 3860 587 olym-

2243 587 2396 656 piade
2420 587 2544 651 154.
2578 587 2748 641 secuti
2786 587 2871 653 L.,
2915 589 3006 652 A.,
3041 589 3136 649 Μ..
3177 587 3262 652 Ρ..
3306 587 3391 656 ν.,
3435 589 3566 656 Va.,
3600 587 3732 652 Lo.,
3773 589 3859 652 0.,

2243 659 2355 720 Vi.,
2392 658 2551 721 Fux.,
2587 657 2691 719 Pi.,
2720 658 2880 726 Ven.,
2909 660 3055 720 Lut.,
3087 659 3262 724 Peta.,
3295 659 3431 714 Mar.

2315 731 2466 800 (507,
2505 730 2610 795 ιιι.)
2660 728 2871 784 Primus
2908 730 3213 786 Judworum
3252 730 3364 785 dua:
3403 730 3587 786 ludas
3633 730 3859 784 Maelm-

2245 802 2382 856 ba’us
2413 819 2501 854 an.
2536 801 2589 856 5.
2624 803 2677 855 In
2713 801 2872 862 Fux..
2905 802 3083 863 Peta.,
3117 802 3219 868 Pi.,
3257 803 3376 866 Lo.,
3403 803 3739 858 Iudaeorum
3763 805 3857 858 du

2243 873 2414 926 Iudas
2451 890 2540 926 an.
2573 875 2647 936 ὃς
2682 873 2735 925 in
2785 871 2904 931 Fa.,
2938 873 3248 927 Judmorum
3287 873 3418 937 dux,
3465 892 3564 927 an.
3596 876 3656 939 5,
3694 873 3856 928 Iudas

2247 944 2542 998 Macabazus
2566 945 2791 1014 primus;
2813 945 2862 997 iu
2889 944 2972 998 Vi.
2995 955 3050 998 et
3071 943 3156 1008 0.,
3180 943 3348 999 ludas
3375 944 3736 999 Machabcus
3760 946 3857 1000 diu

2243 1014 2375 1068 Jud.
2419 1033 2507 1070 an.
2549 1015 2617 1075 ὃς
2661 1016 2713 1069 in
2745 1014 2879 1071 Ven.
2923 1025 2979 1069 et.
3014 1017 3160 1079 Lut.,
3195 1015 3516 1070 Iudaeorum
3551 1020 3669 1070 dua:
3700 1015 3855 1070 ludas

2248 1086 2582 1141 Mach’abteus
2606 1089 2801 1155 primus
2839 1103 2929 1142 an.
2962 1088 3018 1151 5;
3043 1087 3184 1154 apud
3219 1087 3374 1154 Man,
3401 1086 3732 1141 ludworum
3762 1091 3856 1142 du

2245 1156 2417 1212 ludas
2460 1157 2609 1210 annis
2653 1160 2882 1228 regnavit
2926 1161 3105 1212 tribus.
3149 1158 3295 1212 Nova
3336 1173 3530 1214 autem
3574 1160 3747 1214 sedes
3787 1162 3857 1213 his

2250 1229 2350 1283 fuit
2380 1230 2685 1284 necessario
2713 1230 3072 1296 comparanda
3116 1231 3182 1283 ad
3227 1247 3317 1282 an.
3359 1232 3394 1285 5
3437 1231 3747 1292 Demetrii,
3772 1246 3854 1284 seu

2247 1301 2319 1355 20
2367 1300 2770 1366 Pliilontetoris,
2821 1301 3154 1355 dictantibus
3213 1300 3318 1366 Ἦ..
3372 1304 3467 1364 0.,
3518 1301 3637 1369 Pi,
3705 1304 3854 1368 Fax,

2250 1371 2425 1435 Peta.,
2471 1371 2592 1437 Lo.,
2639 1387 2759 1425 Clllll
2805 1375 2953 1441 prius
2997 1382 3178 1429 essent
3220 1373 3488 1426 collocata
3541 1373 3616 1426 ad
3667 1389 3762 1427 an.
3805 1374 3852 1429 ll

2255 1444 2568 1512 Epiphanis,
2602 1454 2656 1497 et
2690 1444 2917 1508 primum
2944 1459 3146 1497 annum
3175 1444 3342 1511 ipsius
3368 1445 3554 1507 Judzn,
3584 1446 3686 1512 qui
3713 1445 3858 1499 estin

2252 1519 2415 1580 serie,
2448 1513 2846 1568 anteocderent.
2874 1514 2909 1567 4
2957 1517 3134 1577 annis,
3170 1514 3286 1569 licet
3328 1525 3511 1568 tamen
3545 1525 3776 1569 constet
3801 1532 3858 1570 ex

2254 1584 2530 1652 Scriptura
2555 1600 2710 1639 Sacra
2733 1595 2789 1640 et
2811 1586 2826 1638 Ι
2854 1586 3283 1640 Macbabmornnt
3310 1602 3391 1650 ιιι.
3415 1599 3465 1641 et
3490 1601 3566 1641 ex
3592 1586 3856 1654 .lo~epho,

2253 1657 2446 1710 Juilant
2483 1658 2662 1726 plures
2684 1672 2893 1727 pugnas
2918 1667 2970 1710 et
2996 1657 3181 1726 praelia
3208 1657 3395 1712 iniisse
3427 1673 3558 1711 cum
3600 1658 3863 1713 Antiocho

2261 1728 2573 1795 Epipliane;
2607 1736 2783 1783 tamen
2809 1743 2968 1782 nemo
2995 1731 3170 1784 nescit
3196 1728 3493 1782 Eusebium
3527 1729 3586 1783 in
3622 1732 3734 1784 hac
3767 1732 3863 1782 his-

2258 1801 2394 1853 toria
2421 1815 2526 1854 non
2558 1816 2746 1869 parum
2773 1799 3053 1854 discedere
3073 1816 3101 1852 a
3128 1799 3278 1853 libris
3301 1800 3786 1865 Macbabaaorum,
3813 1812 3857 1856 et

2247 1885 2278 1925 a
2305 1871 2543 1940 Josepbo
2575 1913 2589 1933 ,
2621 1870 2759 1924 adeo
2793 1880 2846 1924 ut
2875 1886 2996 1925 cum
3023 1882 3182 1925 antea
3217 1870 3534 1938 promiserit
3565 1887 3627 1927 se
3662 1872 3858 1924 relatu-

2249 1957 2368 1994 rum
2391 1957 2452 1996 ea
2479 1958 2599 2010 quze
2624 1942 2689 1996 ad
2722 1940 2983 1998 Hebraeos
3012 1944 3282 2009 pertinent
3311 1957 3376 1996 ex
3403 1943 3624 2011 scriptis
3654 1942 3863 1995 Macha-

2250 2012 2496 2076 barorum,
2525 2011 2742 2079 Josephi
2767 2025 2811 2067 et
2848 2013 3120 2083 Africani;
3150 2013 3457 2067 verisimile
3486 2024 3580 2068 est
3610 2031 3742 2068 eum
3773 2020 3860 2067 hoc

2252 2084 2370 2137 loco
2393 2096 2447 2138 et
2475 2085 2598 2139 aliis
2625 2095 2870 2138 secutmn
2904 2085 3080 2153 potius
3105 2085 3441 2138 Africanum.

2327 2154 2476 2224 (307,
2519 2155 2620 2223 tv.)
2660 2154 2900 2210 Menelao
2934 2155 3176 2224 pontiﬁce
3207 2156 3548 2214 Jndworum.
3587 2164 3700 2209 etc.
3745 2156 3862 2209 Pro~

2254 2228 2525 2293 pelluntur
2558 2231 2660 2280 huc
2689 2238 2741 2280 et
2769 2227 2897 2280 illuc
2924 2229 3042 2290 ista,
3073 2229 3207 2280 utin
3237 2227 3315 2279 Pi.
3352 2236 3406 2280 et
3428 2227 3576 2294 apud
3603 2227 3768 2287 Man,
3801 2227 3856 2279 ad

2252 2313 2342 2350 an.
2388 2298 2452 2352 -l8
2486 2298 2894 2361 Pliilometoris;
2936 2297 2990 2350 in
3026 2298 3116 2362 0.,
3153 2297 3260 2360 Vi.,
3299 2298 3368 2352 ad
3407 2314 3499 2350 an.
3536 2299 3574 2351 2
3607 2297 3857 2352 Antiochi

2256 2368 2578 2437 Eupitoris;
2612 2370 2660 2422 in
2690 2369 2809 2435 Lo.,
2841 2369 3016 2435 Peta.,
3051 2369 3214 2436 Fux.,
3244 2369 3341 2423 Fa.
3373 2379 3429 2424 et
3457 2370 3775 2438 impressis,
3805 2371 3860 2422 ad

2254 2455 2344 2492 an.
2375 2439 2411 2492 2
2447 2441 2722 2494 Demetrii.

2329 2509 2513 2580 (lbid.)
2565 2510 2897 2566 Prodiderat.
2941 2510 3292 2566 Commodius
3338 2527 3502 2581 quam
3552 2512 3861 2576 tradiderat,

2259 2589 2316 2634 ut
2347 2582 2496 2646 olim,
2525 2582 2880 2637 suadentibus
2917 2583 3009 2646 A.,
3043 2583 3129 2648 L.,
3165 2583 3260 2646 Μ..
3295 2582 3382 2644 Ρ..
3423 2582 3586 2648 Man,
3634 2584 3747 2650 Pi.,
3775 2584 3854 2646 0.,

2261 2653 2370 2710 γι..
2405 2653 2579 2714 Peta.,
2613 2655 2744 2708 Fux.
2775 2664 2830 2709 et
2853 2655 3004 2709 libris
3038 2655 3498 2708 Machabteorum.

2331 2723 2517 2795 (lbid.)
2545 2725 2794 2778 Alcimus.
2831 2725 2977 2780 Licet
3006 2726 3134 2780 editi
3165 2725 3287 2780 libri
3313 2725 3558 2779 habeant
3586 2724 3855 2789 Alchinus,

2259 2807 2312 2849 et
2356 2797 2440 2862 P.,
2484 2803 2570 2859 Α..
2620 2799 2712 2861 Μ..
2761 2795 2886 2860 Lo.,
2933 2797 3018 2862 V.,
3055 2797 3180 2862 γε..
3229 2795 3336 2858 Vi.,
3383 2795 3473 2856 0.,
3519 2796 3647 2855 Fa..
3697 2798 3861 2862 l’eta.,

2261 2867 2423 2931 Fuv.,
2456 2866 2605 2933 Fre.,
2638 2867 2803 2932 Beda,
2830 2868 3092 2934 Sulpitius
3123 2868 3217 2922 lib.
3243 2882 3302 2928 ιι.
3336 2867 3689 2937 llegesippus
3715 2869 3807 2923 lib.
3832 2885 3862 2922 ιι

2261 2953 2384 3006 cap.
2429 2939 2514 3004 l3,
2551 2937 2850 3004 Alc/timus;
2897 2940 3016 3001 plus
3053 2951 3229 2993 tamen
3263 2951 3562 3005 potuerunt
3591 2942 3741 3006 apud
3775 2955 3861 2993 nos

2261 3008 2350 3073 L.,
2377 3009 2480 3073 Pi.,
2504 3010 2751 3077 .losepb..
2785 3010 2879 3064 lib.
2903 3027 2977 3065 xu
3005 3011 3264 3077 Autiqnit.
3296 3024 3419 3074 cap.
3452 3009 3541 3074 l5,
3573 3011 3860 3074 Augustin.

2311 3049 2350 3073 .,
2379 3025 2480 3073 l’l.,
2504 3025 2751 3074 Josepn..
2785 3025 2879 3064 lin.
2903 3027 2977 3065 xu
3005 3025 3264 3074 autiqntt.
3296 3025 3419 3074 cap.
3452 3025 3541 3074 ιδ,
3573 3025 3860 3074 Augustin.

2264 3027 2350 3073 ι...
2379 3027 2480 3073 ιιι..
2504 3027 2751 3077 aoscpu..
2785 3027 2879 3064 nn.
2903 3027 2977 3065 xu
3005 3027 3264 3080 auuqnu.
3296 3027 3419 3074 cap.
3452 3027 3541 3074 ιδ,
3573 3027 3860 3074 Augusun.

2264 3081 2356 3135 lib.
2390 3095 2516 3134 xvut
2547 3082 2614 3135 de
2644 3081 2804 3137 Civil.
2838 3097 2958 3148 cap.
2993 3080 3086 3142 45.
3126 3081 3218 3135 sed
3250 3085 3554 3149 prmsertim
3593 3082 3862 3150 Scriptura

563 3147 849 3224 impressis
887 3165 940 3208 et
977 3147 1211 3224 quinque
1243 3147 1546 3221 Vaticanis;
1577 3147 1678 3211 'vel
1717 3147 1987 3222 Rodiamp
2015 3170 2070 3212 ut
2106 3161 2156 3212 in
2184 3147 2230 3210 C
2264 3168 2417 3206 sacra
2448 3152 2462 3204 I
2497 3153 2670 3207 Mach.
2705 3168 2789 3216 tx;
2817 3164 2867 3206 et
2908 3151 2948 3206 ll
2981 3152 3226 3206 Mat-hab.
3254 3147 3348 3214 xv,
3380 3154 3469 3206 ubi
3504 3147 3752 3224 Ἀλκὶμοξ-
3787 3169 3867 3220 per

566 3223 701 3298 Lo.,
725 3223 844 3298 Fa.;
877 3225 960 3278 vel
984 3223 1258 3298 ΔΒιιξᾴὶαηι,
1296 3229 1432 3293 ιιιιιιι
1465 3226 1556 3294 0.,
1593 3227 1698 3286 Vi.,
1724 3245 1842 3298 qua:
1869 3228 1991 3283 dua:
2025 3232 2165 3284 inter

568 3308 627 3348 se
652 3295 942 3371 plurimum
965 3294 1248 3371 dissident,
1280 3313 1404 3371 cum
1429 3298 1634 3371 Rhodia
1656 3294 1799 3353 sitin
1831 3299 1996 3371 Lycia
2019 3301 2163 3355 Asia:

576 3365 820 3436 regione,
860 3366 1032 3422 (ludia
1060 3383 1189 3420 vero
1221 3368 1272 3421 in
1305 3366 1553 3424 Calabria
1588 3371 1782 3424 nobilis
1823 3365 1996 3424 Ennio
2035 3378 2161 3436 circ,

568 3435 742 3511 inquit
775 3435 908 3491 Mela
948 3437 1044 3511 lib.
1078 3454 1112 3492 ιι
1143 3453 1263 3509 cap.
1293 3437 1347 3494 4.
1383 3439 1517 3496 lluic
1549 3442 1832 3511 proximus
1867 3441 2072 3498 Plinius
2112 3435 2167 3498 et

569 3507 732 3563 Silius
764 3518 918 3577 poeta
947 3509 1040 3564 lib.
1079 3525 1193 3564 xu:

975 3609 1144 3661 [ludite
1175 3625 1400 3674 genuere
1426 3619 1664 3675 vetustas;

567 3729 674 3838 quo
703 3713 763 3769 ﬁt
787 3723 841 3770 ut
870 3730 898 3768 a
928 3713 1195 3796 Cicerone
1215 3717 1432 3802 .Rudiu's
1458 3725 1512 3800 et
1544 3719 1613 3774 ab
1646 3721 1885 3775 Ausonio
1929 3721 2166 3804 Rudinus

608 3797 780 3838 tcatur
823 3803 836 3838 :
877 3802 906 3838 a
951 3787 1148 3838 ﬂtllblls
1191 3790 1319 3838 licet
1361 3789 1619 3838 dissnleai
1660 3802 1869 3838 uitetur-
1917 3793 2002 3838 ubi
2043 3809 2164 3838 mm

608 3786 780 3840 icatnr
823 3803 836 3842 :
877 3802 906 3840 a
951 3787 1148 3856 quibus
1191 3790 1319 3843 licet
1361 3789 1619 3845 dissideat
1660 3802 1871 3858 auctor,
1917 3793 2004 3848 ubi
2043 3809 2164 3848 cum

569 3855 832 3928 Eutropio
870 3855 1038 3913 refert
1072 3874 1194 3914 eum
1227 3860 1446 3916 Tarenti
1488 3873 1700 3926 natum,
1733 3864 1808 3918 nil
1853 3855 2031 3918 iamen
2065 3881 2162 3918 no-

567 3943 692 3982 vum
728 3929 898 3984 videri
926 3930 1106 4004 debet,
1138 3946 1258 3986 cum
1292 3942 1369 3986 tot
1406 3933 1572 3988 urbes
1609 3933 1680 3988 de
1707 3936 1916 4004 origine
1949 3935 2167 3990 llomeri

570 4009 868 4065 certarent,
902 4001 946 4055 si
979 4003 1157 4056 minus
1187 4005 1329 4058 inter
1356 4019 1418 4058 se
1454 4015 1708 4060 auctores
1737 4001 2066 4061 conveniant
2099 4009 2168 4062 de

573 4071 792 4143 Ennio;
808 4074 1056 4143 quamvis
1078 4074 1307 4128 aliorum
1331 4075 1517 4143 Opinio
1540 4077 1694 4131 valde
1717 4081 2074 4133 conﬁrmetur
2102 4094 2168 4133 ex

570 4158 635 4221 eo
656 4142 798 4221 quod
825 4142 1014 4221 auctor
1038 4142 1543 4221 scribitossa’Ennii
1570 4147 1798 4203 Iludiam
1817 4152 1977 4221 fuisse
1997 4160 2168 4202 trans-

570 4214 707 4287 lata.
737 4213 803 4269 Ut
824 4215 958 4287 quid
989 4217 1132 4268 enim
1178 4217 1305 4270 illuc
1353 4219 1636 4287 translata,
1691 4221 1792 4274 nisi
1817 4213 2078 4287 'tanquam
2111 4222 2164 4274 in

571 4285 842 4358 patriam?
870 4302 979 4358 _cur
1020 4302 1050 4340 e
1091 4287 1256 4342 nobili
1301 4285 1902 4358 Scipionum-sepulcro
1933 4285 2166 4344 eﬂossa?

573 4369 670 4407 cur
695 4355 835 4409 elita
868 4356 1061 4423 Roma,
1100 4359 1202 4431 nisi
1235 4368 1292 4412 ut
1325 4355 1493 4421 terra,
1533 4377 1652 4429 quae
1684 4355 1915 4428 primum
1949 4363 2165 4431 Vagieih

574 4434 680 4495 tem
705 4438 1018 4495 exceperat,
1045 4428 1230 4482 eadem
1262 4440 1531 4484 mortuum
1553 4428 1860 4486 retineret?

645 4494 1087 4569 (I_bid.)’Romani
1117 4510 1378 4568 superato,
1413 4513 1522 4557 etc.
1555 4503 1671 4569 Quo
1711 4518 1855 4557 anno
1887 4502 1990 4558 hoc
2023 4505 2166 4559 acci-

571 4567 738 4630 derit,
775 4569 858 4622 vix
882 4583 949 4622 ex
975 4569 1138 4642 libris
1160 4567 1312 4626 certo
1340 4573 1462 4627 elici
1493 4567 1688 4642 potest,
1721 4588 1842 4628 cum
1873 4577 1965 4628 alii
1997 4591 2168 4631 annu-

573 4649 916 4714 met'eut_:ut.
1083 4640 1502 4714 Philonietoris,‘
1543 4655 1599 4699 ut
1650 4647 1896 4714 impressi
1943 4657 1996 4701 et
2045 4648 2164 4714 Lo.,

571 4710 752 4784 Peta.,
780 4711 949 4784 Fttx.;
980 4711 1069 4784 alii
1100 4710 1311 4784 an.15,
1342 4723 1398 4767 ut
1427 4715 1546 4780 Fa.;
1571 4715 1662 4770 alii
1686 4710 1773 4770 an.
1816 4718 1894 4782 i6,
1927 4729 1983 4773 ut
2010 4710 2166 4784 Mani

569 4782 658 4835 alii
692 4797 780 4836 an.
813 4783 899 4857 i7,
936 4792 990 4838 ut
1025 4782 1134 4849 Vi.,
1164 4782 1265 4857 0,;
1298 4786 1387 4838 alii
1418 4802 1508 4841 an.
1547 4788 1633 4857 ts,
1668 4800 1726 4842 ut
1755 4789 1833 4843 Pi.
1868 4791 2048 4844 Livius
2075 4782 2166 4846 lib.

570 4870 669 4908 va
702 4858 777 4909 ait
811 4856 906 4908 bos
946 4857 1174 4924 populos
1210 4855 1411 4910 liberos
1441 4855 1745 4915 declaratos
1780 4877 1913 4915 coss.
1949 4863 2094 4915 A’z‘lio
2124 4873 2169 4916 et

570 4925 754 4999 Junio,
785 4927 874 4995 qui
892 4927 953 4999 in
987 4928 1162 4983 Fastis
1188 4928 1452 4997 Ouupbrii
1475 4933 1760 4986 suntcirca
1782 4947 1867 4984 an.
1891 4934 2019 4988 Urb.
2041 4935 2166 4999 587,

569 4996 662 5066 qui
692 4998 952 5073 coincidit
978 5013 1100 5052 cum
1130 5014 1276 5053 anno
1313 4996 1372 5054 ιο
1399 5001 1694 5073 Epipliauis
1723 5021 1735 5056 :
1763 5020 1867 5057 non
1896 5005 2037 5072 quod
2066 4996 2172 5058 Ro-

571 5069 714 5142 mani
743 5083 827 5142 eos
853 5086 956 5123 non
987 5079 1192 5140 possent
1224 5081 1412 5134 tenere,
1449 5069 1592 5126 Sicut
1623 5075 1838 5128 videtur
1865 5069 2170 5142 signiﬁcare

570 5138 909 5207 Spartianus
942 5138 994 5195 in
1053 5142 1330 5196 Hadriano
1375 5144 1542 5199 fuisse
1595 5147 1864 5199 rationem
1915 5138 2164 5209 Catonis;

568 5212 688 5275 scd,
728 5211 869 5265 sicut
911 5211 983 5266 ait
1023 5211 1207 5286 Livius
1247 5215 1339 5268 ιιι).
1383 5231 1503 5280 XLV,
1558 5226 1610 5268 ut
1659 5216 1895 5270 omnibus
1935 5219 2167 5286 gentibus

567 5293 839 5352 appareret
871 5299 1017 5337 arma
1040 5281 1107 5336 Ρ.
1142 5285 1210 5339 ll.
1243 5301 1344 5338 non
1375 5287 1550 5341 liberis
1576 5291 1893 5354 servitutem,
1925 5281 2017 5342 Sed
2045 5307 2169 5343 cou-

562 5353 1004 5424 Iraservicntibus
1035 5354 1316 5410 libertatem
1343 5356 1555 5424 afferre.

641 5423 1110 5497 (leid.)78uperato
1140 5426 1322 5482 Perse.
1351 5423 1635 5496 Interfecto
1666 5428 1826 5485 Perse
1855 5432 1906 5485 in
1935 5430 2046 5494 Vi.,
2073 5431 2168 5497 A.,

565 5493 663 5574 ἓξ..
695 5493 997 5574 Q.,_'Peta.,
1034 5496 1124 5574 _P.,
1167 5499 1296 5574 1.1).;
1334 5493 1581 5574 superato
1612 5502 1978 5574 interfectoque
2011 5493 2171 5558 Perse

566 5562 666 5629 V.;
704 5567 755 5620 in
791 5565 851 5622 L.
889 5567 1158 5645 interfecto
1191 5562 1351 5645 Perse
1400 5562 1758 5645 Macedonum
1777 5562 1935 5645 rege',
1965 5575 2168 5629 destru-

565 5646 747 5711 c_toque
784 5655 844 5711 eo
883 5654 1074 5709 regno;
1116 5639 1274 5711 ιιι-Η.
1315 5654 1563 5709 superato
1616 5643 1777 5697 Perse
1805 5639 1995 5711 {apud
2029 5647 2162 5700 Mar.

566 5705 792 5783 Romani
830 5705 1101 5783 interfecto
1143 5705 1447 5766 Macedone.
1489 5712 1621 5768 Cum
1655 5715 1816 5783 hujus
1857 5705 2036 5770 Persis
2069 5717 2166 5772 de-

567 5775 793 5830 ducatur
819 5775 1276 5844 ordo'annorutn,
1323 5798 1428 5836 non
1461 5784 1684 5839 dubium
1717 5775 1848 5852 quin
1881 5787 1950 5841 sit
1979 5787 2164 5855 legen-

2271 3248 2299 3296 ις
2334 3240 2347 3277 :
2394 3225 2532 3296 lavet
2572 3225 2733 3278 etiam
2777 3224 3004 3296 alterum
3046 3229 3162 3296 eius
3207 3239 3401 3296 nomen
3451 3228 3698 3296 ‘taxiaoe,
3744 3236 3866 3280 teste

2268 3294 2506 3361 Joscplto
2538 3295 2631 3352 lib.
2667 3310 2738 3349 xu
2764 3311 2882 3358 cap.
2912 3294 2997 3358 Η,
3025 3304 3079 3349 et
3101 3295 3195 3348 lib.
3227 3293 3298 3348 20
3319 3310 3440 3360 cap.
3472 3293 3692 3349 ultinm.
3728 3297 3866 3350 Adde

2268 3365 2409 3435 quod
2453 3381 2520 3421 ea
2560 3381 2668 3420 vox
2709 3367 2951 3438 'Alxi‘uoci
2971 3367 3204 3420 validum
3238 3366 3637 3436 robustumque
3665 3378 3822 3420 sonat
3851 3385 3860 3418 :

2269 3448 2323 3493 et
2353 3438 2607 3506 frequens
2629 3447 2712 3492 est
2743 3437 2883 3506 apud
2914 3437 3155 3500 Cra-cos,
3188 3447 3243 3489 ut
3276 3438 3496 3491 nomina
3527 3441 3749 3505 propria
3775 3438 3862 3491 de-

2272 3509 2540 3576 pendeant
2585 3508 2652 3561 ab
2696 3509 3054 3577 appellativis.
3109 3507 3260 3562 Licet
3308 3517 3492 3562 autem
3555 3509 3631 3562 sit
3678 3525 3861 3562 nomen

2273 3579 2508 3634 hominis
2530 3579 2719 3642 Judaei,
2755 3589 2810 3635 et
2840 3579 3065 3650 proinde
3088 3578 3301 3632 videtur
3323 3579 3443 3647 ejus
3471 3580 3626 3634 notio
3648 3592 3705 3633 et
3724 3582 3864 3647 origo

2269 3653 2338 3706 ab
2376 3651 2618 3706 Hebraeis
2654 3651 2830 3719 potius
2872 3650 3099 3718 petenda
3122 3692 3138 3718 ,
3178 3661 3360 3704 tamen
3406 3667 3514 3704 non
3551 3661 3641 3705 est
3678 3666 3861 3705 novum

2272 3723 2405 3790 ipsis
2433 3722 2635 3777 .ludmis
2665 3739 2809 3792 stupe
2840 3722 3086 3790 imposita
3113 3735 3234 3776 esse
3258 3723 3480 3775 nomina
3505 3723 3700 3776 Grmea
3721 3739 3787 3776 ex
3809 3733 3863 3776 eo

2273 3803 2512 3862 tempore
2549 3810 2578 3848 a
2619 3809 2727 3863 quo
2767 3792 3046 3848 commixti
3102 3801 3224 3847 sunt
3259 3793 3562 3860 gentilibus
3595 3804 3653 3848 et
3687 3809 3861 3848 eorum

2273 3865 2467 3918 ritibus
2511 3883 2522 3916 :
2569 3865 2808 3935 alioquin
2869 3864 3167 3919 verendum
3207 3872 3355 3917 esset
3393 3880 3460 3935 ne
3492 3866 3861 3934 exciperemur

2270 3944 2460 3992 eodem
2487 3938 2598 3990 risu
2621 3933 2725 4004 quo
2751 3936 2875 3990 olim
2905 3935 3102 3999 Varro,
3128 3935 3342 4004 quando
3384 3933 3859 4005 Grmcas’origines

2271 4008 2427 4062 dabat
2456 4007 2659 4061 Latinis
2687 4006 3034 4062 dictionibus.

2343 4078 2530 4149 (lbid.)
2575 4077 2790 4132 Alienus
2817 4096 2850 4131 a
2893 4095 3075 4148 genere
3119 4077 3454 4133 sacerdotali.
3507 4077 3628 4132 Vox
3675 4079 3860 4132 alienas

2271 4150 2424 4205 abest
2463 4166 2494 4204 a
2524 4151 2608 4214 L.,
2641 4151 2735 4204 sed
2782 4151 3062 4218 sequentia
3095 4152 3258 4204 verba
3287 4166 3406 4204 eam
3440 4149 3704 4203 videntur
3729 4151 3859 4204 desi-

2271 4223 2494 4286 derare;
2529 4223 2693 4276 immo
2719 4222 3031 4290 Augustin.,
3061 4221 3154 4276 lib.
3182 4237 3307 4275 xvui
3335 4236 3456 4291 cap.
3483 4219 3578 4288 ιδ,
3608 4221 3751 4276 idem
3781 4237 3860 4276 ex-

2271 4291 2452 4362 primit
2494 4293 2687 4348 iisdem
2720 4294 2918 4348 verbis.
2963 4293 3114 4346 Adde
3143 4292 3284 4358 quod
3327 4292 3629 4358 Josepbus.
3675 4291 3769 4346 lib.
3797 4307 3859 4346 xx

2270 4378 2390 4433 cap.
2425 4364 2616 4419 ultimo
2647 4363 2962 4432 (interprete
2992 4363 3240 4428 llullino;
3277 4379 3400 4417 nam
3429 4362 3612 4432 capita
3645 4363 3855 4433 Josepbi

2275 4435 2420 4488 varie
2451 4445 2572 4490 sunt
2605 4435 2857 4489 distincta
2882 4445 2987 4489 tam
3014 4435 3066 4488 in
3099 4433 3294 4490 Graeco
3317 4451 3477 4505 quam
3512 4437 3568 4488 in
3601 4435 3856 4504 interpre-

2278 4505 2468 4577 tibus),
2499 4507 2574 4560 ait
2593 4506 2875 4568 Alcimum,
2900 4523 3056 4574 qoom
3086 4506 3155 4560 ibi
3179 4519 3337 4561 vorat
3359 4505 3689 4568 Joacimum,
3713 4506 3860 4559 fuisse

2275 4579 2493 4646 quidem
2533 4594 2597 4631 ea:
2619 4593 2808 4649 genere
2843 4581 3017 4631 Aaron
3047 4579 3256 4649 (contra
3289 4578 3575 4647 Sigonium
3622 4578 3720 4632 lib.
3755 4577 3860 4630 vde

2280 4579 2493 4646 quidem
2533 4594 2597 4631 ea:
2625 4593 2808 4649 genere
2843 4581 3017 4631 Aaron
3069 4589 3256 4632 contra
3289 4579 3575 4647 Sigonium
3622 4579 3720 4632 lib.
3755 4579 3856 4630 vde

2280 4650 2486 4718 lle-pub.
2527 4648 2838 4720 ,Hebrzenr”
2871 4664 2990 4716 cap.
3024 4579 3106 4720 ἐξ.
3129 4659 3436 4720 nouantem
3466 4650 3673 4720 exhista
3703 4651 3856 4706 domo.

2277 4723 2362 4773 cui
2391 4719 2732 4790 pontificatus
2753 4721 3204 4774 eratdestinatus.
3234 4719 3509 4789 Juscpbus
3531 4719 3645 4774 Ben
3677 4721 3856 4774 Gorioa

2279 4792 2374 4845 lib.
2410 4807 2445 4845 ιι
2475 4805 2594 4860 cap.
2631 4790 2722 4854 l4,
2752 4791 2844 4845 lib.
2879 4807 2936 4846 ιιι
2971 4807 3088 4859 cap.
3131 4790 3222 4859 2-1,
3254 4792 3526 4860 signiﬁcat
3561 4792 3812 4844 Alcimum
3835 4805 3855 4842 ι

2277 4862 2538 4933 dignitate
2570 4863 2846 4932 pontilicia
2873 4863 2995 4931 jure
3024 4863 3298 4916 exclusum
3331 4863 3402 4915 ob
3431 4863 3788 4932 apostasiam,
3817 4870 3858 4915 et

2282 4935 2424 5004 quod
2456 4949 2514 4987 se
2543 4934 2963 5004 contaminasset
2988 4935 3233 5004 tutoribus
3255 4943 3310 4986 et
3345 4933 3539 4987 ritibus
3564 4935 3855 5004 gentilium.

2352 5004 2535 5078 (lbid.)
2666 5003 3410 5078 TerentiusCartltaginensis,
3433 5014 3542 5058 etc.
3578 5003 3852 5078 Variis

2274 5073 2546 5131 stii‘icntnr
2579 5075 2708 5130 locis
2748 5077 2867 5129 ista.
2910 5073 3041 5129 Nam
3076 5076 3126 5128 in
3161 5073 3237 5128 ιη.
3269 5075 3415 5129 circa
3453 5090 3547 5129 an.
3589 5075 3660 5128 2i
3697 5075 3857 5129 Philo-

2275 5149 2532 5212 metoris;
2566 5147 2706 5215 apud
2749 5146 2883 5200 Mar.
2925 5148 3064 5200 circa
3100 5161 3190 5199 an.
3221 5146 3321 5207 ‘25;
3371 5147 3424 5200 in
3462 5146 3556 5210 0.,
3586 5145 3701 5211 γι,
3734 5148 3854 5200 circa

2271 5236 2362 5274 an.
2414 5219 2433 5270 l
2484 5217 2771 5285 Demetrii,
2819 5219 2868 5272 in
2915 5218 3034 5278 Lo.,
3083 5217 3258 5281 Peta.,
3306 5215 3466 5278 Fux.,
3515 5219 3638 5284 Fa.,
3671 5230 3853 5287 septeni

2274 5290 2548 5344 Vaticanis
2579 5298 2634 5343 et
2658 5290 2957 5358 impressis,
2987 5289 3129 5342 circa
3162 5304 3250 5342 an.
3284 5288 3317 5342 5
3349 5287 3622 5356 ejusdem.

2345 5359 2530 5431 (ltiid.)
2544 5357 2754 5414 Cecilio.
2773 5360 2930 5414 Cwlio
2953 5358 3460 5423 Peta.,Mar.,Fux.,
3475 5359 3573 5431 sed
3590 5357 3850 5431 mendose.

2353 5429 2540 5502 (lbid.’)
2567 5431 2739 5486 ludus
2767 5432 3037 5486 adrersum
3065 5431 3332 5494 Demetrii,
3367 5441 3475 5502 etc.
3505 5429 3588 5485 De
3615 5430 3751 5502 sede,
3773 5431 3851 5483 bo-

2278 5521 2396 5558 rum
2421 5505 2506 5558 vix
2524 5501 2734 5558 ccrtum
2761 5503 2944 5557 haberi
2969 5513 3144 5571 potem
3168 5517 3231 5555 ex
3247 5503 3401 5556 libris
3420 5501 3712 5570 judicium.
3740 5501 3850 5556 Nam

2277 5575 2383 5638 PL,
2415 5575 2568 5633 .\lar.,
2600 5576 2789 5628 volunt
2817 5589 3144 5628 cencurrere
3174 5589 3294 5628 eum
3319 5571 3393 5626 3‘2
3418 5590 3511 5627 an.
3540 5573 3850 5628 Philometo-

2275 5647 2380 5709 ris;
2411 5647 2501 5710 0.,
2535 5646 2640 5704 γι..
2678 5647 2838 5711 an.,
2871 5661 2990 5700 cum
3024 5645 3057 5699 5
3084 5661 3172 5698 an.
3209 5643 3505 5710 Demetrii;
3540 5643 3666 5705 Lo.,
3700 5646 3847 5701 l'etaa

2273 5716 2370 5770 Fa.
2418 5727 2471 5770 et
2514 5717 2651 5776 cusi,
2695 5733 2816 5770 cum
2847 5725 2894 5771 ιι
2935 5716 3200 5785 ejusdem.
3245 5715 3400 5784 Apud
3449 5717 3592 5771 alios
3631 5725 3847 5770 ant-tores
3919 5733 3923 5758 ε

2271 5789 2436 5842 altum
2469 5799 2547 5842 cst
2583 5788 2875 5842 silentium.
