3968 6320
109 327 217 385 981

110 446 285 517 tutum
312 450 467 517 super
497 446 664 512 duos;
697 445 966 517 Epipbsn.
1000 444 1054 501 in
1085 443 1325 517 Anchor.
1345 476 1365 517 ,
1388 441 1702 517 Casgiodpr.

106 519 165 573 in
206 513 441 582 Citron.,
490 513 760 572 lsidorum'
799 513 852 573 in
895 516 1123 579 Cbron..
1164 526 1221 571 et
1259 515 1459 573 Bedam
1497 513 1564 571 de
1602 515 1707 569 Ra-

106 592 267 644 tione
289 598 543 658 tempor.,
594 588 909 659 Nicephon,
940 589 1224 643 Constant.
1272 591 1323 643 in
1355 586 1582 659 Citron.,
1615 584 1708 657 qui

106 671 349 731 quatuor
397 657 690 716 Ensvhium
731 657 1084 725 aemulantur,
1134 669 1191 715 ut
1236 660 1352 729 ipse
1387 657 1705 731 Josephum.

108 729 194 787 Re
235 744 416 787 autem
458 733 651 787 melius
694 743 1004 803 perspecta,
1032 734 1401 788 existimamus
1428 731 1573 803 illam
1607 729 1707 784 ad-

106 804 378 859 ditionem
409 816 506 858 sex
532 804 797 859 mensium
823 801 948 874 jure
982 806 1186 874 optimo
1210 818 1368 873 posse
1392 801 1566 871 rejici,
1596 811 1706 855 tum

106 878 246 946 quia
296 891 402 930 non
452 876 695 931 videmus
741 876 1014 945 quomodo
1062 875 1131 929 sit
1174 891 1241 931 ex
1297 884 1477 929 tuente
1523 880 1710 927 aucto-

105 950 215 1013 ris,
232 950 324 1018 qui
353 951 594 1017 Augusto
616 948 807 1002 tribuit
828 959 1035 1002 tantum
1059 961 1232 1002 annos
1252 946 1480 1018 vitaf76,
1505 954 1559 1000 et
1578 960 1709 1018 con-

105 1015 293 1075 stituit
324 1015 535 1091 initiittn
569 1020 781 1088 imperii
813 1032 956 1074 anno
982 1019 1016 1072 2
1046 1019 1250 1091 olytnp.
1283 1015 1415 1082 184;
1448 1017 1710 1091 tumquia

106 1091 336 1146 obstant
368 1090 676 1145 testimonia
704 1101 946 1146 veterum
980 1092 997 1161 (
1014 1090 1137 1145 licet
1161 1105 1271 1144 non
1294 1098 1542 1143 constent
1570 1090 1711 1161 inter

104 1162 196 1231 se)
224 1166 315 1233 qui
342 1162 411 1218 de
440 1163 529 1217 die
560 1164 675 1232 ejus
702 1171 877 1228 ortus,
905 1162 1121 1232 imperii
1153 1169 1209 1216 et
1236 1161 1437 1226 obitus,
1472 1160 1707 1230 scripse-

105 1245 263 1299 runt,
296 1246 457 1304 atque
482 1236 643 1289 etiam
668 1235 1183 1299 demonstrationes,
1210 1248 1344 1304 quas
1364 1233 1707 1304 accuratissi-

107 1322 206 1361 me
246 1303 467 1361 deducit
503 1305 903 1361 eruditissimus
936 1306 1178 1376 Scaliger
1218 1303 1310 1359 ιιι).
1350 1319 1384 1358 v
1418 1303 1702 1376 Emendat.

108 1392 240 1447 pag.
271 1376 399 1445 415,
428 1392 609 1447 seqq.,
635 1390 689 1432 et
711 1377 839 1445 455,
867 1394 1026 1448 quem
1048 1375 1440 1431 cuttsulendum
1467 1375 1563 1431 tibi
1584 1391 1708 1430 sua-

107 1448 241 1503 deo.
271 1450 382 1503 lioc
404 1448 619 1503 uniettm
645 1449 861 1515 addam,
890 1465 985 1505 eos
1008 1450 1098 1519 qui
1119 1448 1323 1502 addunt
1353 1463 1445 1501 sex
1469 1463 1705 1513 menses,

103 1521 285 1575 videri
308 1520 421 1591 hoc
446 1520 628 1576 facere
658 1524 785 1591 quia
818 1523 1049 1577 fortasse
1076 1520 1339 1590 incipiunt
1367 1533 1653 1591 numerare
1676 1536 1708 1575 e

102 1595 263 1647 caede
292 1589 553 1660 Caesaris,
588 1589 706 1663 quia
736 1593 909 1646 anteit
936 1608 1028 1649 sex
1059 1589 1336 1647 mensibus
1361 1590 1704 1646 consulatum

104 1664 345 1734 primum
373 1663 623 1734 Augusti,
654 1674 713 1717 ut
741 1665 954 1719 dicetur
982 1674 1190 1731 postea.

182 1733 745 1807 (bilngAntonius
773 1737 1044 1790 adversum
1070 1736 1321 1792 Caesarem
1350 1734 1482 1803 Aug.
1515 1733 1705 1807 bellum

101 1805 299 1860 macet.
322 1805 457 1861 Cum
489 1816 593 1861 tam
625 1808 766 1863 belle
786 1810 1128 1864 consentiant
1147 1808 1367 1862 codices
1392 1808 1549 1864 lt‘uxu
1577 1805 1673 1860 Ρη.

102 1879 291 1945 Peta.,
325 1878 449 1945 Lo.,
481 1877 588 1943 Pi.,
622 1878 729 1943 Vi.,
757 1880 845 1947 0.,
876 1848 1033 1947 illam,
1062 1889 1116 1935 et
1146 1879 1397 1947 impressi
1429 1848 1575 1947 (quid
1605 1848 1701 1932 alii
1735 1854 1779 1918 Β

101 1965 221 2007 non
256 1952 533 2018 memini),
568 1957 626 2004 ut
656 1964 745 2005 an.
779 1954 803 2006 1
838 1952 1065 2022 Augusti
1096 1951 1268 2005 velint
1296 1949 1564 2022 evenisse,
1602 1964 1702 2004 nec

103 2037 214 2076 nos
240 2024 613 2083 dissentimus,
640 2023 761 2092 quia
787 2020 1286 2077 idem'coniirmant
1308 2020 1565 2084 Velleius,
1593 2024 1702 2090 Ap-

100 2097 331 2165 pianus,
362 2093 680 2159 Suetonius,
711 2094 925 2161 Florus,
962 2094 1300 2165 Plutarchus,
1328 2101 1383 2147 et
1402 2102 1590 2146 omnes
1614 2107 1703 2145 ve-

100 2164 282 2232 teres,
314 2166 439 2221 dum
478 2167 544 2220 de
588 2167 688 2221 hoc
724 2166 865 2221 bello
909 2166 1055 2221 dicto
1084 2164 1369 2219 Mutinensi
1414 2164 1705 2234 loquuntur

98 2240 335 2293 decreto
367 2254 394 2291 a
422 2246 615 2292 senatu
648 2251 835 2292 contra
867 2239 1180 2292 Antonium.

185 2309 382 2379 (ιδιά.)
414 2308 686 2367 Laberius.
716 2307 950 2363 Liberius
978 2312 1043 2365 A.
1065 2354 1080 2378 ,
1106 2309 1171 2364 H.
1194 2348 1208 2374 ,
1235 2308 1327 2365 So.
1348 2348 1364 2376 ,
1391 2306 1509 2363 Pet.
1527 2347 1543 2374 ,
1571 2305 1703 2372 Ba.;

103 2382 365 2436 Taberius
396 2381 465 2434 Μ.
502 2380 607 2434 Sed
641 2384 762 2451 quis
790 2383 1018 2451 primam
1052 2382 1335 2436 nobiscum
1367 2395 1474 2434 non
1508 2381 1709 2434 sentiat

100 2452 511 2522 praeferendam
540 2453 773 2516 catteris,
802 2455 846 2508 si
870 2455 1099 2507 aliorum
1123 2452 1628 2523 cltirograpltorum,
1653 2457 1711 2505 et

98 2526 246 2581 Mar.
268 2565 283 2587 ,
314 2535 369 2578 et
393 2523 622 2578 Vincen.
650 2568 663 2591 ,
698 2536 752 2579 et
781 2523 1277 2579 vetustissimorum
1307 2536 1587 2578 auctorum
1626 2536 1711 2576 rat-

103 2599 314 2650 tionem
347 2597 576 2663 habeat,
600 2595 904 2659 Ciceronis,
936 2596 1226 2662 Macrobii,
1258 2595 1425 2657 Livii,
1458 2594 1705 2659 Senecae,

101 2669 275 2725 Gellii
316 2680 370 2721 et
407 2667 670 2733 aliorum,
699 2668 789 2737 qui
820 2668 1026 2722 Laberii
1057 2666 1207 2721 Mimt’
1235 2682 1332 2722 seu
1358 2665 1709 2739 Mimographi

100 2740 504 2807 meminerunt,
536 2740 613 2793 sic
642 2740 1034 2807 eugnomiuati,
1066 2739 1212 2810 quod
1245 2739 1441 2793 mimos
1471 2739 1709 2810 scripsea

102 2814 185 2867 rit
210 2853 225 2875 ,
259 2819 319 2863 ut
350 2812 610 2879 colligere
643 2811 767 2865 licet
804 2827 867 2865 ex
907 2809 1201 2866 Gellio’lib.
1234 2825 1263 2865 x
1293 2825 1344 2865 c.
1378 2809 1466 2864 l7.
1498 2814 1567 2864 At
1591 2809 1709 2863 haec

102 2885 239 2939 libri
288 2897 382 2936 seu
426 2898 588 2936 manu
632 2896 725 2937 seu
771 2884 912 2954 typis
943 2883 1163 2949 emissi,
1197 2892 1251 2937 et
1275 2882 1446 2954 Man,
1463 2882 1528 2935 ad
1561 2896 1648 2954 an.
1678 2881 1704 2935 1

104 2954 346 3024 Augusti
392 2954 691 3022 collocant,
741 2953 899 3025 quem
942 2955 1104 3009 situm
1154 2968 1255 3009 nec
1294 2969 1396 3009 nos
1436 2953 1712 3023 improba-

106 3029 319 3082 bimus.

192 3094 394 3167 (lbid.)
418 3095 643 3151 Publius
676 3096 1089 3169 Miinographus.
1124 3097 1301 3152 liabes
1330 3098 1428 3152 ista
1462 3094 1526 3151 ad
1556 3104 1645 3169 ait.
1681 3094 1707 3149 1

108 3166 384 3239 Augusti,
417 3166 880 3224 consentientibus
911 3166 1162 3225 omnibus
1192 3169 1345 3224 libris
1377 3180 1430 3223 et
1450 3169 1582 3223 Mar.
1605 3166 1712 3239 Ett-

1040 325 1155 383 sn.
1196 322 1494 384 PON‘I‘ACI
1529 317 2080 381 css'rtos'rtouss
2118 316 2209 376 ιιι·
2245 276 2477 378 noris.

1732 447 1789 510 Α
1808 439 1901 495 die
1918 439 1983 496 2i
2010 438 2215 505 Martii,
2242 445 2302 495 et
2329 434 2573 494 secundo
2598 432 2688 493 die
2708 433 3071 507 Quinquatria
3096 432 3215 491 sive
3239 432 3409 492 {esto-

1804 1951 1937 2015 Au.,
1984 1951 2071 2017 L.,
2119 1950 2169 2004 Μ

3303 309 3411 369 θεῖ

1814 528 1932 568 rum
1962 510 2219 567 Minervae
2251 529 2264 564 :

1935 602 2134 666 Lucifer
2155 603 2404 666 amborum
2424 600 2666 666 natalibus
2699 600 2850 666 adfuit
2868 598 3026 666 idem,

2001 665 2106 715 Una
2128 664 2380 727 celebrata
2404 672 2480 715 est
2503 678 2594 727 per
2608 663 2707 713 duo
2731 664 2826 713 liba
2849 664 2977 727 dies.

1935 729 2053 780 Haec
2078 736 2162 790 est
2176 726 2421 777 armiferas
2444 726 2515 777 de
2527 726 2663 777 festis
2678 726 3177 790 quinqueAMiuerve,

1998 792 2118 851 Quae
2143 789 2247 839 ﬁeri
2270 802 2433 853 pugna
2456 790 2609 851 prima
2628 786 2835 839 cruenta
2853 786 2998 839 solet.

1885 874 2085 948 (lbid.)
2125 869 2280 931 Gaius
2320 873 2592 948 Falcidius
2634 874 2996 948 tribun._pleb_.
3050 876 3211 948 legent
3262 878 3402 948 tulit,

1814 956 1922 1005 etc.
1953 946 2400 1004 Annumerantur
2426 948 2525 1000 iSia
2552 947 2786 1002 diverse.
2814 946 2943 1000 Nam
2966 946 3020 1000 in
3047 947 3153 1011 Pi.,
3176 946 3266 1008 0.,
3292 947 3400 1014 Vi.,

1814 1031 1868 1075 et
1893 1036 2000 1075 uno
2029 1033 2098 1076 ex
2123 1034 2254 1073 mss.
2288 1018 2448 1083 Fab.,
2470 1017 2536 1073 ad
2567 1032 2656 1073 an.
2684 1019 2710 1073 1
2737 1020 2998 1089 Augusti;
3028 1018 3191 1087 an.,
3225 1018 3401 1078 Peta.,

1815 1092 1850 1147 5
1879 1092 2049 1146 Vatic.
2084 1101 2139 1146 et
2164 1090 2275 1145 duo
2298 1105 2363 1143 ex
2393 1103 2524 1144 mss.
2552 1090 2712 1158 Fab.,
2742 1096 2808 1144 ad
2836 1106 2926 1144 an.
2955 1091 3027 1155 2;
3058 1091 3182 1157 Fa.,
3216 1089 3340 1153 Lo..
3368 1090 3408 1145 4

1815 1162 2098 1230 Vaticani,
2132 1172 2188 1218 et
2220 1162 2375 1228 cusi,
2416 1163 2483 1216 ad
2518 1177 2611 1216 an.
2641 1163 2706 1228 5,
2739 1162 2831 1231 qui
2879 1165 3101 1231 propius
3140 1160 3408 1217 accedunt

1813 1236 1878 1289 ad
1909 1235 2137 1290 Dionem
2181 1233 2278 1289 lib.
2311 1248 2489 1288 sunt.
2538 1231 2590 1286 ls
2619 1236 2763 1287 enim
2796 1232 2964 1304 refert
2992 1233 3162 1304 legem
3196 1232 3334 1287 hanc
3371 1248 3405 1288 ιι

1813 1306 2057 1362 Falcidio
2082 1307 2268 1370 latam,
2290 1322 2423 1360 coss.
2451 1304 2673 1358 Domitio
2711 1314 2759 1358 et
2792 1303 3064 1370 Pollione,
3090 1320 3227 1374 quos
3255 1304 3409 1359 Fasti

1813 1377 2077 1448 Onuphrii
2126 1377 2394 1432 collocant
2433 1377 2502 1431 ad
2537 1391 2738 1448 annum
2783 1380 2807 1448 1
2842 1377 3045 1448 olymp.
3076 1376 3208 1441 185,
3246 1384 3302 1431 et
3329 1378 3404 1430 ita

1812 1447 2071 1505 dilierunt
2099 1465 2205 1503 uno
2235 1456 2445 1503 tantum
2472 1462 2638 1503 anno.
2668 1447 3000 1518 Xiphilinus
3032 1448 3226 1503 eodem
3263 1450 3410 1502 rcci-

1810 1521 1912 1583 dit.
1948 1522 2075 1577 licet
2103 1520 2308 1575 scribat
2333 1519 2535 1574 factum
2569 1520 2669 1574 sub
2697 1517 2936 1574 COrnelio
2963 1517 3169 1584 Balbo;
3199 1534 3323 1573 nam
3358 1519 3405 1575 is

1810 1592 2068 1657 Domitio,
2108 1594 2197 1661 qui
2236 1591 2534 1659 abdicarat,
2574 1589 2836 1646 sulectus
2873 1601 2976 1646 est.
3019 1591 3191 1661 Porro
3220 1589 3404 1644 abhis

1810 1664 2033 1719 Publius
2061 1660 2333 1717 Falcidius
2354 1662 2681 1732 appellatur,
2705 1666 2794 1733 qui
2817 1664 3022 1718 auctori
3045 1660 3104 1719 C.
3128 1660 3405 1717 Falcidius

1808 1744 1913 1801 est,
1947 1750 1977 1789 a
2008 1735 2145 1791 Mar.
2175 1749 2306 1789 vero
2336 1734 2396 1788 ϐ.
2425 1733 2693 1791 Salonius.

1881 1805 2076 1877 (lbid.)
2111 1808 2171 1862 Si
2198 1820 2418 1877 quatuor
2447 1815 2535 1858 aut
2566 1806 2737 1861 minus
2767 1816 2932 1861 essent
2965 1823 2985 1862 :
3014 1807 3059 1862 si
3085 1814 3255 1861 autem
3284 1806 3405 1875 plus

1806 1888 2049 1944 quatuor,
2072 1888 2206 1947 etc.,
2230 1892 2401 1947 usque
2423 1878 2721 1948 partiretur.
2744 1878 2847 1933 Ista
2870 1895 2979 1935 non
2999 1888 3221 1934 exstant
3243 1879 3295 1933 in
3311 1880 3406 1943 A.,

2179 1990 2215 2014 .,
2243 1949 2330 2017 V.,
2371 1950 2459 2014 P.,
2490 1948 2601 2012 AL,
2632 1948 2739 2017 Pi.,
2770 1950 2877 2015 Vi.,
2906 1951 2996 2017 0.,
3030 1950 3208 2015 Peta.,
3233 1949 3400 2016 Fttx.,

1808 2023 1983 2077 tribus
2024 2036 2155 2076 mss.
2191 2022 2350 2086 Fab.,
2379 2021 2501 2081 Lo..
2550 2020 2719 2089 Idac.,
2752 2021 2884 2077 Mar.
2914 2032 2970 2078 et
3003 2022 3268 2083 Viucen.;
3303 2035 3405 2077 nec

1807 2093 1970 2149 etiam
1997 2094 2049 2148 iu
2079 2107 2210 2147 mss.
2234 2093 2454 2147 Antonii
2476 2092 2679 2158 Contii,
2711 2103 2767 2147 ut
2796 2094 2957 2149 iidem
2989 2092 3119 2148 facit
3149 2098 3194 2147 is
3220 2094 3359 2148 libro
3381 2108 3401 2148 t

1807 2163 2057 2220 Lection.
2090 2165 2427 2220 subsecivar.
2456 2180 2578 2233 cap.
2606 2166 2660 2231 5,
2689 2177 2739 2221 et
2770 2166 2991 2232 merito,
3015 2176 3076 2219 ut
3098 2172 3317 2220 constat
3336 2180 3408 2219 ex

1808 2236 1914 2307 leg.
1947 2251 1964 2290 ι
1993 2238 2060 2290 ad
2083 2236 2279 2305 legem,
2313 2235 2523 2307 Falcid.
2544 2251 2663 2302 quae
2689 2237 2935 2292 continet
2962 2246 3170 2291 tantum
3202 2252 3403 2305 prteoe-

1808 2306 2013 2373 dentia,
2048 2322 2110 2361 ne
2134 2309 2249 2377 quis
2276 2306 2395 2378 plus
2421 2315 2741 2378 testamento,
2766 2318 2898 2375 etc.,
2926 2308 3013 2363 cui
3038 2310 3240 2377 optime
3266 2323 3404 2363 con-

1810 2380 1976 2434 sentit
2001 2380 2097 2434 Dio
2128 2376 2222 2433 lib.
2256 2376 2426 2435 mm
2454 2399 2464 2431 :
2497 2376 2899 2451 LemFalcidia,
2933 2376 3127 2448 inquit,
3148 2381 3406 2451 permittit

1810 2462 1863 2505 ut
1894 2453 2073 2517 Intres,
2109 2453 2153 2504 si
2180 2452 2532 2505 haereditatem
2556 2450 2700 2504 adire
2721 2462 2981 2522 grq‘etur,
3004 2450 3291 2521 quadrante
3312 2470 3402 2506 ac-

1811 2532 1957 2592 cepto
1980 2522 2239 2593 reliquum
2259 2522 2503 2576 dimittat.
2521 2523 2672 2577 Adde
2688 2522 3043 2593 quodlsidor.
3066 2523 3159 2577 lib.
3176 2540 3208 2577 v
3225 2522 3371 2593 Orig.
3384 2565 3401 2590 ,

1812 2610 1933 2649 cum
1972 2595 2171 2663 ubique
2214 2594 2467 2664 pleraque
2501 2610 2571 2649 ex
2614 2606 2800 2650 nostro
2828 2594 3101 2650 Chronico
3142 2599 3404 2651 transcri-

1813 2666 1923 2734 bat,
1960 2666 2323 2735 praetermittit
2354 2665 2467 2721 haec
2497 2667 2702 2731 omnia,
2735 2667 2858 2721 aliis
2882 2667 3130 2733 retentis,
3156 2668 3399 2723 utetiam

1812 2740 2053 2809 reperies
2082 2738 2133 2791 in
2159 2752 2281 2807 cap.
2311 2737 2583 2804 Qutedam,
2606 2737 2732 2792 dist.
2758 2739 2810 2803 2,
2842 2746 3054 2809 sumpto
3076 2752 3141 2791 ex
3169 2737 3399 2795 Isidoro.

1813 2807 2057 2877 Conjicio
2092 2823 2311 2863 causam
2343 2809 2544 2863 erroris
2576 2824 2929 2878 promanasse
2962 2807 3026 2863 ex
3054 2809 3273 2879 Legulei
3308 2826 3405 2866 cu-

1809 2884 2022 2950 jusdam
2055 2880 2300 2952 inscitia,
2334 2882 2423 2949 qui
2455 2881 2644 2952 tribuit
2681 2880 2926 2935 Falcidio
2964 2882 3111 2952 quod
3156 2882 3402 2937 tribuen-

1815 2952 1941 3024 dum
1966 2962 2081 3006 erat
2102 2950 2433 3006 Jusdniauo.
2466 2950 2597 3006 Nam
2627 2952 2743 3021 ipse
2767 2962 2870 3018 est,
2896 2950 3061 3023 quiin
3083 2953 3313 3024 gratiam
3337 2954 3404 3008 li-

1815 3023 2070 3096 berorum
2097 3024 2247 3096 auxit
2276 3038 2381 3077 non
2410 3025 2586 3096 solum
2617 3034 2864 3092 quartam
2895 3023 3124 3090 naturai,
3148 3038 3248 3096 seu
3272 3025 3405 3096 legi-

1816 3096 2004 3150 timam
2026 3094 2106 3148 eis
2125 3094 2384 3161 debitam,
2401 3104 2455 3149 et
2476 3095 2635 3149 etiam
2659 3106 2905 3165 quartam
2923 3094 3402 3162 Trebellianicain,

1816 3168 1981 3223 immo
2003 3180 2217 3221 omnem
2241 3176 2510 3237 quartam,
2543 3182 2665 3238 qua:
2692 3167 2817 3221 liliis
2837 3186 2865 3221 a
2892 3167 3137 3238 qualibet
3163 3166 3283 3237 lege
3307 3169 3405 3222 da-

110 3237 336 3318 pressio
359 3239 473 3318 inec
490 3240 687 3303 poterit
707 3240 1032 3318 alicuiiorte
1053 3255 1192 3294 vana
1213 3240 1494 3318 etintttilis
1516 3237 1705 3318 videri,
1739 3244 1786 3318 (ς
1819 3250 1927 3318 tur,
1962 3250 2111 3306 patre
2138 3252 2363 3318 ntort_t_to_
2383 3237 2620 3318 testato;
2645 3239 2740 3318 sed
2774 3237 3103 3318 specialiter,
3127 3252 3198 3318 ac
3229 3240 3406 3294 nomi-

110 3328 247 3368 cum
277 3312 390 3366 loca
413 3312 502 3365 illa
527 3321 742 3366 notasse
770 3313 999 3367 sulliciat
1025 3328 1141 3383 qua:
1165 3314 1474 3368 varietatem
1500 3312 1711 3381 patiun-

110 3398 232 3439 tur.
267 3384 569 3452 Aliquando
592 3394 766 3438 tamen
790 3385 1193 3439 observandum
1216 3385 1489 3451 duximus,
1521 3398 1587 3439 ne
1606 3390 1712 3452 qua

115 3457 367 3528 supersit
395 3455 659 3528 dubitatio
692 3458 766 3528 illi
794 3458 883 3525 qui
913 3456 1122 3511 haerere
1152 3460 1202 3510 in
1233 3456 1319 3511 his
1350 3463 1552 3528 posset.

197 3524 605 3599 (lbid.)_Cicero
631 3528 683 3580 in
713 3524 1033 3583 Phormione
1065 3524 1469 3590 occiduum—etc.
1504 3526 1562 3581 In
1592 3524 1715 3590 Fa.,

118 3597 340 3669 septem
376 3597 650 3655 Vaticanis
692 3609 747 3653 et
786 3600 1057 3669 prioribus
1101 3602 1436 3657 editionibus
1478 3612 1716 3669 Oppone-

122 3674 332 3725 bantur
358 3670 457 3723 ista
487 3685 578 3725 an.
605 3670 641 3723 2
667 3674 917 3739 Augusti,
951 3686 1049 3727 nos
1072 3674 1382 3741 reponenda
1406 3673 1718 3728 censuimus

118 3747 277 3796 circa
303 3755 392 3796 an.
423 3743 476 3808 1,
503 3745 675 3813 secuti
709 3743 817 3806 Pi.,
846 3743 1007 3811 Fttx.,
1042 3745 1218 3807 Peta.,
1247 3745 1355 3813 Vi.,
1387 3745 1479 3807 0.,
1512 3745 1630 3803 Lo..
1666 3750 1722 3795 et

119 3815 298 3869 trium
330 3828 456 3867 mss.
492 3812 623 3868 Fab.
657 3814 823 3880 Man;
857 3826 911 3871 et
949 3817 1260 3871 necessario
1296 3812 1368 3871 ita
1411 3815 1719 3870 habendum

118 3900 257 3940 esse
300 3884 530 3958 infertur
559 3902 625 3940 ex
663 3887 727 3941 iis
758 3898 879 3956 qua:
906 3888 1160 3958 superius
1187 3890 1253 3943 de
1283 3888 1399 3958 ejus
1438 3887 1721 3942 nativitate

123 3957 580 4024 observavimus;
609 3967 663 4011 et
684 3972 804 4028 qum
827 3969 1049 4014 nat-rant
1070 3957 1453 4023 Cassiodorus,
1482 3959 1721 4015 Velleius

122 4030 232 4083 lib.
259 4041 297 4082 tt
325 4069 340 4093 ,
371 4027 585 4083 'I‘acitus
624 4027 717 4084 lib.
744 4046 782 4085 ιι
821 4031 887 4085 de
916 4030 1103 4099 Orat.,
1133 4042 1185 4087 et
1215 4032 1326 4086 alii.
1372 4034 1503 4097 Qua:
1534 4041 1720 4084 autem

128 4101 226 4154 ltic
253 4101 505 4157 dicuntur
524 4102 593 4155 de
614 4116 755 4155 anno
774 4102 897 4156 vitae
914 4103 1191 4158 Ciceronis
1212 4104 1305 4167 64,
1326 4103 1608 4157 ﬁrmantur
1630 4118 1724 4155 au-

126 4173 393 4226 ctoritate
427 4171 725 4238 Plutarchi,
758 4174 883 4229 licet
903 4172 1255 4231 Cassiodorus
1282 4186 1335 4230 et
1362 4175 1593 4241 Gellius,
1627 4174 1722 4228 lib.

132 4259 204 4297 xv
238 4258 357 4311 cap.
381 4244 473 4305 28,
508 4244 584 4297 illi
617 4251 821 4299 tantum
853 4247 1089 4301 tribuant
1118 4262 1291 4301 annos
1319 4248 1406 4303 85.

213 4316 233 4388 (
249 4313 409 4388 Ibid.)
434 4314 507 4388 Ab
522 4314 792 4371 Herennio
809 4326 854 4371 et
871 4317 1095 4388 Papilio.
1121 4318 1196 4372 Ab
1215 4318 1482 4373 Herennio
1498 4329 1545 4371 et
1569 4316 1695 4373 Pam
1709 4345 1723 4357 -

132 4386 269 4459 pilio
296 4386 429 4459 Mar.
464 4387 729 4443 Praeterea
758 4386 958 4459 copula
978 4398 1028 4443 et
1055 4391 1209 4444 abest
1233 4408 1259 4442 a
1293 4390 1414 4454 Fa.,
1447 4390 1543 4445 sed
1570 4405 1727 4445 men-

133 4457 297 4513 ilose.
331 4457 463 4512 Nam
503 4469 719 4514 constat
758 4457 1151 4515 cxiPlutarcho
1182 4463 1234 4516 in
1261 4463 1439 4517 Cicer.
1460 4504 1474 4527 ,
1503 4475 1556 4516 et
1585 4460 1726 4529 aliis,

136 4530 657 4604 Herennittrnfuisse
674 4533 1129 4604 centurionem,et
1146 4532 1409 4604 Popilium
1426 4534 1725 4589 tribunum.

215 4601 413 4675 (ibid)
444 4600 838 4675 OuidiusNaso
867 4607 1115 4659 nascitur.
1146 4600 1251 4673 Pi.,
1273 4605 1382 4673 Vi.,
1415 4605 1505 4672 0.,
1540 4614 1594 4660 et
1617 4614 1728 4658 tres

138 4673 281 4729 mss.
308 4673 465 4739 Fab,
490 4689 581 4747 an.
613 4674 633 4728 l
658 4674 882 4746 Augusti
904 4676 1208 4747 assignant;
1238 4677 1397 4744 Fux.,
1416 4678 1590 4742 Peta.,
1610 4675 1733 4742 Fa.,

138 4747 282 4821 Lo._.
310 4758 517 4821 septem
551 4746 722 4821 Vatic.
756 4758 810 4802 et
839 4748 996 4814 Mar.,
1022 4746 1118 4803 an.
1149 4752 1214 4815 2;
1242 4757 1299 4804 et
1332 4749 1611 4821 impress.,
1645 4762 1736 4821 an.

141 4820 200 4873 5.
233 4816 429 4894 Prit_ni_s
460 4819 637 4894 potius
658 4822 1090 4888 assentiendum,
1121 4833 1258 4879 teste
1278 4824 1396 4894 ipso
1411 4816 1614 4878 Ovidio
1640 4820 1735 4875 lib.

142 4904 199 4944 tv
222 4887 295 4945 de
317 4888 535 4945 Tristib.
562 4908 573 4943 :

275 5001 446 5072 Editus
470 5004 582 5072 hinc
598 5017 707 5072 ego;
718 5019 845 5066 sum,
869 5019 967 5072 nec
982 5019 1096 5064 non.
1119 5016 1172 5058 ut
1189 5014 1411 5072 tempora
1432 5009 1584 5070 noris,

341 5065 458 5115 Cum
481 5065 660 5119 cecidit
684 5067 781 5119 fato
804 5065 971 5118 censui
1001 5079 1215 5132 uterque
1241 5065 1363 5133 pari.

149 5172 291 5229 Nam
313 5186 502 5228 omnes
526 5184 721 5228 norunt
745 5190 810 5231 ex
836 5176 1123 5240 Suetonio,
1145 5174 1669 5243 Cicerone,Velleio,
1694 5183 1750 5232 et

150 5246 315 5310 aliis,
348 5244 580 5299 Hirtium
613 5258 658 5300 et
694 5245 922 5301 Pansam
966 5248 1125 5302 ambo
1169 5263 1313 5304 coss.
1342 5264 1409 5303 eo
1446 5250 1564 5316 ipso
1605 5264 1749 5303 anno

150 5317 240 5371 sui
258 5318 578 5390 consulatus
598 5319 710 5389 (qui
733 5330 816 5375 est
838 5321 1042 5388 primus
1062 5319 1306 5390 Augusti)
1333 5319 1556 5389 periisse
1578 5321 1630 5374 in
1656 5321 1751 5375 illo

156 5389 332 5453 bello,
357 5390 506 5462 quod
533 5389 829 5462 Mutinense
854 5402 1215 5459 nuncupatur,
1250 5389 1303 5446 et
1323 5392 1464 5462 quod
1490 5391 1751 5446 describi-

157 5472 313 5534 turga
339 5460 638 5534 Suetonio,
665 5462 827 5534 Floro
860 5464 953 5517 lib.
985 5477 1037 5517 tv
1066 5478 1185 5533 cap.
1210 5465 1263 5529 4,
1296 5460 1541 5534 Appiano
1574 5464 1665 5517 lib.
1694 5479 1751 5519 ιιι

157 5534 233 5586 de
259 5531 395 5586 Bell.
420 5532 591 5593 civil..
618 5532 908 5587 Plutarcho
937 5536 988 5589 itt
1019 5531 1275 5600 Antonio,
1306 5531 1452 5591 etab
1474 5535 1592 5589 aliis
1618 5533 1755 5589 ntul-

161 5606 257 5659 tis.
287 5604 422 5659 lluic
452 5605 629 5658 simile
654 5608 828 5673 prodit
852 5606 1121 5675 Tibullus,
1158 5608 1251 5661 lib.
1282 5620 1362 5676 tu,
1388 5608 1457 5663 de
1480 5622 1579 5662 suo
1605 5616 1758 5662 ortu:

295 5718 520 5787 Natalem
547 5721 873 5787 pruno‘nostri
897 5723 1066 5787 videre
1086 5730 1347 5787 parentes,

362 5781 481 5831 Cum
502 5782 681 5830 cecidit
702 5782 798 5832 fato
821 5784 990 5835 consul
1015 5781 1229 5849 uterque
1254 5781 1373 5851 pari.

167 5884 397 5943 Ovidius
420 5884 611 5941 codem
639 5886 729 5939 lib.
758 5903 807 5941 tv
830 5888 894 5943 de
919 5890 1184 5948 Tristibus
1212 5893 1473 5965 signiﬁcat
1502 5908 1561 5949 se
1591 5901 1772 5951 natum

1817 3312 1986 3365 natim
2003 3318 2248 3381 quartam
2272 3311 2587 3375 Falcidiam,
2611 3310 2659 3363 id
2680 3320 2784 3379 est,
2804 3326 2964 3382 quam
2988 3310 3263 3365 Ealcidius
3286 3319 3408 3381 post

1815 3383 1991 3452 legata
2023 3396 2312 3448 superesse
2337 3385 2549 3439 volebat
2571 3384 2900 3450 haeredibus,
2923 3385 3038 3437 sive
3060 3382 3265 3449 liberis,
3291 3384 3407 3438 sive

1817 3453 2117 3520 extraneis,
2151 3468 2381 3525 eamque
2407 3456 2704 3522 convertit,
2748 3472 2842 3510 seu
2874 3455 3125 3521 produxit
3154 3456 3207 3509 in
3241 3455 3406 3509 trien-

1818 3536 1927 3582 tem
1973 3536 2030 3582 et
2078 3526 2361 3583 semissem
2384 3568 2398 3590 ,
2426 3526 2725 3583 secundum
2760 3529 2990 3597 positam
3017 3528 3085 3581 ab
3116 3540 3183 3579 eo
3210 3526 3410 3581 distin-

1818 3599 2056 3653 ctionem
2090 3599 2143 3651 in
2171 3600 2384 3669 novella
2410 3600 2795 3655 constitutione
2822 3600 2908 3667 18,
2935 3598 3097 3669 idque
3118 3598 3296 3653 habita
3320 3612 3408 3651 ra-

1820 3672 1967 3724 tione
1985 3684 2090 3724 non
2109 3668 2281 3742 solum
2301 3673 2566 3726 bonorum
2585 3687 2705 3741 qua:
2729 3686 2931 3742 parens
2954 3668 3139 3724 habuit
3161 3678 3407 3738 tempore

1821 3744 2032 3802 mortis,
2066 3741 2162 3795 sed
2193 3746 2355 3799 etiam
2379 3758 2566 3799 eorum
2594 3759 2713 3811 qua}
2736 3741 2933 3798 habuit
2961 3750 3207 3809 tempore
3232 3743 3407 3797 dona-

1823 3812 2003 3879 tionis,
2037 3822 2095 3867 ut
2123 3814 2282 3871 docet
2312 3818 2519 3872 novella
2543 3813 2861 3871 constitutio
2881 3814 2971 3869 92.
2998 3812 3157 3871 Unde
3179 3830 3285 3870 nou
3309 3816 3410 3869 mi-

1822 3901 1941 3959 rum
1964 3888 2007 3938 si
2032 3901 2219 3959 omnes
2242 3900 2448 3959 quartae
2474 3889 2701 3959 nomine
2717 3888 2968 3943 Falcidim
2990 3888 3275 3959 appellatae
3296 3887 3413 3942 iuet

1823 3958 1930 4032 rint
1964 3958 2309 4032 l._Quisquis,
2343 3975 2391 4014 c.
2427 3959 2506 4013 Ad
2536 3961 2573 4015 l.
2608 3958 2723 4013 Jul.
2755 3963 2913 4032 maj.;
2950 3963 2987 4016 Ι.
3018 3958 3313 4032 Defunctis,
3346 3959 3412 4014 de

1825 4030 1967 4101 legit.
2001 4029 2240 4094 Hilarem,
2280 4034 2332 4087 in
2363 4032 2485 4086 cod.
2521 4032 2730 4086 Tlteod.

1898 4102 2085 4175 (lbid.)
2106 4101 2171 4157 Ut
2193 4107 2296 4158 sive
2324 4104 2517 4170 liberis,
2533 4104 2637 4157 sive
2665 4105 2965 4173 propinquis
2983 4115 3128 4172 pater
3148 4121 3243 4159 sua
3266 4104 3415 4175 lega-

1825 4183 1920 4229 ret.
1941 4174 2064 4228 lltec
2080 4176 2149 4228 ita
2171 4177 2582 4231 emendavimus
2603 4192 2669 4230 ex
2686 4191 2783 4231 sex
2796 4176 3097 4241 Vaticanis,
3114 4177 3233 4239 Fa.,
3250 4174 3417 4244 vel...

1828 4245 1978 4311 Lut.,
2009 4262 2108 4315 pro
2132 4257 2184 4320 ut
2212 4251 2321 4302 suis
2347 4248 2543 4320 liberis,
2575 4248 2680 4301 sive
2700 4249 3029 4320 prapinquis,
3059 4249 3198 4302 idem
3227 4250 3420 4303 exteris

1830 4328 1976 4390 pater
2001 4334 2100 4390 sua
2126 4317 2322 4390 legare,
2354 4327 2413 4373 ιιι
2434 4319 2488 4373 in
2520 4320 2661 4375 aliis.

1900 4388 2099 4463 (lbid.)
2124 4388 2436 4445 Partiretur.
2467 4393 2558 4448 Sic
2581 4406 2645 4447 ex
2668 4389 2892 4448 totidem
2915 4391 3193 4449 Vaticanis
3216 4401 3271 4450 et
3295 4391 3425 4460 Fa.,

1832 4476 1928 4531 pro
1957 4466 2293 4532 pat'tt'retttur,
2324 4473 2382 4516 tit
2405 4464 2557 4518 olitn.

1905 4532 2359 4607 (lbid.)__Curtius
2390 4536 2658 4591 Salassus.
2692 4534 2914 4592 Rectius
2954 4553 3139 4607 quam,
3182 4547 3241 4592 ιιι
3270 4538 3425 4605 olim,

1762 4648 1817 4711 Β
1842 4604 2049 4711 gurti‘u‘s
2074 4604 2383 4711 Tlltoalaspsus,
2415 4608 2857 4711 snadetnib‘t’tsl.
2883 4654 2895 4677 ,
2921 4604 3023 4693 ιδ.
3040 4651 3053 4674 ,
3089 4611 3185 4711 lia.
3204 4652 3231 4677 ,_
3251 4604 3429 4693 Peta.,

1848 4676 1954 4743 Vi.,
1983 4677 2071 4737 0..
2107 4676 2211 4743 Pi.,
2250 4679 2385 4733 an.
2409 4718 2423 4739 .
2453 4689 2661 4747 septem
2692 4678 2994 4745 Vaticanis,
3027 4682 3220 4749 quibus
3254 4682 3438 4749 proxi-

1849 4763 1936 4802 me
1964 4750 2176 4803 accedit
2202 4750 2359 4814 Man,
2389 4752 2476 4805 ubi
2512 4750 2775 4804 Salussus.
2812 4752 3031 4807 Videtur
3052 4764 3231 4805 autem
3260 4760 3326 4805 ita
3350 4751 3436 4805 di-

1847 4830 1966 4875 ctus
1991 4836 2019 4872 a
2044 4820 2280 4876 Salassia
2311 4824 2531 4891 regione
2559 4822 2749 4876 Calliae
2782 4822 2985 4878 italiam
3031 4838 3239 4877 versus.
3282 4823 3438 4878 Hunc

1847 4892 1935 4966 alii
1956 4900 2415 4966 comparantcum
2441 4908 2583 4946 anno
2604 4895 2843 4948 secundo
2868 4897 3113 4966 Augusti,
3137 4905 3197 4948 ut
3218 4894 3324 4962 Vi.,
3341 4894 3436 4959 0.,

1846 4962 2027 5045 Peta.,
2055 4963 2133 5045 l’Ii.
2158 4979 2172 5027 ;
2202 4962 2297 5017 alii
2324 4979 2443 5018 cum
2470 4978 2611 5019 anno
2638 4966 2817 5031 tertio,
2845 4974 2903 5021 tit
2932 4962 3049 5034 lia,
3076 4965 3197 5033 Lo.,
3223 4968 3361 5022 Fux.
3387 4980 3418 5023 e

1846 5048 2115 5104 impressu

1928 5104 2204 5175 (lbid.)ln
2237 5107 2407 5160 insula
2430 5107 2623 5160 Arado.
2650 5108 2820 5162 Antea
2851 5108 3132 5177 legebatur
3158 5110 3324 5177 Arda;
3347 5109 3447 5166 sed

1853 5188 2038 5251 nostra
2068 5182 2334 5246 scriptura
2358 5180 2585 5234 debetur
2607 5188 2836 5245 quatuor
2852 5181 3145 5243 Vaticanis,
3175 5181 3299 5248 Lo.,
3322 5183 3449 5251 Fa.,

1853 5250 2048 5321 quibus
2080 5253 2328 5319 proxime
2359 5252 2623 5305 accedunt
2652 5251 2739 5317 L.,
2765 5254 2854 5315 A.,
2888 5254 2981 5313 M..
3009 5252 3093 5312 P..
3129 5252 3235 5321 Pi.,
3272 5250 3448 5321 Peta.,

1963 5363 1977 5381 ,
2006 5321 2071 5375 0.
2093 5366 2106 5389 ,
2145 5322 2314 5387 Fux.,
2344 5323 2475 5377 Mar.
2502 5365 2516 5388 ,
2546 5323 2599 5377 in
2629 5324 2823 5393 quibus
2850 5325 3043 5378 Arado.
3079 5325 3243 5378 Nobis
3271 5320 3456 5381 favent

1858 5390 1955 5447 Dio
1976 5393 2074 5472 lib.
2104 5410 2291 5472 x_t.vttt,
2319 5394 2628 5472 Stephanus
2652 5390 2721 5448 de
2754 5394 3005 5472 Urbibus,
3037 5395 3271 5472 Ἀραδος
3299 5406 3458 5472 νῆψις

1857 5468 2099 5539 pomisne.
2144 5467 2285 5539 Idem
2318 5467 2454 5520 Plin.
2492 5467 2583 5521 lib.
2618 5483 2687 5530 ιι,
2720 5482 2839 5537 Cap.
2874 5469 2996 5533 105,
3037 5476 3094 5525 et
3112 5467 3317 5525 Strabo
3359 5470 3458 5525 lib.

1867 5538 1978 5612 xvi.
2011 5540 2062 5612 tu
2088 5552 2192 5612 qua
2216 5538 2386 5612 insula
2416 5548 2485 5592 est
2518 5540 2768 5610 oppidum
2799 5544 3010 5609 parvum
3041 5542 3272 5612 ejusdem
3294 5540 3463 5594 nomi-

1867 5610 1967 5674 nis,
1995 5610 2070 5662 ait
2097 5610 2229 5663 Mela
2264 5611 2356 5662 lib.
2387 5625 2421 5663 lt
2450 5625 2570 5681 cap.
2606 5612 2656 5675 7,
2690 5627 2785 5665 seu
2813 5622 2895 5666 est
2922 5610 3094 5666 insula
3130 5613 3305 5666 vicina
3332 5626 3467 5667 con-

1872 5683 2083 5740 tinenti,
2118 5685 2170 5734 in
2195 5698 2296 5754 qua
2326 5683 2486 5735 situm
2512 5693 2594 5736 est
2615 5683 2894 5754 oppidum.
2927 5688 3204 5738 Caeterum
3229 5686 3351 5754 igne
3372 5683 3471 5738 ab-

1872 5761 2149 5820 sumptum
2181 5751 2427 5805 Curtium
2460 5763 2688 5807 narrant
2714 5753 2890 5813 Peta.,
2924 5754 3030 5819 Pi.,
3057 5756 3166 5821 Vi.,
3199 5751 3287 5819 ΟῙ,
3321 5769 3410 5809 an.
3432 5754 3475 5808 2

1880 5824 2139 5891 Augusti;
2168 5824 2334 5900 Ιείιιι..
2361 5825 2479 5886 Fa.,
2498 5824 2618 5891 Ln.,
2645 5839 2853 5900 septem
2874 5825 3161 5895 Vaticani.,
3185 5829 3274 5900 qui
3297 5826 3471 5885 comi-

1880 5906 1962 5951 tes
1992 5910 2221 5951 excusos
2252 5897 2471 5963 habent,
2500 5912 2586 5951 an.
2622 5899 2676 5953 5.
