3968 6320
518 262 619 323 991

1197 259 1305 318 'AD
1341 255 1729 318 CHRONICON
1771 258 2673 321 EUSEBIO-HIERONYMIANUM
2711 260 3075 320 APPENDIX.

3723 256 3822 314 992

521 376 636 450 lum
677 374 805 450 quia
832 370 1061 450 deerant
1087 373 1142 430 in
1174 372 1283 450 ἓξ..
1314 373 1406 440 Δ.,
1433 374 1665 450 L.,_b_t.,
1697 373 1732 426 ὅ
1774 373 1975 450 Vatia,
2014 376 2101 450 P.,
2134 379 2183 438 Α
2210 386 2323 450 tum
2359 379 2412 433 in
2436 377 2653 433 caeteris
2680 376 3058 450 chirograpbis
3080 376 3256 450 Ιιίιὶθι
3282 390 3488 450 supra,
3508 381 3646 450 itum
3679 376 3821 450 apud

522 446 648 514 Lo.,
676 446 839 512 Fux.,
868 448 1042 512 Peta.,
1069 455 1124 501 et
1150 445 1325 501 tribus
1353 460 1485 501 mss.
1516 445 1673 511 Fab.’,
1716 446 1816 501 sed
1859 456 1913 502 et
1942 456 1999 501 ut
2024 445 2105 503 vi?-

523 525 733 575 taretur
780 520 956 575 inanis
994 517 1266 587 repetitio,
1288 532 1413 573 cum
1443 517 1585 573 idem
1612 518 1825 573 dicatur
1854 518 1922 574 ad
1947 533 2103 575 eum-

526 591 651 648 dem
681 606 899 654 annum,
930 590 1058 644 licet
1082 587 1316 645 diversis
1347 589 1625 658 paululum
1653 590 1856 645 verbis.

600 662 768 789 ⁵551,
802 660 915 731 ιιι.)
945 659 1115 715 Censn
1166 658 1367 724 Romen,
1413 669 1543 744 etcz,
1594 659 1665 716 40
1688 664 1921 743 centena,
1965 671 2015 717 et
2039 661 2109 717 65

625 735 714 788 lia.
742 734 849 788 Pro
875 733 939 788 41
972 743 1189 787 centena
1208 741 1257 785 et
1285 731 1355 786 64
1385 733 1574 789 millia.
1602 743 1660 787 ut
1687 733 1839 789 olim.
1871 742 1929 788 et
1963 734 2109 789 anud

527 731 714 789 millia.
742 734 849 788 Pro
875 733 939 788 41
972 743 1189 787 centena
1208 741 1257 785 et
1285 731 1355 786 64
1385 733 1574 796 millia,
1602 743 1660 787 ut
1687 733 1839 794 olim,
1871 742 1929 788 et
1963 734 2109 800 apud

530 806 675 862 Idae.
706 815 762 860 et
788 802 956 868 Mar.,
987 802 1367 859 substituimus
1405 803 1478 860 10
1505 814 1716 859 centena
1740 814 1794 860 et
1819 806 1889 860 65
1918 805 2106 869 millia,

528 878 652 948 quia
679 876 759 930 sic
783 875 1192 948 legimusapud
1210 873 1595 944 Freculphum,
1625 876 1716 945 qui
1745 876 1885 931 alter
1904 886 1989 932 est
2016 892 2109 931 ex-

527 944 758 1018 scriptor
784 944 963 1018 nestri
990 944 1291 1018 Cbroniei:
1327 948 1600 1016 praecipue
1641 944 1768 1002 vero
1805 948 1930 1018 quia
1962 949 2110 1002 anti-

565 1016 667 1075 uus
690 1017 850 1091 lapis,
868 1020 1027 1091 cujus
1048 1018 1207 1091 ﬁdem
1231 1016 1432 1091 iaciunt
1461 1016 1853 1091 Inscriptiones
1874 1020 2112 1091 antiqua:

579 1089 745 1145 ruteri
772 1104 823 1159 p.
855 1089 982 1154 250,
1027 1100 1083 1145 et
1107 1090 1457 1145 doctissimus
1486 1090 1701 1158 Lipsius
1731 1090 1768 1145 l.
1803 1105 1820 1143 ι
1848 1089 2022 1147 Elect.
2057 1106 2107 1146 c.

527 1162 625 1228 27,
659 1170 785 1230 post
804 1160 1234 1217 eruditissimum
1260 1161 1400 1216 And.
1437 1159 1745 1224 Sehottum,
1779 1162 1960 1228 habet,
1985 1179 2116 1233 qua-

527 1234 777 1305 dragies”
803 1241 1010 1287 centum
1052 1233 1221 1305 millia
1265 1242 1314 1286 et
1350 1234 1622 1305 sexaginta
1668 1234 1789 1305 tria.
1836 1233 2115 1305 Firmatur

529 1303 694 1361 etiam
726 1304 815 1359 illa
848 1305 1009 1360 lectio
1037 1303 1106 1360 65
1134 1319 1233 1374 pro
1258 1305 1329 1359 64
1370 1320 1398 1358 a
1426 1303 1706 1361 codicibus
1749 1304 1839 1372 L.,
1875 1303 1973 1370 M.,
2004 1306 2110 1364 Pi.:

529 1376 660 1447 quin
688 1376 850 1431 etiam
877 1392 947 1432 ex
976 1376 1093 1442 ipso
1134 1376 1330 1431 mendo
1373 1390 1481 1446 quo
1526 1385 1610 1431 est
1664 1388 1953 1445 corruptus
1984 1376 2118 1433 Fre-

531 1448 786 1519 culphus,
814 1448 906 1504 ubi
935 1463 1064 1503 xutt
1096 1448 1261 1502 millia
1293 1462 1393 1517 pro
1426 1463 1557 1502 Lxut
1590 1447 1787 1509 millia.
1833 1449 2051 1503 inverso
2082 1465 2115 1504 ι

531 1529 657 1576 ante
682 1534 736 1587 ι,
767 1519 1015 1589 legimus.
1044 1519 1283 1590 Ingenue
1302 1520 1476 1575 dicam
1499 1522 1552 1575 in
1576 1520 1632 1574 P.
1665 1519 1771 1590 legi
1790 1521 1858 1575 15
1882 1530 2114 1586 centena,

532 1589 606 1647 61
633 1591 827 1655 millia;
852 1601 905 1646 et
950 1591 1002 1646 in
1031 1590 1122 1658 V.,
1157 1589 1277 1657 Va.,
1323 1600 1378 1646 et
1404 1590 1526 1656 Fa.,
1559 1591 1695 1647 1264
1726 1592 1911 1646 millia.
1942 1592 2114 1660 Quoto

633 1606 827 1655 mima;
852 1606 905 1646 et
950 1607 1002 1646 tn
1038 1606 1122 1658 v.,
1163 1606 1277 1657 va.,
1323 1606 1378 1646 et
1404 1606 1526 1656 η..
1559 1606 1695 1647 suos
1726 1606 1911 1646 numa.
1942 1606 2118 1658 uneto

534 1664 755 1718 demum
781 1676 927 1717 anno
955 1663 1043 1717 hic
1062 1676 1261 1719 census
1280 1671 1433 1717 actus
1461 1662 1644 1724 fuerit,
1672 1663 1885 1717 variant
1910 1674 2119 1719 utcum-

532 1748 639 1805 que
667 1734 811 1787 libri.
834 1732 969 1789 Nam
993 1733 1078 1789 Vi.
1104 1743 1159 1789 et
1179 1733 1244 1789 0.
1279 1744 1564 1790 recensent
1582 1735 1649 1788 ad
1678 1752 1769 1790 an.
1797 1734 1864 1790 M
1885 1733 2120 1806 Augusti

534 1816 591 1859 et
616 1805 652 1859 ‘5
679 1806 883 1859 olvmn.
937 1806 1062 1859 187.
1110 1806 1251 1859 ldac.
1301 1807 1370 1859 ad
1416 1822 1506 1859 an.
1551 1805 1643 1859 25-
1675 1807 1759 1859 Pi.
1799 1816 1855 1859 et
1884 1821 2024 1859 unus
2051 1823 2120 1859 ex

534 1816 591 1864 et
616 1816 652 1859 ὖ
679 1816 883 1876 otymp.

538 1891 673 1933 mss.
706 1876 838 1932 Fab.
885 1879 953 1933 ad
980 1893 1071 1933 an.
1105 1876 1201 1943 15;
1236 1878 1359 1944 Lo.,
1400 1878 1562 1945 Fux.,
1596 1878 1715 1944 Fa.,
1750 1879 1926 1944 Peta.,
1959 1879 2119 1947 Man,

538 1961 595 2005 et
621 1949 820 2022 vulgati
844 1948 911 2005 ad
932 1949 1123 2022 ξιιμ-16
1148 1950 1401 2021 Augusti,
1432 1965 1529 2005 seu
1558 1951 1581 2005 1
1608 1952 1811 2022 olymp.
1850 1952 1973 2019 188,
2004 1952 2124 2021 qui-

537 2022 641 2078 bus
671 2021 986 2077 conformes
1013 2019 1158 2077 Fasti
1187 2019 1457 2081 Onuobrii
1509 2030 1566 2076 et
1601 2019 1719 2089 ipse
1749 2019 2125 2091 antiquus'la-

535 2094 640 2164 pis,
676 2092 745 2149 de
766 2108 873 2164 quo
898 2092 1164 2149 Gruterus
1192 2110 1246 2163 p.
1275 2092 1400 2158 250,
1444 2095 1536 2165 qui
1579 2101 1762 2149 tamen
1811 2095 1965 2149 illum
1996 2110 2127 2151 cen-

535 2180 658 2221 sum
680 2165 850 2221 relert
870 2181 976 2223 non
993 2167 1060 2223 ad
1079 2168 1422 2223 consulatum
1445 2183 1476 2220 v
1498 2165 1635 2235 Aug.
1661 2167 1865 2237 collega
1887 2166 2126 2238 Agrippa

537 2252 599 2302 ιι,
628 2247 686 2292 ut
705 2238 1060 2295 voluntFasti
1099 2239 1367 2307 Onuphrii
1410 2249 1533 2308 post
1559 2238 1786 2293 Dionem
1813 2243 1851 2294 Ι.
1884 2254 2001 2303 LIII,
2031 2238 2125 2294 sed

536 2308 608 2382 ad
629 2324 703 2382 vi,
733 2311 940 2381 collega
966 2311 1203 2381 Agrippa
1231 2327 1266 2366 ιι
1296 2312 1390 2382 (ιιι
1410 2311 1573 2366 etiam
1598 2309 1802 2364 habent
1830 2310 1973 2366 Fasti
1997 2309 2130 2365 Gol-

540 2378 691 2446 tzii),
723 2383 813 2452 qui
836 2378 899 2437 et
929 2382 985 2437 in
1018 2378 1267 2438 eumdem
1297 2378 1388 2436 an.
1424 2384 1449 2435 1
1487 2381 1695 2451 olymp.
1738 2382 1843 2437 188
1876 2383 2127 2449 incurrit,

542 2452 631 2506 cui
676 2454 930 2509 convenit
956 2453 1079 2521 Dio,
1107 2470 1228 2509 cum
1260 2452 1478 2508 disertis
1508 2452 1690 2507 verbis
1720 2460 1951 2508 testatur
1988 2453 2132 2510 hunc

541 2536 765 2580 censum
797 2535 974 2581 aetum
1000 2541 1091 2581 an.
1124 2526 1275 2581 urbis
1322 2523 1458 2589 7‘25,
1489 2527 1581 2595 qui
1620 2525 1901 2597 concurrit
1940 2524 2130 2597 (juxta

541 2602 820 2668 auctorem
847 2605 904 2651 et
931 2598 1191 2653 Catonem
1217 2612 1269 2651 τι.
1310 2598 1334 2652 1
1371 2598 1578 2668 olymp.
1604 2595 1669 2667 7)
1698 2611 1824 2651 cum
1866 2595 2012 2653 anno
2064 2597 2133 2655 16

545 2667 775 2741 Augusti
804 2676 860 2723 et
884 2684 974 2741 an.
1000 2672 1025 2723 1
1053 2671 1257 2741 olymp.
1292 2668 1416 2725 188.

618 2737 836 2810 (lbid.)
871 2737 1385 2796 Coloniw'deductaz.
1420 2738 1491 2797 Ut
1519 2739 1689 2796 ferme
1741 2739 1794 2794 in
1838 2742 2138 2811 superiori-

544 2805 649 2864 bus
675 2805 947 2866 dissident
976 2813 1192 2869 codices
1221 2814 1362 2868 inter
1391 2827 1451 2867 se
1480 2828 1589 2867 uno
1614 2826 1782 2879 anno,
1814 2805 1975 2867 sicin
2006 2814 2092 2869 his
2118 2833 2131 2868 :

546 2881 986 2956 nam_Fux.,9.,
1022 2883 1106 2956 Vi.
1127 2927 1144 2951 ,
1177 2897 1471 2955 aggregant
1499 2885 1617 2940 haec
1642 2884 1711 2938 ad
1743 2899 1833 2940 an.
1865 2884 1934 2939 I5
1957 2887 2139 2956 Augu-

541 2954 646 3080 st‘i;
677 2952 855 3081 Petra...
880 2953 1000 3025 Fa.,
1021 2955 1145 3027 Lo.,
1172 2952 1233 3014 ct
1254 2952 1391 3012 unus
1409 2972 1475 3011 ex
1497 2972 1629 3012 mss.
1662 2956 1787 3027 Fa.,
1811 2956 1891 3011 Pi.
1914 2966 1972 3013 et
1995 2952 2137 3025 elisi,

542 3038 573 3079 a
635 3040 725 3080 an.
830 3065 845 3081 .
2112 3074 2118 3081 ι

542 3030 610 3080 ad
635 3040 725 3080 an.
760 3030 845 3083 16.
2112 3074 2118 3085 ι

619 3096 830 3170 (Ibid.)
860 3098 1170 3157 Anaxilaus.
1196 3101 1486 3156 Anasialus
1517 3099 1578 3153 V.
1600 3116 1616 3166 ;
1642 3090 1913 3156 Anaxilius
1942 3099 2029 3166 L.,
2056 3099 2136 3156 Pi.

547 3167 865 3242 Athenaeus,
912 3171 963 3242 iu
993 3172 1325 3242 Dipnosoph.
1367 3173 1404 3227 l.
1450 3187 1544 3228 nv
1571 3188 1620 3226 c.
1648 3172 1744 3236 25,
1778 3171 1913 3227 citat
1953 3175 2142 3240 ’Δναξί-
2166 3173 2213 3237 C

545 3240 685 3316 λαωςΔ
712 3240 1075 3316 ὀρνιθοκόμος,
1123 3240 1442 3316 Anaﬁlaunt
1471 3246 1525 3297 in
1571 3244 1816 3311 Aviario;
1869 3242 2143 3316 interpres

547 3313 1014 3386 vertitAnazilan,
1040 3318 1287 3386 quamvis
1307 3315 1600 3371 Athenaeus
1620 3325 1909 3385 utrumque
1939 3313 2068 3371 citet
2090 3326 2147 3372 et

548 3383 813 3457 Anaxilan
849 3396 904 3440 et
924 3383 1262 3442 Anasilaum.
1296 3387 1377 3441 Ad
1410 3391 1526 3441 luce
1556 3395 1688 3442 sunt
1712 3388 1803 3457 qui
1824 3383 2011 3442 'velint
2042 3387 2142 3443 ista

549 3456 824 3529 pertinere
851 3458 918 3512 ad
938 3474 1030 3514 an.
1058 3459 1126 3515 15
1149 3457 1397 3529 Augusti,
1422 3467 1479 3512 ut
1496 3456 1655 3529 Fux.,
1680 3456 1863 3524 0.,Vi.
1884 3473 1899 3515 :
1922 3458 2143 3528 quidam

549 3540 681 3599 vero
709 3527 778 3581 ad
808 3544 900 3584 an.
934 3530 1021 3598 17,
1051 3542 1111 3586 ιιι
1132 3527 1312 3599 Pet:i.,
1342 3530 1460 3590 Fa.,
1489 3528 1612 3597 Lo.,
1643 3530 1723 3585 Pi.
1753 3539 1808 3586 et
1833 3527 1987 3585 editi.
2014 3530 2146 3586 Vtil-

550 3597 661 3665 gati
682 3602 902 3669 prepius
930 3597 1191 3658 acCedunt
1214 3597 1281 3657 ad
1313 3602 1685 3657 testimonium
1717 3602 1902 3657 Dionis
1931 3602 1970 3656 Ι.
1994 3618 2142 3665 χιιι.

552 3683 660 3750 quo
684 3672 869 3750 prodit
888 3675 1301 3750 astrologosaai
1320 3677 1439 3736 τοὺς
1457 3675 1673 3750 ςχόῃτσς,
1688 3683 1756 3750 et
1779 3688 1985 3750 magos,
2009 3676 2145 3750 urbe

552 3743 757 3807 eiectos
780 3743 847 3799 ab
871 3743 1307 3817 Agrippa'mdtle,
1332 3762 1424 3802 au.
1456 3743 1585 3802 Urb.
1608 3744 1737 3814 720,
1761 3745 1852 3817 qui
1879 3745 2070 3801 incidit
2091 3749 2142 3802 in

557 3825 645 3867 an.
691 3814 752 3869 11
784 3815 1034 3869 Augusti.
1090 3828 1093 3829 '

557 3825 645 3867 an.
691 3818 752 3869 11
784 3818 1034 3883 Augusti.
1090 3828 1093 3829 '

628 3883 679 3959 (l
688 3885 836 3962 bid.)
860 3887 940 3945 Μ.
965 3888 1230 3962 Terentius
1256 3889 1425 3945 Varro
1446 3889 1781 3961 philosophus
1801 3904 1962 3962 prepe
1981 3905 2145 3945 nona-

556 3959 796 4031 genarius
839 3961 1078 4018 moritur.
1122 3962 1179 4017 lu
1210 3963 1294 4016 his
1323 3959 1455 4017 libri
1475 3959 1865 4031 aliquantulum
1910 3962 2053 4017 inter
2084 3977 2146 4019 se

557 4029 872 4104 discordes:
898 4032 989 4086 alii
1016 4036 1318 4104 appinguut
1343 4049 1436 4089 an.
1466 4029 1812 4104 lSjAugusti,
1845 4032 2030 4099 utVi.,
2051 4032 2145 4098 0.;

558 4100 647 4173 alii
678 4102 887 4173 antl6,
913 4113 970 4157 ut
999 4100 1157 4173 res,
1190 4100 1369 4172 Peta.,
1399 4100 1914 4171 Fa.,-Lofetediti;
1937 4105 2026 4159 alii
2050 4121 2141 4161 an.

565 4171 652 4236 17,
692 4181 749 4225 ιιι
774 4172 856 4230 Pi.
897 4174 1089 4232 Nullus
1118 4171 1362 4233 veterum
1402 4176 1802 4240 dirimitlitem,
1837 4193 1959 4231 cum
1990 4178 2147 4232 istius

556 4242 740 4318 obitus
768 4247 936 4318 altum
966 4250 1038 4303 sit
1070 4248 1347 4303 silentium
1377 4248 1518 4318 apud
1546 4264 1639 4304 eos
1663 4267 1677 4302 :
1705 4248 1802 4304 sed
1826 4264 2002 4302 annus
2028 4248 2146 4317 ejus

559 4316 985 4392 tiatalis'positus
1014 4321 1156 4375 circa
1185 4337 1275 4375 an.
1302 4323 1328 4375 1
1360 4316 1566 4392 olymp.
1593 4321 1718 4392 166,
1752 4322 1932 4392 ﬁrmat
1960 4316 2147 4392 vulga-

560 4392 674 4461 tum
703 4386 887 4444 situm.
919 4391 1053 4446 Nam
1086 4392 1153 4447 16
1178 4407 1354 4446 annus
1386 4386 1616 4461 Augusd
1649 4402 1734 4447 est
1763 4389 2019 4446 Varronis
2050 4386 2139 4460 89,

559 4464 621 4510 ιιι
644 4457 713 4510 ita
737 4474 843 4534 non
874 4464 1014 4534 male
1042 4463 1368 4531 respondeat
1386 4457 1570 4518 verbis
1594 4463 1833 4518 auctoris
1860 4479 2021 4534 prope
2047 4457 2144 4517 ιιοέ-

555 4533 896 4626 nggenarins;
927 4532 983 4590 Si
1015 4546 1193 4626 tamen
1217 4535 1352 4626 velis
1376 4536 1746 4626 ecllocareuad
1772 4532 2147 4626 amittiung
2173 4564 2229 4626 Ι)

560 4600 656 4665 sti,
692 4618 798 4658 non
829 4605 1182 4662 adversabor.
1224 4606 1359 4662 Nam
1389 4607 1485 4662 ille
1513 4608 1616 4661 erit
1647 4605 1908 4661 Varronis
1937 4622 2029 4660 an.
2058 4600 2146 4663 ’90

560 4673 882 4746 decurrens.
918 4679 1053 4733 Hinc
1076 4689 1259 4734 autem
1292 4679 1589 4735 Varronem
1623 4679 1926 4732 nominavit
1965 4678 2146 4746 philo-

563 4745 818 4821 sophum,
852 4751 977 4821 quia
1007 4753 1201 4807 eodem
1233 4760 1477 4821 tempore
1504 4750 1651 4821 alius
1672 4761 1790 4805 erat
1828 4749 1898 4805 M.
1933 4745 2145 4805 Teren-

561 4819 669 4872 tius
697 4817 1105 4893 Varro'legatus
1132 4817 1361 4893 Augusti
1398 4833 1587 4878 contra
1627 4820 1812 4877 Gallos
1832 4836 1930 4875 seu
1960 4821 2145 4876 Salas-

560 4903 675 4957 sos,
700 4892 967 4949 utscribit
986 4894 1086 4950 Dio
1116 4896 1152 4950 l.
1181 4911 1297 4960 LIII,
1326 4905 1381 4950 et
1403 4896 1513 4950 alii.
1548 4893 1717 4948 Porro
1744 4892 1846 4948 iste
1869 4893 2014 4947 idem
2037 4904 2144 4961 est,

559 4962 651 5036 qui
682 4965 920 5021 restituit
942 4981 1113 5022 annos
1140 4967 1210 5022 ab
1244 4966 1408 5034 Urbe,
1438 4981 1544 5036 ope
1571 4964 1819 5020 Taruntii
1843 4963 2146 5020 mathema-

560 5034 795 5108 ticorum
819 5039 1274 5107 praestantissimi,
1302 5037 1371 5093 de
1400 5034 1511 5108 quo
1544 5051 1704 5107 supra
1736 5036 1996 5091 diximus.

632 5106 654 5178 (
672 5106 843 5181 lbid.)
872 5108 1058 5166 Thebis
1087 5106 1469 5182 Egypti,ete.
1504 5106 1713 5165 Exc’idii
1745 5108 1909 5182 hujus
1933 5118 2149 5182 tempus

568 5189 758 5253 notant
777 5196 1129 5249 concurrere,
1150 5181 1241 5238 alii
1263 5181 1480 5253 quidem
1507 5196 1629 5236 cum
1665 5197 1753 5235 an.
1790 5182 1859 5236 15
1886 5181 2146 5248 Augusti,

565 5258 624 5303 ut
655 5249 765 5317 Vi.,
787 5253 888 5319 0.;
915 5253 1006 5309 alii
1037 5269 1160 5310 cum
1190 5249 1405 5319 unfit},
1438 5267 1497 5307 ιιι
1520 5253 1644 5318 Lo.,
1674 5269 1835 5322 quem
1865 5252 2150 5306 imitantur

563 5323 797 5395 vulgati;
840 5325 930 5380 alii
957 5340 1079 5382 cum
1103 5342 1193 5380 an.
1232 5328 1317 5392 17,
1353 5338 1411 5380 ιιι
1447 5326 1608 5390 Fux.,
1652 5324 1833 5388 Peta.,
1874 5323 1992 5385 Fa.,
2024 5322 2106 5378 Pi.
2133 5363 2149 5388 ν

563 5392 700 5450 Mar.
737 5396 905 5466 Hujus
936 5397 1243 5454 eversionis
1275 5397 1423 5453 nulla
1455 5406 1542 5453 est
1569 5397 1831 5452 memoria
1872 5396 2012 5465 apud
2052 5408 2151 5450 ve-

571 5474 714 5521 teres
741 5470 1064 5537 scriptores.

637 5538 801 5607 (Ibid.
832 5536 964 5605 )7Ad
999 5540 1170 5595 solum
1201 5551 1381 5597 eruite.
1413 5542 1495 5596 Ad
1521 5540 1693 5596 solum
1726 5539 1916 5595 dirutae
1949 5539 2005 5592 in
2033 5536 2118 5592 Vi.
2140 5579 2155 5602 ,

562 5607 657 5733 εἴ
688 5610 778 5676 L.,
812 5611 924 5676 Pi.;
960 5612 1055 5667 sed
1083 5614 1314 5669 alterum
1344 5623 1429 5671 est
1461 5613 1776 5669 familiarius
1802 5610 1944 5681 apud
1973 5622 2159 5665 aucto-

630 5694 705 5733 111.
948 5714 951 5719 ·

630 5694 705 5733 III.

638 5714 851 5819 Eulbid.)
881 5714 1155 5806 cornelius
1188 5753 1387 5808 Gallus.
1424 5756 1480 5810 ln
1509 5755 1664 5810 Peta.
1693 5754 1877 5810 Sallns
1905 5767 2004 5822 pro
2033 5751 2163 5807 Gal-

563 5813 667 5878 lusi.
704 5813 966 5905 numquid
1006 5826 1350 5889 corruptius?
1384 5829 1532 5893 prius
1561 5826 1706 5879 enim
1741 5813 2159 5880 commendatur

937 1777 1078 1872 i's'r',’
1104 1777 1251 1861 ic'taTc'.
1279 1777 1649 1873 ἐἷςῖῖιῖιῗὲὲιῖ
1675 1777 1769 1863 βξ]
1799 1777 1861 1861 {ai
1884 1777 2120 1864 ἶῖιῖιῗέἓῖ
2150 1777 2198 1839 Β

2223 3668 2373 3725 .licet

2206 446 2553 516 Suetonium,
2578 446 2908 506 Strabonem
2937 446 2974 504 l.
2993 465 3127 515 xvtt,
3149 448 3475 520 Eutropium
3505 449 3548 504 l.
3563 462 3676 520 _vn,
3703 447 3820 520 Dio-

2208 536 2334 591 nem
2366 521 2400 576 l.
2455 537 2571 587 LIII,
2630 522 2759 577 licet
2806 523 2873 576 ab
2923 521 3032 577 illis
3080 516 3495 591 nonnumquam
3545 516 3819 574 Cornelius

2207 589 2419 657 Gallus,
2462 593 2600 647 alias
2638 591 2827 647 Gallus
2858 592 3133 648 Cornelius
3168 589 3489 663 usurpetur.
3537 591 3815 663 Ceterum

2209 675 2569 737 reposuerunt
2583 664 2649 719 ad
2678 681 2767 737 an.
2784 664 2866 737 ,17
2895 665 3135 737 Augusti
3154 660 3321 737 ng.,
3338 662 3647 737 Peta.,_Fa.
3660 704 3678 729 ,
3695 660 3814 729 Lo.,

2211 735 2346 790 Mar.
2380 743 2436 789 et
2464 736 2749 803 impressi;
2780 734 2928 791 atad
2955 734 3044 791 an.
3080 736 3169 800 18,
3201 735 3311 802 Pi.,
3345 734 3463 805 Vi.,
3497 735 3570 805 Ο.

2284 805 2499 878 (Ibid.)
2529 806 2731 861 Tralles
2759 816 3060 863 terrtemotu
3080 803 3456 863 consederunt.
3489 803 3818 861 Addidimns

2215 893 2403 933 vocem
2434 888 2597 940 motu,
2630 880 2757 948 quia
2785 880 2920 934 alias
2950 879 3132 934 nullus
3164 887 3287 934 erat
3312 893 3541 943 sensus,
3585 886 3646 931 et
3679 891 3814 948 pra:-

2213 959 2360 1005 terea
2390 950 2470 1005 sic
2499 947 2697 1015 legitur
2729 952 2781 1003 in
2812 950 2904 1013 L.,
2948 950 3113 1017 Fux.,
3158 949 3272 1019 Vi.,
3324 950 3419 1014 0.,
3450 953 3523 1006 A.
3544 992 3561 1015 ,
3600 948 3695 1003 V..
3737 947 3818 1013 P.,

2212 1019 2324 1087 AL,
2365 1020 2490 1088 Fa.,
2523 1022 2698 1089 Peta.,
2727 1021 2836 1088 Pi.,
2866 1021 3026 1087 Ven.,
3053 1022 3176 1077 Lut.
3210 1032 3268 1078 et
3306 1022 3438 1077 trib.
3468 1034 3614 1075 mss.
3651 1019 3809 1086 Fab.,

2215 1093 2317 1147 nisi
2348 1094 2493 1163 quod
2528 1094 2579 1148 in
2611 1093 2733 1148 Lut.
2768 1109 2865 1162 pro
2890 1094 3260 1160 consederunt,
3294 1093 3498 1165 legitur
3538 1091 3822 1146 contende-

2217 1175 2377 1230 runt;
2426 1165 2611 1219 forsan
2664 1165 2951 1231 legendum
2995 1166 3360 1227 conciderunt,
3392 1175 3456 1219 ut
3488 1178 3648 1231 smpe
3668 1173 3821 1219 antea

2215 1235 2357 1302 apud
2386 1245 2683 1291 auctorem.
2709 1236 3080 1292 Nihilominus
3102 1238 3379 1303 receptius
3407 1235 3771 1291 consederunt
3791 1249 3818 1288 ει

2216 1307 2384 1363 verbo
2403 1308 2652 1375 consido;
2681 1311 2782 1363 hac
2806 1308 2995 1365 eadem
3027 1310 3270 1374 notione,
3304 1323 3409 1377 qua
3433 1306 3587 1377 apud
3608 1303 3823 1360 Cicero-

2222 1393 2346 1433 nem
2389 1380 2626 1433 sumitur
2664 1380 2914 1435 oratione
2940 1381 3010 1437 de
3042 1380 3352 1436 Provinciis
3396 1377 3819 1438 Consularibus,

2219 1451 2308 1505 ubi
2331 1449 2398 1524 d_e
2425 1450 2652 1524 Alpibus
2672 1466 2837 1522 agens
2862 1470 2873 1503 :
2901 1469 3018 1522 qua:
3029 1455 3149 1524 jam
3172 1454 3291 1507 licet
3318 1451 3629 1524 considant.
3660 1448 3825 1524 Porro

2219 1535 2318 1646 pro
2346 1520 2566 1605 Trallis,
2596 1532 2659 1606 ut
2685 1520 2868 1606 antea,
2901 1520 3206 1607 repositum
3235 1532 3320 1578 est
3349 1520 3593 1587 Tralles,
3625 1536 3694 1575 es
3726 1520 3824 1575 ﬁde

2272 1609 2331 1646 t..
2365 1591 2467 1646 0.:
2501 1593 2585 1646 his
2613 1610 2818 1646 vicinus
2843 1603 2928 1646 est
2956 1595 3095 1646 Fux.
3128 1612 3182 1646 in
3208 1609 3317 1646 nuo
3348 1592 3533 1646 Tralle
3557 1601 3662 1646 ter.
3691 1601 3824 1645 sunt.

2272 1593 2331 1659 i.,
2365 1591 2467 1659 0.;
2501 1593 2585 1647 his
2613 1594 2818 1649 vicinus
2843 1603 2928 1649 est
2956 1595 3095 1650 Fux.
3127 1596 3182 1650 in
3208 1609 3317 1664 quo
3348 1592 3533 1647 Tralle
3557 1601 3662 1646 ter.
3691 1601 3826 1664 inet.

2221 1664 2487 1731 consedit;
2515 1676 2570 1721 et
2593 1666 2645 1720 in
2671 1665 2767 1720 Fa.
2806 1664 3023 1721 Trallus
3044 1676 3143 1724 ter.
3172 1662 3299 1721 met.
3323 1666 3694 1720 considerant.
3719 1662 3825 1718 Non

2223 1735 2522 1810 inliciaborA
2542 1747 2728 1810 tamen
2759 1738 2889 1810 quin
2924 1740 3144 1810 vulgata
3175 1736 3354 1808 possit
3382 1736 3643 1799 tolerari,
3674 1737 3824 1789 sicuti

2224 1806 2457 1880 dicimus
2490 1806 2699 1873 Sardis,
2728 1806 2787 1863 ut
2819 1806 3063 1880 pluribus
3114 1806 3313 1874 antea;
3353 1817 3721 1880 cave_tsn_ten
3765 1820 3825 1859 ne

2224 1878 2497 1948 impingas
2527 1880 2580 1933 in
2611 1877 2861 1936 errorem
2889 1881 3044 1935 illum
3079 1882 3331 1946 Mariani,
3364 1880 3462 1934 ubi
3501 1877 3695 1933 Valles
3733 1887 3828 1931 ter-

2224 1963 2446 2023 razmotu
2472 1950 2813 2023 consederunt
2835 1994 2850 2017 ,
2883 1967 2983 2023 pro
3015 1952 3242 2010 Tralles.

2302 2020 2509 2093 (lbid.)
2548 2020 2675 2076 Indi
2701 2023 2765 2077 ab
2792 2020 3047 2092 Augusto,
3080 2035 3188 2081 etc.
3224 2024 3495 2080 Adducor
3523 2033 3585 2076 ut
3616 2020 3826 2075 credam

2228 2092 2330 2166 ista
2358 2092 2633 2166 evenissei
2654 2109 2799 2166 anno
2830 2096 2897 2150 18
2928 2097 3178 2166 Augusti,
3207 2112 3335 2151 cum
3359 2096 3433 2150 ita
3466 2093 3695 2166 dictent
3730 2103 3825 2146 tam

2228 2163 2575 2236 chirographi
2597 2165 2718 2231 Fa.,
2751 2165 2911 2233 Fux.,
2933 2163 3060 2232 Loi,
3082 2168 3173 2234 0.,
3199 2167 3311 2233 Vi.,
3332 2166 3445 2233 Pi.,
3468 2165 3661 2227 Peta.,
3680 2177 3831 2236 quam

2230 2235 2524 2315 impressi;
2557 2239 2846 2315 nec__l_onge
2870 2240 3068 2315 absunt
3090 2238 3160 2293 ab
3187 2238 3258 2315 iis
3285 2254 3407 2310 qute
3435 2237 3627 2315 refert
3653 2235 3832 2315 )iiphi—

2231 2307 2373 2382 l_inus
2397 2323 2428 2363 e
2456 2307 2866 2382 Dionelibluu
2895 2307 3039 2366 circa
3070 2307 3416 2382 consulatum
3449 2308 3694 2382 Augusti
3721 2322 3770 2361 st
3791 2316 3832 2382 et

2232 2377 2445 2452 Pisonis
2473 2379 2597 2452 (qui
2629 2380 2681 2434 in
2726 2379 2906 2435 FaSIis
2952 2381 3218 2449 0nuphrii
3257 2377 3572 2452 annotatur
3617 2394 3775 2452 anno
3804 2378 3835 2431 ἒ

2233 2451 2443 2523 olymp.
2465 2451 2589 2517 189,
2624 2452 2712 2522 qui
2747 2453 2934 2507 incidit
2963 2454 3015 2507 in
3037 2454 3102 2508 21
3137 2451 3395 2523 Octavii),
3422 2452 3659 2507 scilicet
3689 2451 3837 2505 Indos

2234 2522 2586 2578 conﬁrmasse
2614 2524 2905 2579 amicitiam
2936 2540 3057 2579 cum
3091 2522 3367 2594 Augusto.
3400 2540 3535 2578 eum
3570 2524 3705 2595 ejus
3728 2536 3837 2593 gra-

2237 2595 2311 2649 tia
2343 2603 2493 2649 antea
2524 2595 2719 2667 legatos
2747 2595 2817 2650 ad
2865 2613 2980 2650 eum
3016 2597 3300 2651 misissent.
3352 2594 3621 2667 Orosius
3652 2595 3751 2649 lib.
3795 2608 3837 2644 τι

2236 2681 2358 2738 cap.
2387 2667 2453 2722 21
2484 2666 2770 2721 confirmat
2797 2668 3067 2738 vulgatum
3116 2669 3301 2730 situm,
3334 2670 3469 2722 dum
3517 2666 3604 2721 ait
3640 2679 3842 2736 pracc-

2238 2736 2401 2792 deute
2422 2753 2567 2793 anno
2605 2749 2731 2793 ante
2758 2736 3062 2795 Cantabros
3092 2739 3367 2806 devictos,
3397 2737 3683 2793 Caesarem
3711 2738 3839 2806 apud

2240 2807 2589 2883 Tarraconem
2637 2811 2893 2883 citerioris
2942 2810 3216 2883 Hispania:
3267 2809 3455 2883 legati
3488 2808 3763 2864 Indorum
3802 2819 3841 2861 rt

2242 2879 2579 2952 Scytharum,
2597 2892 2701 2935 toto
2714 2882 2834 2936 orbe
2848 2879 3174 2948 transmissa,
3188 2879 3399 2937 tandem
3415 2881 3494 2936 ibi
3518 2884 3839 2940 investes-unt.

2240 2950 2384 3026 ultra
2408 2954 2548 3025 quod
2566 2957 2683 3026 jam
2704 2970 2932 3026 qurerere
2955 2970 3060 3009 non
3088 2966 3320 3026 possent,
3348 2954 3779 3026 refuderuntque
3800 2954 3843 3004 is

2243 3021 2500 3099 Cwsarem
2523 3021 2809 3099 Alexandri
2839 3024 3025 3099 Magni
3063 3021 3309 3099 gloriam,
3342 3021 3451 3099 etc.
3494 3021 3845 3099 Hujus'lega-

2244 3096 2410 3152 tionis
2456 3097 2702 3152 meminit
2739 3095 3152 3152 Florus’libitv
3182 3112 3307 3166 cap.
3341 3098 3571 3152 ultimo.
3620 3096 3730 3152 Dio
3761 3095 3840 3149 lib.

2245 3184 2359 3230 LIV,
2390 3179 2462 3240 et
2490 3168 2684 3224 Strabo
2728 3167 2823 3223 lib.
2857 3185 2947 3235 xv,
2979 3184 3088 3224 non
3130 3168 3199 3225 de
3230 3169 3335 3226 hac
3365 3171 3487 3240 ipsa
3523 3169 3839 3239 loquuntur,

2244 3240 2339 3294 sed
2370 3239 2438 3296 de
2467 3240 2571 3294 alia
2613 3240 2935 3308 posteriore.
3116 3256 3121 3265 ·

2317 3311 2483 3383 (Ibid.
2502 3312 2520 3381 )
2543 3310 3060 3383 Messalaicorvinus,
3085 3320 3196 3367 etc.
3218 3309 3568 3383 Comparant
3587 3310 3843 3383 [mecum

2242 3397 2387 3437 anno
2412 3384 2477 3439 18
2496 3383 2722 3453 Augusti
2750 3382 2912 3448 ΡΜ..
2944 3384 3117 3446 Peta.,
3143 3383 3266 3447 Fa.,
3290 3383 3419 3448 Lo.,
3444 3382 3547 3447 0.,
3567 3382 3693 3445 VL,
3717 3382 3838 3438 Mar.

2242 3465 2301 3509 et
2328 3456 2542 3520 excusi;
2587 3454 2840 3511 dissentit
2864 3455 3013 3510 solus
3044 3455 3153 3521 Pi.,
3184 3454 3281 3523 qui
3319 3469 3443 3510 cum
3497 3470 3599 3510 an.
3654 3454 3748 3509 19.
3777 3453 3843 3507 Ex

2245 3524 2349 3582 hoc
2379 3528 2499 3582 loco
2532 3526 2807 3596 intelliges
2838 3525 3112 3592 Tacitum,
3147 3526 3276 3581 dum
3326 3527 3527 3581 scribit
3557 3526 3840 3580 Messalam

2244 3600 2489 3665 ejurasse
2519 3598 2900 3669 przelecturam
2928 3598 3078 3671 quasi
3107 3598 3339 3653 nescium
3388 3597 3711 3664 exercendi,
3752 3599 3843 3652 sci-

2245 3668 2373 3723 licet
2403 3670 2533 3723 quia
2560 3669 2641 3723 sic
2670 3668 2850 3723 tinxit.

2442 3670 2533 3724 uia
2560 3669 2641 3725 sic
2670 3669 2850 3724 tinxit.

2318 3687 2373 3724 et
2403 3687 2533 3740 quia
2560 3687 2641 3725 sne
2670 3687 2850 3724 unm.

2317 3740 2520 3813 (lliid.)
2552 3741 2812 3813 Augustus
2839 3740 3135 3796 Calabriam
3165 3749 3212 3796 et
3240 3739 3425 3796 Gallos
3449 3741 3749 3812 vectigales
3773 3743 3844 3809 fs-

2244 3812 2335 3867 cit.
2363 3812 2513 3869 Idem
2544 3812 2733 3867 omnes
2765 3813 3185 3873 membranacei,
3219 3823 3274 3868 et
3300 3813 3455 3883 editi,
3490 3823 3667 3883 atque
3691 3813 3841 3868 etiam

2245 3882 2417 3948 ldac.,
2459 3885 2625 3951 Man,
2663 3884 2816 3947 Fre.,
2861 3885 2992 3955 quin
3035 3895 3090 3939 et
3135 3883 3284 3955 Fasti
3314 3882 3539 3947 Graeci;
3576 3882 3663 3939 Sic
3710 3884 3841 3937 enim

2246 3956 2475 4021 habent,
2527 3965 2665 4010 teste
2715 3955 3063 4018 Casaubono,
3107 3954 3415 4028 Arii-grauate;
3450 3964 3667 4028 Καῖσαρ
3700 3956 3844 4010 καὶε-

2248 4029 2399 4107 ξρίαν
2421 4032 2505 4084 καὶ
2540 4028 2767 4107 Γαλάτας
2805 4028 3071 4107 ἰσοφόρους
3096 4026 3355 4107 fiscinam.
3400 4027 3555 4082 Idem
3602 4026 3844 4107 Fingamus

2246 4098 2477 4156 Graecus
2507 4098 2908 4170 metaphrastes'
2940 4098 3214 4170 Eutropii,
3267 4099 3357 4154 ubi
3401 4109 3595 4154 tamen
3632 4098 3845 4154 Ἐπιτο-

2246 4172 2368 4243 pius
2397 4171 2491 4225 lib.
2514 4187 2590 4226 vit
2614 4168 2778 4225 habet
2802 4168 3155 4225 Cantabriam.
3184 4170 3556 4243 Nihilominus
3580 4172 3845 4226 assentior

2247 4241 2617 4299 eruditissimo
2646 4243 2993 4307 tiasaubono,
3026 4244 3117 4309 qui
3153 4243 3205 4297 in
3258 4242 3353 4297 lib.
3385 4257 3426 4298 tt
3452 4241 3698 4298 Sueten.
3733 4258 3845 4309 pag.

2246 4313 2338 4381 85,
2373 4324 2523 4383 putat
2552 4314 2638 4369 bie
2682 4313 2974 4369 Eusebium
3023 4313 3423 4384 castigandum,
3456 4323 3515 4369 et
3565 4329 3672 4384 pro
3701 4312 3847 4370 Caluo

2248 4386 2726 4459 briamlegendum
2755 4385 3118 4459 Cantabriam,
3148 4401 3277 4459 cum.
3304 4393 3529 4459 constet
3553 4401 3625 4459 ex
3658 4385 3847 4459 Suetoo

2248 4459 2363 4523 nio,
2420 4456 2701 4527 Eutropio,
2736 4457 2961 4523 Velleio,
2996 4457 3191 4521 Dione,
3237 4456 3413 4514 Sesto
3443 4456 3620 4525 Rufo,
3654 4458 3840 4519 Floro.

2251 4539 2306 4584 et
2330 4529 2547 4597 Oresio,
2579 4529 2783 4585 bellum
2822 4530 3209 4584 Cantabricum
3241 4539 3372 4584 tunc
3420 4531 3701 4598 temporis
3724 4546 3846 4585 cou-

2255 4599 2453 4657 leetum
2508 4602 2707 4668 fuisse,
2738 4609 2796 4657 et
2814 4598 3116 4656 Cantabros
3170 4600 3433 4671 subactos
3463 4599 3536 4655 ab
3566 4602 3847 4671 Augusto:

2254 4673 2551 4743 quinetiam
2605 4672 2726 4743 ejus
2779 4672 2939 4745 ductu
2982 4673 3276 4745 uniuersam
3302 4670 3632 4743 Hispaniam
3666 4670 3851 4745 {cetera

2254 4745 2676 4812 stipendiariam,
2707 4754 2768 4799 ut
2793 4743 3038 4813 loquitur
3065 4744 3326 4811 Velleius,
3357 4751 3417 4798 et
3448 4745 3625 4813 ipSam
3650 4743 3849 4813 postre-

2255 4833 2391 4871 mam
2417 4813 2645 4871 omnium
2687 4816 3075 4888 provinciarum
3105 4815 3342 4888 auspicio
3371 4812 3608 4888 Augusti
3631 4812 3851 4888 Cessatis

2292 4890 2599 4943 erdomitam
2628 4885 2810 4957 fuisse,
2840 4888 2915 4941 ait
2942 4885 3129 4941 Livius
3150 4885 3249 4940 lib.
3282 4885 3481 4940 xxvnt.
3509 4887 3676 4942 Adde
3718 4886 3850 4957 quod

2292 4907 2599 4943 eraomuam
2628 4907 2810 4957 1111888,
2840 4907 2915 4941 IIII
2942 4907 3129 4941 LIVIUS
3150 4907 3249 4940 ιιυ.
3283 4907 3481 4940 XXVIII.
3509 4907 3676 4942 Λααε
3718 4907 3850 4954 quos

2254 4907 2526 5016 Eusebius.
2547 4961 2664 5030 ipse
2688 4960 2943 5030 circaan.
2971 4962 2994 5013 1
3026 4957 3354 5029 Olympiadis
3377 4957 3509 5030 199,
3537 4958 3705 5025 dicit,
3728 4956 3854 5013 Car

2260 5034 2392 5088 tabri
2420 5048 2503 5087 res
2549 5026 2706 5085 novas
2734 5029 3002 5084 molientes
3027 5026 3419 5101 opprimuntur.
3452 5026 3667 5101 Verum
3700 5030 3856 5085 libro-

2258 5121 2380 5161 rum
2427 5118 2731 5159 consensus
2774 5099 3069 5171 prohibuit
3098 5099 3391 5169 quominus
3424 5099 3635 5171 aliquid
3681 5111 3853 5156 muta-

2257 5193 2398 5233 rent.
2432 5177 2620 5244 Neque
2658 5183 2840 5231 tamen
2885 5173 3237 5244 consentiunt
3263 5172 3406 5228 inter
3446 5186 3510 5228 se
3549 5173 3782 5229 codices
3808 5175 3852 5225 in

2259 5263 2428 5304 anno.
2458 5243 2591 5302 Nam
2622 5247 2747 5314 Lo.,
2786 5244 2949 5311 Fux.,
2994 5243 3117 5309 Fa.,
3148 5244 3283 5314 Mar.
3310 5255 3368 5299 et
3401 5244 3663 5312 impressi
3705 5258 3853 5307 repo-

2259 5330 2397 5375 nunt
2424 5320 2490 5374 ad
2522 5335 2611 5373 an.
2643 5318 2709 5373 19
2733 5318 2978 5383 Augusti.
3009 5330 3105 5371 seu
3131 5313 3167 5367 4
3196 5316 3405 5386 olymp.
3441 5316 3584 5381 I88;
3613 5315 3730 5382 Pi.,
3753 5314 3851 5373 Vi.

2261 5392 2355 5458 0.,
2387 5392 2562 5458 Peta.,
2591 5392 2657 5445 ad
2688 5405 2783 5444 an.
2817 5388 2909 5442 20.
2951 5388 3047 5443 Dio
3074 5386 3169 5458 lib.
3201 5402 3293 5441 uu
3335 5386 3531 5442 scribit
3558 5388 3855 5443 Cantabros

2260 5475 2316 5521 et
2343 5457 2573 5519 Astures
2601 5477 2697 5532 per
2734 5460 3030 5532 Antistium
3057 5457 3254 5532 ducem
3285 5472 3383 5514 seu
3400 5459 3660 5532 legatqu

2261 5539 2362 5600 ris,
2387 5527 2634 5592 Salassos
2659 5542 2841 5588 autent
2864 5529 3097 5600 populos
3117 5527 3309 5585 Gallia:
3333 5527 3597 5587 Subactos
3617 5540 3678 5587 et
3699 5532 3857 5587 vecti-

2261 5608 2414 5679 gales
2457 5606 2701 5679 redditos
2730 5599 3165 5679 per_Vai'ronem
3201 5599 3443 5679 alterum
3473 5604 3739 5679 ejusdem
3772 5605 3857 5658 du—

2262 5671 2406 5745 cem,
2437 5692 2580 5732 anno
2611 5671 2774 5733 Urbis
2806 5672 2932 5741 729,
2955 5681 3012 5729 et
3040 5688 3174 5745 coss.
3221 5671 3466 5744 Augusto
3490 5671 3544 5729 ιί
3574 5686 3621 5729 et
3652 5675 3855 5730 Silane.

2264 5743 2402 5821 quos
2434 5749 2576 5804 Fasti
2608 5746 2870 5821 Ouuobrii
2892 5759 3028 5821 cum
3060 5743 3254 5821 eodem
3284 5758 3435 5821 anno
3464 5748 3500 5801 4
3522 5747 3738 5821 olymp.
3770 5747 3854 5801 {8!

2264 5814 2607 5891 comparant.
2671 5819 2735 5874 Et
2780 5817 3031 5873 similiter
3090 5814 3468 5873 Cassiodorus
3523 5814 3717 5874 scribit
3765 5821 3851 5874 huc
