3968 6376
1127 211 1162 240 κ

119 334 227 394 995

1046 334 1164 391 AB.
1204 330 1500 390 PONTACI
1536 329 2084 392 CASTIGATIONES
2119 333 2208 392 ET
2247 333 2476 392 NOTAE.

3299 341 3405 397 99-1

123 460 299 540 ipsum
328 459 624 540 contigisse
663 472 808 540 anno
841 459 909 515 19
943 459 1214 540 Augusti;
1234 458 1347 540 l-_loc
1385 459 1598 540 bellum
1619 458 1719 516 de-
1743 463 1796 526 Α
1823 469 2070 540 curreret
2095 457 2416 540 (secundum
2441 457 2710 540 calculum
2733 456 2952 513 Catonis
2967 457 3404 540 aban.1olyrnp.

121 523 372 587 scribunt
421 523 649 587 0Fosius
680 531 775 585 lib.
814 547 867 584 v1
898 523 1141 600 capfﬁl,
1174 531 1425 601 Epitome
1463 530 1625 596 Livii,
1659 540 1714 586 et

123 602 325 660 Florus
354 605 450 659 lib.
482 620 534 659 1v
557 618 678 670 cap.
711 603 903 658 ultimo
933 621 947 656 :
979 602 1072 657 ubi
1117 605 1283 657 multa
1318 611 1446 657 sunt
1486 605 1715 658 nomina

124 678 343 743 propria
370 675 686 744 depravata,
719 690 842 744 quae
886 677 1094 746 poteris
1138 674 1434 730 emendare
1467 689 1534 730 ex
1579 674 1717 730 Sue-

128 749 296 812 tonio,
329 747 504 802 Plinio
525 756 580 802 et
600 747 889 801 Strabone.

200 818 372 890 (Ibid.
393 818 412 890 )
447 818 722 890 Munatius
746 815 1002 890 Plancus.
1029 815 1299 890 Munatius
1325 815 1553 890 Plautus
1588 817 1716 872 Vin-

124 887 284 946 ccn.:
319 887 402 944 Mi
429 889 656 944 Gnosius
688 887 935 944 Plautius
962 889 1125 955 Frc.;
1163 889 1258 944 sed
1319 889 1518 955 ubique
1562 905 1716 944 men-

123 963 276 1029 dum,
306 973 363 1017 ut
387 961 583 1016 docent
612 962 795 1016 caeteri
829 961 976 1026 libri,
1002 960 1322 1028 Suetonius,
1354 961 1598 1028 Tacitus,
1629 962 1718 1017 Ci-

121 1049 278 1100 cero,
325 1032 588 1090 Velleius.
629 1032 753 1095 Dio,
798 1031 1188 1101 Inscriptiones
1232 1031 1378 1102 apud
1423 1031 1715 1088 Gruterum

122 1120 251 1175 pag.
281 1104 406 1171 459,
442 1113 500 1160 et
528 1104 663 1175 alii:
692 1114 894 1174 quanta
925 1116 1102 1159 autem
1133 1105 1205 1159 sit
1236 1105 1469 1175 attinitas
1504 1105 1718 1175 littera-

126 1173 249 1232 rum
278 1186 333 1232 et
359 1173 772 1247 signiﬁcationis
794 1175 983 1230 harum
1010 1189 1202 1230 vocum
1225 1173 1456 1229 Plautus
1485 1186 1532 1229 et
1551 1174 1720 1230 Plan-

129 1265 246 1314 cus,
276 1251 434 1318 quasi
457 1256 747 1317 utrumque
769 1248 880 1301 sita
901 1247 1100 1316 pedum
1126 1247 1438 1312 latitudine;
1471 1247 1549 1302 sic
1573 1247 1720 1302 enim

124 1320 261 1375 dicti
281 1318 371 1390 qui
397 1334 562 1389 supra
587 1318 807 1373 modum
829 1320 1062 1390 pedibus
1085 1319 1259 1388 planis
1278 1327 1484 1388 essent,
1507 1328 1720 1386 sumpta

127 1393 450 1460 metaphora
475 1406 504 1444 a
535 1390 776 1456 tabellis,
807 1405 928 1460 qum
958 1390 1160 1459 planca:
1189 1391 1564 1460 appellantur;
1598 1391 1723 1446 vide

128 1462 439 1519 Turnebum
473 1462 565 1516 lib.
599 1478 633 1516 χ
661 1476 781 1530 cap.
807 1462 874 1518 19
899 1463 1198 1517 Adversar.
1222 1465 1512 1530 Upponunt
1537 1471 1722 1518 autem

130 1536 250 1590 haec
279 1536 358 1589 Pi.
403 1531 647 1605 quidem,
687 1531 755 1605 0.
801 1545 855 1588 et
879 1532 998 1605 VL,
1045 1548 1186 1588 anno
1221 1532 1292 1589 20
1338 1535 1613 1603 Augusti:
1668 1541 1724 1589 at

130 1606 298 1672 Fam,
332 1604 509 1668 Peta.,
537 1604 658 1670 Fa.,
686 1604 810 1673 Lo.,
839 1604 1000 1672 Mar.,
1033 1619 1175 1658 anno
1202 1605 1292 1670 19,
1324 1605 1522 1674 quibus
1548 1605 1726 1660 adhaz-

130 1690 258 1734 rent
284 1678 402 1733 libri
428 1677 703 1746 impressi.
727 1676 834 1732 Sed
858 1676 926 1746 de
947 1675 1167 1730 condito
1189 1691 1286 1743 per
1309 1691 1432 1731 eum
1458 1675 1724 1746 Lugduno

129 1765 281 1805 anno
321 1745 528 1820 olymp.
576 1747 704 1814 184,
738 1763 834 1802 seu
881 1745 1043 1803 Urbis
1089 1747 1213 1813 710,
1260 1763 1370 1818 quo
1423 1747 1642 1820 Hirtius
1677 1758 1724 1803 et

132 1821 318 1875 Pansa
342 1819 499 1876 erant
527 1819 805 1883 consules,
844 1829 898 1873 et
925 1834 1068 1873 anno
1103 1821 1386 1888 superiore
1411 1835 1572 1888 quam
1602 1819 1720 1873 Mu-

1825 532 1896 600 7)
1924 547 2045 587 cum
2073 547 2164 586 an.
2203 532 2267 586 17
2293 531 2522 601 Augusti
2554 547 2568 583 :
2597 532 2720 600 quia
2754 541 2930 601 tamen
2959 538 3170 584 constat
3195 546 3257 584 ex
3289 531 3408 599 ipso

1821 604 1991 658 Dione
2028 603 2126 658 lib.
2180 619 2287 670 LIV,
2344 600 2509 656 immo
2537 603 2697 657 etiam
2739 615 2804 655 ex
2845 600 3159 669 Capitolinis
3209 601 3405 657 tabulis

1820 673 2048 745 (quibus
2074 676 2342 745 proxime,
2371 674 2636 729 accedunt
2679 673 2992 745 Suetonius,
3024 672 3260 727 Velleius
3305 673 3396 727 lib.

1818 743 1884 809 it,
1912 762 2012 802 nec
2041 743 2266 801 dissidet
2307 744 2530 802 Tacitus
2561 745 2656 800 lib.
2685 760 2725 811 ι,
2761 743 2886 798 dum
2931 743 3020 798 hic
3061 745 3137 797 ait
3163 745 3400 816 Augusto

1820 819 2174 872 continuatam
2197 817 2522 871 tribunitiam
2548 825 2970 888 potestatemper
2994 824 3203 888 septem
3226 825 3283 871 et
3303 817 3403 870 tri-

1821 890 1964 958 ginta
1995 889 2230 960 annos),
2262 884 2562 958 Augustum
2604 903 2746 942 anno
2777 885 2910 942 Urb.
2942 886 3048 960 Δ721
3084 884 3400 943 dictaturam

1823 956 1880 1016 et
1905 956 2194 1018 censuram
2215 956 2532 1032 perpetuam
2560 960 2776 1032 penitus
2798 956 3067 1020 renuisse,
3089 965 3254 1032 atque
3276 973 3406 1032 con-

1823 1039 2030 1087 lentum
2061 1029 2230 1088 fuisse
2253 1029 2510 1102 perpetua
2536 1029 2812 1087 tribunitia
2838 1035 3107 1102 potestate
3128 1031 3176 1083 ei
3203 1029 3406 1102 oblata,

1821 1104 2055 1174 conjicio
2080 1104 2190 1158 duo
2219 1120 2232 1156 :
2257 1100 2499 1172 primum
2531 1117 2630 1172 pro
2659 1100 3144 1174 vocermonarchia,
3172 1115 3291 1174 qua;
3315 1100 3410 1154 ha-
3465 1139 3469 1143 .

1822 1171 1982 1230 betur
2009 1175 2113 1231 hoc
2141 1171 2285 1239 loco,
2311 1171 2592 1244 legenduim
2617 1189 2736 1229 esse
2760 1173 3054 1237 dictatura;
3084 1171 3406 1244 secundum,

1805 1245 1967 1302 hunc
1996 1241 2388 1318 paragraphum
2421 1247 2621 1302 rectius
2660 1245 2919 1318 collocari
2950 1245 3029 1318 ad
3056 1259 3147 1318 an.
3192 1241 3265 1297 20
3295 1246 3408 1318 Au-

1823 1315 2151 1388 gusti,‘quia‘
2175 1319 2332 1373 video
2363 1319 2514 1372 illum
2547 1332 2751 1372 annum
2790 1315 2951 1372 Urbis
2983 1315 3083 1388 7.51
3111 1316 3408 1370 secundum

1823 1385 1943 1444 illas
1968 1385 2180 1446 tabulas
2211 1390 2372 1454 (nam
2405 1389 2565 1443 Dioni
2596 1396 2683 1444 est
2703 1403 2880 1443 annus
2907 1385 3048 1454 752)
3079 1401 3413 1442 concurrere

1826 1459 1846 1531 (
1867 1462 2165 1517 secundum
2194 1459 2454 1516 Varronis
2477 1463 2913 1529 supputationem
2940 1459 3008 1531 ab
3035 1474 3124 1531 an.
3153 1460 3188 1514 ὅ
3205 1460 3411 1530 olymp.

1826 1528 1892 1602 6)
1923 1547 2044 1588 cum
2069 1533 2162 1588 illo
2191 1547 2281 1586 an.
2309 1532 2380 1586 20
2410 1528 2656 1602 Augusti,
2687 1547 2784 1585 seu
2814 1533 2881 1586 ab
2913 1528 3185 1602 Abraham
3216 1528 3375 1602 1995.

1901 1605 2060 1675 (555,
2097 1602 2202 1675 ιιι.)
2257 1601 2540 1668 Quintilius
2570 1602 2957 1667 Cremonensis,
3000 1613 3108 1657 etc.
3135 1601 3257 1675 Fa.,
3286 1601 3413 1669 Lo.,

1827 1673 1938 1730 tres
1963 1690 2095 1730 mss.
2122 1674 2254 1728 Fab.
2283 1685 2336 1729 et
2365 1689 2489 1729 cum
2514 1675 2623 1729 illis
2651 1675 2902 1744 impressi
2929 1675 3118 1729 volunt
3141 1673 3331 1729 isthaac
3361 1676 3414 1729 in

1827 1763 2027 1802 annum
2056 1748 2124 1802 10
2152 1746 2370 1817 Augusti
2405 1748 2717 1812 incurrere;
2765 1746 2860 1801 sed
2905 1745 3066 1814 Fux.,
3102 1745 3278 1811 Peta.,
3312 1747 3412 1816 0.,

1829 1817 1934 1883 Pi.,
1957 1817 2069 1885 VL,
2101 1818 2261 1880 Mar.,
2291 1817 2346 1872 in
2376 1833 2466 1871 an.
2495 1817 2585 1872 21.

342 1861 1441 1956 ”ἷὲεῖ.ἰιῖιίἒ”ἷ)ἴο”¹ἰῖἰ›’.”’ξιξ
1451 1861 1726 1946 tu.“
1753 1861 1802 1922 Β
1830 1861 1851 1872 ⁵
2097 1861 2710 1961 δ”Ᾰιιδιιξῖιίέ-δῃξῖέεηοε
2733 1890 2966 1944 libertate
2991 1890 3230 1959 privavit.
3255 1889 3414 1946 Plus.

129 1969 300 2021 etiam
328 1963 464 2034 apud
495 1963 830 2033 Ouuphrium
860 1962 1176 2016 Panvininm
1211 1963 1264 2034 in
1306 1963 1723 2034 commentariis

129 2037 202 2090 ad
230 2032 438 2106 Fastos,
469 2032 772 2090 anno'Urb.
796 2034 1059 2106 712,etin
1080 2033 1326 2106 Inscript.
1356 2032 1574 2089 Gruteri
1603 2050 1722 2103 pag.

128 2109 266 2177 439,
297 2103 451 2162 vetus
481 2107 791 2176 inscriptio,
823 2122 946 2177 quae
973 2104 1154 2161 adhuc
1180 2103 1385 2160 Caietae
1420 2106 1639 2171 visitur,
1670 2109 1725 2160 in

130 2175 547 2249 qna‘lilunatius
577 2175 778 2233 dieitur
810 2177 864 2231 in
901 2175 1073 2232 Gallia
1118 2177 1364 2232 colonias
1399 2177 1724 2247 Lugdunum

133 2261 196 2307 ct
218 2251 512 2305 Rauricam
554 2249 864 2304 deduxisse.

213 2322 422 2392 (lbid.)
455 2321 688 2376 Galliam
717 2319 1007 2376 Comatam.
1049 2321 1139 2375 Sic
1177 2319 1582 2376 emendavimus
1628 2335 1727 2390 pro

135 2393 373 2449 Galliam
404 2393 717 2457 Romanam,
741 2392 868 2446 utin
889 2393 1036 2456 Lut.,
1061 2393 1150 2455 Β..
1177 2392 1268 2457 H.,
1292 2392 1434 2457 Pet.,
1459 2392 1580 2459 Ba.,
1605 2393 1723 2458 So.,

107 2467 308 2530 Ἕως..
339 2464 490 2533 Lut.,
517 2463 685 2527 ldac.,
715 2464 864 2534 Fre.,
889 2465 1030 2534 quod
1054 2464 1414 2532 expunximus
1438 2463 1611 2519 secuti
1639 2466 1725 2531 L.,

132 2543 236 2604 A.,
265 2540 394 2604 Au.,
416 2538 516 2602 M.,
547 2535 639 2602 V.,
675 2536 784 2600 VL,
814 2533 1060 2601 θάνω,
1095 2535 1244 2599 Vat.,
1270 2535 1418 2602 Fre.,
1455 2535 1540 2600 P.,
1591 2535 1688 2591 Fa.
1711 2581 1725 2603 ,

135 2611 260 2675 AL,
289 2609 412 2676 Lo.,
443 2608 563 2673 Sa.,
588 2609 696 2674 Pi.,
723 2606 884 2672 Ven.,
912 2607 1084 2673 Peta.,
1120 2607 1279 2674 Mar.,
1305 2606 1445 2674 apud
1470 2621 1626 2674 quem
1653 2617 1731 2660 ta-

133 2697 270 2737 men
321 2679 635 2736 memineris
682 2678 1056 2748 castigandum
1109 2678 1424 2732 Commotam
1467 2694 1588 2731 cum
1637 2694 1730 2749 ge-

136 2754 295 2808 mino
322 2769 371 2807 m
401 2767 500 2822 pro
530 2751 824 2816 Comatam,
854 2761 909 2804 et
929 2752 1052 2818 quia
1084 2750 1608 2822 nusquamlegimus
1632 2751 1732 2805 ali-

137 2841 310 2896 quam
339 2819 548 2894 partem
575 2822 766 2896 Gallia:
796 2832 1044 2896 vocatam
1076 2820 1255 2896 fuisse
1274 2819 1497 2896 Galliam
1537 2820 1733 2896 Roma-

136 2892 304 2962 nam;
340 2892 518 2950 immo
547 2895 628 2948 vel
656 2892 934 2964 Togatam,
969 2893 1037 2946 de
1056 2908 1172 2964 qua
1193 2893 1259 2946 ad
1291 2892 1495 2962 olymp.
1526 2895 1651 2961 180,
1679 2904 1734 2950 et

136 2969 238 3023 illa
265 2961 349 3023 est
373 2966 647 3036 Cisalpina
688 2961 748 3020 in
770 2964 952 3028 Italia;
981 2963 1066 3036 vel
1096 2961 1383 3028 Comatam,
1414 2973 1470 3018 et
1497 2966 1612 3020 haec
1652 2977 1734 3020 est

136 3033 667 3108 Transalpina,'quo
695 3037 859 3091 etiam
891 3033 1110 3108 nomine
1141 3037 1513 3108 estappellata
1553 3040 1733 3092 omnis

138 3110 344 3177 Gallia,
364 3106 420 3165 ut
449 3110 699 3179 inquiunt
728 3107 870 3161 Plin.
901 3106 995 3160 lib.
1013 3122 1062 3179 iv
1083 3109 1323 3179 cap.717,
1357 3117 1410 3160 et
1435 3107 1570 3162 Mela
1601 3109 1732 3163 lib.i

137 3198 270 3251 cap.
286 3176 340 3247 ‘2;
363 3182 450 3236 vel
464 3176 629 3235 etiam
645 3177 984 3251 Brachatttm,
997 3176 1066 3233 de
1087 3193 1190 3247 qua
1203 3178 1338 3232 Mela
1353 3179 1445 3251 lib.
1464 3195 1523 3245 ιι,
1537 3180 1730 3251 Cicero

1827 1959 2002 2016 culum
2035 1959 2121 2016 hic
2146 1959 2265 2015 libri
2288 1959 2569 2028 differunt,
2593 1976 2753 2032 quam
2777 1961 2829 2016 in
2856 1961 3248 2032 superioribus.
3278 1961 3414 2018 Nam

1827 2032 1938 2104 VL,
1971 2033 2060 2100 0.,
2095 2041 2386 2104 opponunt
2423 2047 2514 2086 an.
2545 2035 2616 2090 20
2643 2035 2904 2104 Augusti;
2962 2033 3126 2102 Fux.,
3172 2033 3278 2099 Pi.,
3321 2050 3413 2088 an.

1825 2102 1928 2170 21;
1978 2104 2097 2163 Fa.,
2132 2103 2253 2170 Lo.,
2279 2105 2428 2168 Peta,
2458 2104 2589 2158 Mar.
2629 2114 2681 2160 et
2715 2102 2852 2172 cusi,
2877 2121 2967 2160 an.
2994 2104 3088 2170 22,
3135 2119 3230 2160 seu
3257 2121 3351 2161 an.
3384 2107 3418 2162 5

1828 2177 2032 2247 olymp.
2072 2177 2207 2242 189;
2248 2187 2302 2230 et
2335 2175 2388 2229 hi
2418 2175 2715 2232 similiores
2745 2177 2927 2240 Dioni,
2958 2177 3051 2246 qui
3077 2177 3173 2231 lib.
3206 2193 3292 2232 Ltv
3322 2194 3414 2233 re-

1829 2247 1936 2302 fert
1968 2248 2086 2302 hanc
2127 2248 2422 2317 contigisse
2449 2247 2667 2316 Apuleio
2701 2264 2753 2303 v1
2795 2259 2840 2302 et
2883 2248 3020 2304 Silio
3061 2265 3218 2315 coss.,
3243 2250 3332 2319 qui
3363 2250 3417 2304 in

1829 2319 2010 2374 Fastis
2044 2320 2310 2391 Ouuphrii
2349 2319 2537 2388 jacent
2565 2335 2632 2375 ex
2662 2321 2912 2391 Opposito
2940 2319 3074 2391 anni,
3099 2319 3259 2375 Urbis
3289 2321 3416 2387 755,

1833 2406 1925 2445 an.
1953 2394 1978 2446 1
2010 2390 2212 2463 olymp.
2240 2390 2364 2447 190.
2388 2391 2573 2460 Itaque
2603 2390 2907 2447 differentia
2937 2401 3017 2447 est
3047 2390 3276 2446 duorum
3322 2408 3420 2448 an-

1835 2478 2055 2518 norum.
2125 2463 2416 2534 Suetonius
2460 2473 2514 2517 et
2556 2463 2654 2517 Dio
2704 2473 2928 2518 narrant
2979 2477 3198 2534 causam
3258 2463 3420 2533 hujus

1832 2534 2101 2604 ademptae
2129 2532 2396 2589 libertatis
2420 2534 2491 2588 ob
2518 2537 2666 2590 cives
2693 2535 2968 2590 Romanos
2998 2532 3182 2603 tlagris
3211 2532 3416 2601 caesos;

1833 2607 1928 2661 sed
1971 2607 2217 2676 sequenti
2257 2623 2400 2660 anno
2431 2607 2740 2661 restitutam
2773 2615 3000 2662 testatur
3045 2608 3158 2674 ipse
3189 2605 3290 2661 Dio
3323 2608 3418 2663 lib.

1832 2694 1938 2732 Liv.
1971 2678 2108 2732 Exin
2138 2678 2335 2734 Strabo
2364 2676 2459 2731 lib.
2487 2693 2559 2732 χιι
2579 2679 2771 2734 aitsua
2795 2689 2973 2740 nitate,
2997 2678 3050 2732 id
3079 2687 3162 2733 est
3181 2689 3309 2735 ante
3326 2695 3419 2738 an.

1836 2748 1904 2804 12
1934 2750 2171 2819 imperii,
2204 2751 2503 2820 Cyzicenos
2529 2751 2699 2805 fuisse
2729 2750 2954 2805 liberos.

1906 2821 2075 2892 (Ibid.
2099 2821 2116 2891 )
2145 2819 2394 2892 Pylades.
2423 2819 2633 2874 Pliades
2648 2822 2739 2890 0.,
2766 2821 2885 2886 VL;
2919 2821 3132 2876 Pilades
3151 2821 3276 2889 Lo.,
3301 2822 3422 2890 Fa.,

1834 2893 1968 2948 Mar.
1999 2892 2104 2948 Sed
2133 2899 2350 2962 vulgata
2377 2893 2650 2947 stabilitur
2676 2908 2947 2949 consensu
2974 2894 3209 2949 aliorum
3251 2895 3425 2950 libro-

1835 2980 1954 3018 rum
1981 2976 2036 3019 et
2059 2967 2386 3020 auctoritate
2415 2965 2602 3018 Dionis
2631 2966 2722 3020 lib.
2757 2981 2863 3031 Liv,
2896 2965 3226 3021 Suetoniide
3251 2967 3426 3022 altero

1835 3036 2163 3108 Cytharazdo
2182 3045 2236 3090 et
2259 3035 2708 3108 Megalopolitano
2732 3037 2902 3092 multo
2928 3036 3253 3105 antiquiore.
3288 3037 3426 3093 Pau-

1837 3105 2020 3162 sanias
2046 3108 2143 3164 lib.
2178 3107 2211 3162 8
2246 3125 2258 3160 :
2286 3105 2421 3161 hanc
2448 3108 2782 3162 saltationem
2808 3109 3246 3179 pantomimorum
3273 3118 3430 3164 antea

1837 3197 1940 3233 non
1963 3179 2123 3250 fuisse
2140 3181 2398 3245 usitatam,
2422 3180 2510 3233 sed
2532 3180 2878 3233 introductam
2902 3189 2948 3234 et
2971 3183 3224 3235 inventam
3245 3181 3307 3235 ab
3322 3183 3430 3236 Au-

137 3244 291 3309 orat.
327 3244 422 3323 pro
450 3251 700 3316 Fonteio,
726 3251 860 3323 etjn
889 3244 1168 3323 Pisonem,
1189 3265 1309 3323 qua;
1340 3244 1730 3306 aliter’Narbo-
1757 3244 1803 3308 C
1833 3244 1999 3323 gusto,
2027 3261 2074 3305 et
2097 3244 2423 3323 tractatama
2447 3251 2647 3321 Pylade
2693 3261 2738 3304 et
2767 3250 3076 3323 Bacchylide
3109 3252 3226 3323 (seu
3251 3256 3431 3322 potius

139 3319 348 3391 esensis,
376 3333 436 3379 ut
461 3333 675 3379 constat
695 3338 758 3376 ex
787 3321 966 3376 Plinio
992 3330 1046 3374 et
1072 3319 1228 3375 Mela.
1255 3319 1467 3374 Comata
1490 3325 1571 3378 sic
1597 3324 1738 3380 dicta

136 3399 275 3462 fuit,
319 3395 464 3466 quod
506 3403 678 3467 gentes
707 3403 872 3448 essent
919 3393 1217 3467 intonsteet
1250 3391 1511 3460 capillum:
1550 3405 1739 3450 contra

143 3463 366 3524 morem
392 3463 783 3530 Romanorum,
812 3475 868 3518 ut
897 3465 972 3518 ait
997 3463 1135 3517 Plin.
1160 3464 1252 3518 lib.
1281 3479 1319 3517 ιι
1346 3467 1738 3534 cap.'5'l.Quod

141 3550 339 3594 autem
370 3541 455 3593 hic
484 3538 753 3593 Munatius
796 3539 998 3591 rexerit
1029 3545 1234 3604 partem
1261 3534 1446 3591 Calliae
1485 3538 1742 3593 Transal-

149 3612 326 3683 pinm,
360 3609 722 3683 testatur_Di_o_
751 3607 854 3683 lib_._
875 3623 1021 3683 ιιιινι.

224 3676 440 3751 (ιδιά.)
473 3680 551 3735 Μ.
584 3679 792 3735 Lollius
812 3678 1100 3746 Galatiam,
1133 3688 1240 3751 etc.
1274 3676 1398 3734 Hmc
1427 3689 1642 3750 sumpta
1669 3681 1745 3736 vi-

138 3750 352 3811 dentur
381 3756 449 3808 ad
471 3753 695 3808 verbum
741 3767 808 3807 ex
838 3751 1101 3820 Eutropio
1143 3750 1237 3805 lib.
1269 3764 1362 3804 vn.
1388 3753 1525 3806 Sunt
1553 3764 1738 3808 autem

137 3828 343 3899 plures
372 3824 551 3899 qui_ad
574 3840 662 3878 an.
684 3823 756 3899 19
786 3821 1013 3899 Augusti
1044 3831 1325 3899 revocent,
1345 3833 1429 3899 _ut_
1444 3823 1580 3899 Fux.
1603 3827 1747 3899 ,_Pe—

143 3892 259 3965 ia.,
293 3892 414 3963 Fa.,
459 3895 554 3951 Lo.
601 3905 656 3951 et
684 3892 957 3966 impressi,
989 3908 1148 3966 quam
1175 3893 1268 3962 qui
1294 3892 1362 3946 ad
1400 3893 1494 3960 20,
1531 3907 1587 3950 ut
1619 3897 1699 3951 Pi.
1729 3939 1744 3963 ,

146 3970 241 4024 VL
266 4009 281 4032 ,
315 3969 382 4023 Ο.
413 3977 470 4023 et
498 3977 608 4022 tres
637 3965 767 4021 mss.
822 3966 956 4022 Fab.
988 3965 1099 4019 Nec
1149 3967 1583 4020 contemnendus
1635 3969 1750 4023 vul-

141 4047 303 4113 garis
328 4040 484 4113 situs.
514 4039 662 4113 Idem
688 4038 932 4093 ﬁrmatur
953 4038 1274 4113 auctoritate
1292 4035 1482 4113 _l)ionis
1509 4038 1602 4113 lib.
1633 4056 1747 4105 Llll,

193 4114 249 4167 ui
287 4112 470 4177 tradit,
503 4112 735 4182 Amynta
779 4125 905 4180 rege
935 4119 1175 4182 mortuo,
1209 4107 1614 4182 Gallograeciam
1653 4127 1750 4166 seu

193 4130 249 4167 ιιι
287 4130 470 4177 trault,
503 4130 735 4182 amynta
779 4130 905 4180 rege
935 4130 1175 4172 mortuo,
1209 4130 1614 4176 uuuugrwcmtn
1653 4130 1750 4166 seu

141 4130 425 4240 galatiam
455 4182 727 4237 redactam
752 4182 805 4236 in
837 4180 1169 4250 provinciam
1195 4195 1328 4234 coss.
1357 4181 1590 4251 Augusto
1616 4199 1672 4237 ix
1704 4192 1752 4237 et

144 4254 369 4318 Silano,
399 4264 454 4309 et
477 4269 620 4308 anno
665 4251 826 4308 Urbis
860 4253 986 4306 7:28.
1030 4252 1142 4305 llos
1170 4253 1337 4316 enim,
1388 4255 1433 4306 si
1481 4255 1546 4308 ad
1580 4270 1754 4310 annos

149 4327 407 4395 Abrahae
435 4326 594 4390 1264,
617 4324 710 4395 qui
751 4323 987 4395 natalem
1020 4321 1182 4378 Urbis
1205 4323 1564 4395 (antecedunt,
1597 4326 1753 4380 addi—

150 4393 341 4463 deris,
373 4397 463 4452 liet
487 4393 664 4451 annus
694 4396 854 4464 1999.,
888 4393 980 4466 qui
1015 4393 1241 4448 incurrit
1270 4396 1324 4448 in
1347 4395 1507 4466 hunc
1553 4414 1753 4452 annum

149 4472 230 4526 19
261 4467 512 4539 Augusti.
548 4469 775 4537 Eutmp.
800 4465 1226 4539 lib.’vtt,_aitlll_.
1263 4465 1492 4521 Lollium
1525 4485 1757 4539 proprae-

146 4551 328 4595 torem
354 4537 470 4611 (sic
504 4539 976 4611 enimlegendum
1007 4537 1098 4611 alii
1127 4537 1313 4611 volunt
1349 4553 1460 4611 non
1490 4557 1585 4610 pro
1617 4537 1755 4607 pra:-

1842 3321 2127 3394 Bathyllo)
2159 3333 2386 3377 testatur
2408 3341 2420 3377 :
2439 3325 2642 3392 pariter
2665 3323 2860 3378 Suidas
2885 3321 2953 3377 in'
2971 3321 3200 3380 vocibus
3225 3321 3428 3386 Ἀθηνο-

1844 3392 2332 3474 δῶοοςξθιὸῥχησις
2361 3404 2416 3448 et
2437 3394 2874 3474 indicatETacitns
2898 3395 2990 3449 lib.
3017 3411 3035 3449 ι
3057 3397 3279 3474 Ann_al.,
3301 3399 3430 3474 dum

1843 3475 1954 3537 agit
1978 3469 2044 3522 de
2067 3465 2206 3520 [ridis
2235 3465 2603 3539 Augustalibus
2631 3477 2748 3520 tunc
2779 3468 3004 3539 primum
3036 3471 3232 3539 ereptis,
3265 3479 3314 3523 et
3349 3471 3433 3524 cui

1844 3539 2044 3592 ludicro
2067 3540 2356 3592 indulserat
2373 3538 2662 3610 Augustus,
2681 3537 2805 3592 dum
2826 3537 3434 3610 Mecwnati’obtemperat

1846 3611 2011 3679 e/fuso
2034 3612 2090 3662 in
2111 3625 2335 3663 amorem
2362 3608 2613 3679 Bathylli.

1921 3681 2117 3754 (lbid.)r
2140 3680 2655 3754 Cilingernianior
2685 3681 2873 3747 lectio,
2897 3696 3058 3754 quam
3077 3683 3210 3737 olim
3241 3682 3435 3754 Cylix;

1850 3751 1976 3808 nam
2006 3753 2189 3808 nullus
2222 3751 2474 3823 Cyliciam
2498 3753 2632 3806 dixit
2661 3768 2756 3821 per
2783 3771 2837 3823 y,
2870 3753 2965 3808 sed
2989 3751 3248 3816 Ciliciam,
3269 3751 3323 3810 et
3352 3755 3439 3810 inm

1848 3826 1996 3879 colas
2029 3822 2376 3878 Cilicesssic
2414 3839 2477 3877 ex
2509 3822 2798 3879 codicibus
2817 3824 2925 3890 Pi.,
2972 3823 3097 3893 Lo.,
3133 3826 3308 3893 Peta.,
3344 3826 3432 3894 L.,

1852 3897 2024 3951 tribus
2048 3911 2179 3950 mss.
2204 3895 2362 3957 Fab.,
2383 3895 2545 3959 Fux.,
2576 3895 2733 3963 Mar.,
2759 3897 2850 3965 qui
2882 3896 3079 3951 habent
3108 3895 3270 3961 Cilex,
3297 3900 3438 3954 unde

1851 3968 2183 4037 sumpsimus
2198 3967 2421 4038 primam
2441 3967 2727 4037 syllabam,
2743 3976 2799 4022 et
2819 3982 2880 4023 ex
2910 3969 3192 4037 impressis
3214 3970 3441 4024 retinui—

1853 4055 1973 4113 mus
2001 4040 2252 4093 alteram.
2278 4038 2410 4113 Nam
2452 4039 2506 4106 in
2541 4038 2628 4105 V.,
2653 4038 2741 4107 F.,
2771 4038 2858 4113 P._,
2894 4039 3050 4113 Mar.,
3081 4041 3308 4113 legimus
3337 4041 3440 4113 Cy-

1854 4112 1970 4166 lex:
1986 4121 2227 4166 nostram
2249 4111 2532 4165 leCIioneni
2553 4114 2801 4179 sequitur
2815 4110 3031 4177 Suidas,
3047 4113 3196 4177 Κίλιξ.
3215 4110 3441 4168 Verum-

1855 4193 2062 4249 tamen,
2091 4193 2148 4236 ut
2176 4181 2313 4236 infra
2339 4182 2841 4253 Oppianusdicitur
2863 4183 3020 4248 Cilix,
3057 4187 3139 4239 vel
3165 4186 3318 4253 juxta
3347 4201 3444 4240 an-

1856 4254 2060 4323 tiquam
2094 4254 2379 4326 lectionem
2403 4251 2772 4326 (Cilex,gidcm
2800 4251 3188 4326 dicendumrde
3218 4255 3440 4326 Pylade,

1856 4328 1996 4380 sicut
2025 4327 2191 4380 etiam
2223 4323 2557 4395 Chrysippus
2583 4325 2786 4379 dicitur
2816 4325 2975 4388 Cilix,
3003 4337 3058 4380 et
3099 4325 3170 4382 ita
3200 4323 3276 4382 de
3296 4323 3442 4384 aliis.

1858 4396 2028 4452 Porro
2062 4412 2166 4451 non
2195 4398 2298 4452 erit
2325 4396 2546 4452 dillicile
2569 4397 2865 4454 conciliare
2886 4397 3104 4453 codices
3125 4441 3140 4466 ,
3174 4415 3295 4454 cum
3323 4417 3443 4456 om-

1859 4484 1954 4523 nes
1971 4469 2037 4522 ad
2070 4485 2269 4523 annum
2299 4468 2372 4522 ‘2!
2400 4469 2626 4539 Augusti
2650 4470 2792 4523 hunc
2823 4471 3156 4526 versiculum
3185 4483 3442 4539 evocent;

1860 4557 1961 4595 nec
1991 4542 2060 4597 ab
2085 4540 2192 4594 illis
2213 4540 2470 4595 dissideat
2503 4542 2620 4594 Dio.

146 4623 167 4666 t
180 4618 308 4682 ore)
341 4607 576 4707 primum
609 4607 1020 4707 administrasse
1049 4607 1336 4666 Galatiam.
1379 4607 1525 4666 Idem
1557 4615 1759 4668 conlir-
1783 4645 1839 4707 Β
1913 4611 2119 4707 ,(ιὺιαλ)
2154 4611 2388 4707 Tiberius
2414 4611 2475 4707 alb
2507 4614 2739 4707 Augusto
2761 4613 2948 4707 missus
2977 4616 3242 4707 occupavit
3269 4617 3446 4700 Arma.

146 4693 319 4742 mant
345 4683 513 4738 [iuqu
538 4693 594 4754 et
623 4683 737 4738 alii.

235 4755 456 4828 (lbid.)
487 4752 952 4828 Augustuchum
997 4752 1043 4806 ei
1093 4753 1393 4828 monarcliia
1440 4755 1761 4825 deferretur,

150 4824 361 4882 renuit.
389 4826 528 4882 Sunt
551 4824 668 4881 haec
696 4828 748 4882 in
778 4824 900 4890 Fa.,
929 4825 1028 4897 L0.
1061 4837 1116 4880 et
1145 4827 1446 4897 impressis,
1477 4824 1543 4882 ad
1577 4846 1666 4883 an.
1697 4829 1764 4884 19

148 4900 428 4967 Augusti;
458 4899 510 4952 in
533 4898 702 4965 an.,
728 4897 817 4961 0.,
849 4899 955 4964 VL,
987 4896 1111 4962 Fa.,
1142 4896 1248 4963 PL,
1275 4897 1447 4953 tribus
1474 4915 1604 4956 mss.
1630 4900 1762 4955 Fab.

147 4984 216 5028 et
251 4971 390 5025 Mar.
413 5012 428 5038 ,
457 4969 520 5024 ad
549 4986 748 5024 annum
779 4968 871 5025 2t).
901 4969 1183 5037 Quodnam
1217 4967 1408 5024 horum
1437 4972 1626 5041 eligas,
1657 4989 1764 5027 non

151 5045 309 5099 adeo
338 5052 418 5097 est
453 5041 610 5097 facile
640 5052 882 5113 statuere
907 5057 923 5106 ;
956 5041 1658 5113 nec_quomodoAugustus
1683 5044 1766 5097 di-

149 5125 322 5170 catur
349 5114 582 5168 renuisse
623 5111 1006 5168 monarchiam.
1059 5109 1256 5166 Narrat
1289 5109 1508 5183 quidem
1539 5115 1637 5168 Dio
1668 5115 1763 5169 lib.

152 5201 288 5252 LIII,
319 5187 622 5256 Augustum
648 5187 703 5240 in
737 5200 838 5240 suo
863 5183 1150 5239 consulatu
1173 5199 1223 5238 νι
1251 5195 1305 5239 et
1328 5183 1491 5241 Urbis
1517 5186 1639 5251 7‘26,
1671 5185 1767 5239 ha-

153 5260 360 5316 bnisse
390 5257 691 5312 orationem
719 5257 786 5310 ad
830 5265 1100 5322 senatum,
1144 5272 1248 5324 qua
1293 5257 1446 5309 omne
1492 5259 1766 5324 imperium

153 5329 418 5399 deposuit
445 5345 462 5381 :
487 5329 697 5382 tandem
742 5327 924 5381 multis
976 5328 1290 5399 argumentis
1339 5328 1655 5397 adductum,
1708 5337 1762 5382 ut

159 5398 553 5473 principatum
576 5403 717 5454 solus
758 5400 1027 5473 obtineret,
1074 5398 1173 5451 hac
1201 5407 1311 5473 grte
1343 5399 1594 5473 effecisse,
1640 5410 1696 5473 ut
1733 5417 1766 5453 a

156 5468 362 5528 senatu
394 5471 688 5542 papuloque
733 5471 1150 5540 conﬁrmaretur.
1200 5468 1397 5542 Tamen
1428 5487 1525 5539 quo
1555 5472 1765 5541 longius

159 5541 502 5602 Romanos'a
533 5544 826 5614 suspicione
848 5543 1010 5614 regia:
1041 5541 1310 5610 potestatis
1347 5541 1445 5595 sibi
1489 5543 1763 5614 proposita:

160 5617 475 5686 abduceret,
513 5615 684 5668 divisit
712 5613 1250 5686 provincias‘interse
1269 5622 1316 5665 et
1336 5613 1649 5686 senatum’et
1673 5631 1768 5686 po-

163 5691 363 5760 pulum
398 5685 578 5760 liom_.,
610 5700 702 5738 nec
739 5685 960 5760 suscepit
1004 5683 1282 5760 imperium
1327 5685 1381 5736 in
1410 5683 1769 5760 suasprovirk

163 5753 310 5822 'cias,
362 5757 464 5810 nisi
504 5753 805 5820 decennale,
838 5753 933 5808 hoc
972 5753 1133 5808 etiam
1171 5758 1434 5826 jactanter
1481 5753 1681 5823 addito,
1724 5759 1769 5812 si

164 5830 400 5887 breviori
430 5830 598 5902 spatio
630 5837 800 5902 posset
824 5841 908 5880 eos
928 5827 1202 5902 subjicere,
1222 5841 1281 5880 eo
1308 5828 1459 5882 citius
1482 5830 1771 5902 seimperio

167 5903 517 5962 destiturum.
549 5897 663 5956 Hac
689 5897 902 5955 ratione
927 5897 1230 5969 repudiatio
1260 5901 1598 5959 monarcbiae
1629 5897 1771 5959 "con-

1867 4684 2033 4756 niam.
2056 4683 2556 4756 Ascribunturlncc
2581 4683 2632 4738 in
2657 4683 2818 4752 Fux.,
2843 4684 2964 4750 Fa.,
2991 4683 3164 4754 Peta.,
3189 4688 3313 4756 Lo.,
3339 4688 3446 4754 Pi.,

1866 4755 2036 4823 ldac.,
2070 4756 2228 4821 Mar.,
2257 4771 2399 4810 anno
2422 4754 2771 4827 237Augusti,
2799 4767 2857 4810 ut
2877 4767 2930 4811 et
2950 4759 3260 4827 impressis;
3292 4754 3447 4814 exce-

1867 4827 2004 4882 dunt
2033 4828 2131 4881 has
2162 4838 2336 4882 metas
2361 4828 2451 4892 0.,
2485 4825 2594 4891 VL,
2614 4825 2721 4896 qui
2750 4825 3042 4882 conferunt
3067 4844 3190 4883 cum
3233 4846 3321 4884 an.
3352 4829 3443 4884 24.

1869 4898 1967 4954 His
1993 4899 2271 4954 addendus
2304 4898 2402 4952 Dio
2432 4898 2530 4954 lib.
2558 4915 2666 4962 LIV,
2695 4900 2785 4968 qui
2807 4899 2926 4954 hmo
2965 4899 3138 4954 refert
3164 4900 3231 4955 ad
3253 4915 3450 4956 consu-

1872 4972 2038 5025 latum
2053 4971 2259 5042 Apuleii
2279 4979 2325 5024 et
2350 4969 2493 5038 Silii,
2519 4971 2633 5039 qui,
2664 4980 2722 5023 ιιι
2745 4970 2879 5035 dixi,
2906 4971 3062 5042 juxta
3081 4971 3272 5028 Fastos
3301 4973 3452 5028 Onu-

1870 5042 2034 5111 phrii,
2054 5041 2332 5097 cunl'ertur
2354 5057 2472 5095 cum
2499 5056 2589 5095 an.
2611 5047 2635 5096 1
2665 5042 2868 5110 olymp.
2898 5042 3021 5108 190,
3050 5041 3097 5096 is
3123 5057 3252 5099 vero
3273 5044 3451 5100 incur-

1870 5114 1942 5168 rit
1972 5113 2025 5167 in
2053 5129 2142 5166 an.
2166 5114 2236 5166 Ἡ
2258 5112 2502 5182 Augusti.

1943 5184 2461 5257 (lbid.)_Ati:atinus.
2497 5183 2688 5257 lllelius
2724 5183 2873 5254 juxta
2910 5183 2999 5257 I_._.,
3032 5184 3208 5253 Peta.,
3243 5187 3332 5250 0.,
3359 5185 3450 5254 V.,

1871 5254 1967 5322 M.,
1997 5255 2106 5325 VL,
2133 5255 2218 5323 P.,
2253 5255 2376 5322 Lo.,
2410 5255 2514 5327 Pi.,
2542 5254 2702 5320 Ven.,
2727 5257 2895 5327 Lut.,
2928 5255 3092 5323 Fux.,
3115 5273 3274 5327 quam
3301 5259 3456 5312 Atra-

1870 5329 2037 5392 cinus,
2070 5336 2130 5381 ut
2163 5329 2215 5380 in
2248 5327 2381 5382 edit.
2414 5326 2580 5381 Basil.
2610 5339 2667 5383 et
2714 5326 2882 5383 Sonn.
2910 5342 2925 5391 ;
2967 5329 3052 5383 vel
3086 5326 3373 5395 Atartanis,
3402 5338 3459 5385 ut

1870 5399 1923 5454 in
1954 5399 2081 5467 Fa.;
2120 5399 2206 5453 vel
2239 5399 2524 5466 Arruntius,
2557 5409 2616 5453 ut
2645 5399 2699 5453 in
2733 5397 2865 5452 Mar.
2901 5398 3036 5454 Nam
3068 5400 3293 5455 Atratini
3322 5418 3457 5457 con-

1871 5472 2002 5544 sulis
2028 5471 2278 5544 meminit
2300 5469 2513 5544 Diolib.
2540 5485 2686 5539 xux;
2713 5470 2843 5544 item
2867 5469 3041 5544 Fasti,
3073 5474 3167 5544 sed
3186 5475 3462 5544 prmcipue

1867 5542 2060 5598 Cicero
2092 5542 2248 5596 initio
2275 5542 2542 5598 orationis
2572 5557 2673 5612 pro
2701 5540 2887 5597 leio.
2918 5541 3051 5612 Ego,
3079 5540 3458 5612 inquitgAt'ra-

1871 5616 1980 5668 tino
2006 5613 2383 5688 humanissimo
2430 5624 2583 5685 atque
2623 5615 2814 5688 Optimo
2853 5613 3176 5671 adolescenti
3228 5619 3460 5688 ignosco,

1871 5696 2002 5753 ctc.,
2029 5688 2075 5740 si
2097 5686 2260 5740 voluit
2277 5701 2564 5752 accusare;
2591 5687 2770 5756 pietati
2799 5687 2988 5740 tribuo.
3011 5688 3164 5753 Quod
3182 5686 3374 5745 attinet
3397 5689 3464 5744 ad

1874 5757 2062 5830 situm,
2110 5767 2339 5830 evocant
2365 5758 2478 5830 ista
2508 5759 2578 5830 ad
2602 5774 2692 5812 an.
2725 5757 2801 5830 2‘;
2822 5761 3050 5830 Augusti
3087 5760 3175 5824 0.,
3219 5761 3326 5830 Pi.,
3351 5760 3462 5827 VL;

1875 5829 1944 5886 ad
1969 5845 2057 5884 an.
2082 5844 2212 5885 vero
2241 5829 2333 5892 25,
2364 5827 2524 5898 Fux.,
2555 5829 2736 5895 Peta.,
2761 5827 2886 5897 Fa.,
2913 5828 3012 5886 Lo.
3037 5840 3091 5886 et
3117 5833 3258 5888 cusi.

1950 5900 2136 5977 (lbid.)
2166 5899 2382 5959 Curtium
2399 5911 2751 5960 accusaverat.
2771 5901 2994 5961 Rectius
3023 5919 3147 5963 cum
3172 5905 3470 5980 diphthon~
